1960 3218
365 153 447 193 286
887 148 1036 193 ΤΙΤΙ
1076 148 1256 192 LIVII

156 248 201 280 U.
218 249 256 280 C.
280 241 519 297 562.apertis
552 240 728 283 navibus
762 241 949 283 remulco
982 241 1207 290 trahentes,
1235 240 1383 297 viginti
1414 239 1554 296 paullo
1586 238 1796 296 ampliuS4

155 292 195 322 A.
221 293 258 323 C.
285 302 293 322 ¹
302 299 549 354 90·integras
570 299 856 349 abscedentes,
875 315 897 340 e
921 299 1025 340 turri
1046 299 1279 355 praetoriae
1301 299 1430 347 navis,
1453 297 1620 339 silentio
1640 297 1763 346 facto,

368 356 650 412 ‘Exsurgite,’
682 357 833 413 inquit,
873 362 943 398 ‘et
978 357 1195 413 egregium
1235 355 1522 412 spectaculum
1563 354 1764 410 capessite

369 420 380 437 ‘
397 414 528 455 oculis
543 414 570 455 l’
633 414 949 456 Consurrexere
968 429 1125 463 omnes,
1142 413 1499 469 contemplatique
1522 412 1766 468 trepidatio-

367 487 466 513 nem
497 471 724 528 fugamque
757 472 954 521 hostium,
980 487 1111 528 prope
1133 487 1218 512 una
1238 487 1338 512 voce
1361 471 1647 512 exclamavere
1676 484 1766 510 om-

367 545 455 579 nes,
493 538 540 570 ut
575 538 863 585 sequerentur.
928 529 1064 585 Ipsius
1101 528 1283 569 Eudami
1318 528 1460 569 multis
1492 528 1643 569 ictibus
1675 526 1767 568 vul-

368 595 515 628 nerata
550 588 665 628 navis
701 595 801 628 erat.
865 586 1177 642 Pamphilidam
1209 596 1251 627 et
1278 586 1554 627 Chariclitum
1586 583 1766 640 insequi,

369 644 510 700 quoad
545 653 742 701 putarent
779 653 931 694 tutum,
969 644 1097 685 iussit.
1164 643 1443 699 Aliquamdiu
1478 643 1610 684 secuti
1644 650 1764 683 sunt:

368 711 591 758 postquam
615 711 747 743 terrae
771 702 1134 758 appropinquabat
1156 701 1385 750 Hannibal,
1408 701 1527 742 veriti
1554 716 1607 741 ne
1634 699 1769 740 inclu-

370 760 574 800 derentur
594 768 719 800 vento
742 760 785 799 in
808 759 991 800 hostium
1023 774 1106 808 ora,
1129 758 1182 799 ad
1211 758 1453 799 Eudamum
1474 758 1643 807 revecti,
1666 757 1799 813 hep-5

371 827 502 858 terem
531 828 709 873 captam,
741 832 848 872 quae
878 817 1014 872 primo
1043 831 1249 857 concursu
1276 816 1359 856 icta
1383 824 1484 866 erat,
1507 831 1629 871 aegre
1657 815 1770 855 Pha-

370 875 545 916 selidem
586 882 894 930 pertraxerunt.
959 873 1065 914 Inde
1104 873 1322 922 Rhodum,
1360 889 1446 914 non
1479 881 1564 914 tam
1597 872 1771 914 victoria

370 932 481 982 laeti,
506 947 632 988 quam
665 931 770 972 alius
802 931 929 972 alium
962 940 1217 980 accusantes,
1242 930 1370 986 quod,
1392 946 1523 986 quum
1552 930 1769 986 potuisset,

370 1005 456 1030 non
479 990 616 1031 omnis
641 990 856 1030 submersa
876 998 948 1030 aut
968 998 1090 1045 capta
1111 988 1250 1030 classis
1282 988 1464 1029 hostium
1492 988 1611 1037 foret,
1634 987 1772 1028 redie-

369 1055 480 1088 runt.
531 1047 760 1096 Hannibal,
784 1047 892 1088 ictus
913 1062 998 1087 uno
1021 1046 1180 1102 proelio
1201 1046 1387 1095 adverso,
1410 1061 1464 1087 ne
1488 1054 1577 1086 tum
1599 1044 1770 1101 quidem
1785 1050 1804 1083 6

370 1105 634 1161 praetervehi
657 1105 833 1162 Lyciam
857 1104 1052 1154 audebat,
1077 1119 1209 1160 quum
1240 1104 1441 1160 coniungi
1471 1102 1602 1144 veteri
1634 1102 1772 1158 regiae

370 1163 491 1204 classi
514 1178 641 1218 quam
673 1163 856 1218 primum
886 1170 1071 1218 cuperet.
1137 1161 1206 1210 Et,
1229 1161 1274 1202 id
1296 1177 1348 1202 ne
1371 1162 1411 1202 ei
1431 1160 1567 1202 facere
1593 1159 1773 1200 liberum

371 1229 493 1269 esset,
518 1220 679 1261 Rhodii
705 1219 986 1261 Chariclitum
1008 1234 1105 1260 cum
1126 1219 1275 1275 viginti
1297 1219 1473 1260 navibus
1504 1217 1689 1259 rostratis
1720 1216 1774 1257 ad

371 1277 525 1319 Patara
561 1286 603 1319 et
641 1277 857 1333 Megisten
897 1286 1066 1333 portum
1108 1276 1323 1318 miserunt.
1395 1276 1636 1317 Eudamum
1677 1289 1775 1316 cum

372 1344 534 1392 septem
565 1335 743 1376 navibus
775 1335 969 1376 maximis
1001 1350 1054 1376 ex
1085 1349 1135 1375 ea
1166 1334 1306 1384 classe,
1330 1333 1396 1375 cui
1425 1333 1675 1389 praefuerat,
1701 1331 1775 1373 Sa-

372 1408 490 1434 mum
519 1393 655 1434 redire
679 1393 732 1433 ad
756 1392 972 1433 Romanos
1003 1392 1240 1440 iusserunt3
1273 1400 1333 1441 ut,
1357 1399 1564 1446 quantum
1586 1389 1774 1438 consilio,

374 1460 583 1506 quantum
615 1450 862 1491 auctoritate
884 1449 1055 1499 valeret,
1078 1449 1350 1506 compelleret
1373 1448 1589 1490 Romanos
1619 1447 1673 1489 ad
1694 1446 1776 1488 Pa-

375 1518 465 1550 tara
485 1508 782 1564 oppugnanda.

228 1564 294 1603 25.
437 1566 638 1622 Magnam
661 1565 863 1607 laetitiam
887 1565 1091 1607 Romanis
1122 1565 1204 1606 iam
1233 1565 1348 1621 prius
1369 1564 1544 1606 nuntius
1564 1562 1776 1612 victoriae,

376 1623 532 1665 deinde
567 1623 770 1664 adventus
805 1623 945 1664 attulit
978 1623 1269 1664 Rhodiorum:
1311 1631 1354 1664 et
1386 1623 1625 1678 apparebat,
1658 1621 1691 1661 si
1729 1635 1780 1662 ea

377 1697 478 1722 cura
505 1681 686 1722 Rhodiis
717 1681 890 1737 dempta
920 1689 1040 1730 esset,
1070 1696 1222 1722 vacuos
1253 1696 1323 1722 eos
1355 1689 1446 1721 tuta
1476 1680 1565 1721 eius
1595 1677 1779 1734 regionis

377 1739 508 1780 maria
539 1747 831 1795 praestaturos.
898 1737 982 1779 Sed
1012 1739 1216 1794 profectio
1249 1737 1453 1779 Antiochi
1485 1738 1536 1778 ab
1565 1735 1812 1784 Sardibus,7

377 1812 431 1838 ne
458 1797 798 1853 opprimerentur
828 1796 953 1837 urbes
984 1796 1230 1845 maritimae,
1254 1794 1477 1836 abscedere
1500 1793 1690 1835 custodia
1711 1792 1780 1833 Io-

377 1855 472 1895 niae
495 1863 622 1910 atque
645 1853 838 1895 Aeolidis
860 1853 1087 1909 prohibuit.
1134 1852 1445 1909 Pamphilidam
1467 1867 1561 1892 cum
1581 1860 1781 1907 quattuor

377 1912 554 1953 navibus
584 1912 704 1953 tectis
736 1912 789 1952 ad
821 1926 913 1952 eam
935 1911 1121 1960 classem,
1145 1926 1252 1966 quae
1275 1911 1384 1951 circa
1405 1910 1557 1950 Patara
1578 1917 1679 1957 erat,
1702 1907 1780 1948 mi-

164 1979 348 2011 Antiochus
379 1979 535 2010 serunt.
610 1969 850 2010 Antiochus
885 1983 971 2009 non
1004 1968 1236 2009 civitatium
1273 1967 1412 2017 modo,
1451 1982 1558 2023 quae
1592 1966 1702 2007 circa
1737 1979 1780 2006 Se

164 2023 365 2095 lPrlqsiamad
379 2036 511 2077 erant,
544 2027 819 2068 contrahebat
853 2026 1083 2082 praesidia3
1119 2025 1193 2067 sed
1229 2025 1283 2066 ad
1314 2025 1518 2074 Prusiam,
1553 2022 1780 2080 Bithyniae

165 2075 316 2140 ggngffit·
379 2100 535 2141 regem,
569 2085 738 2125 miserat
765 2084 924 2140 legatos
949 2083 1188 2139 literasque,
1212 2083 1365 2139 quibus
1394 2082 1614 2124 transitum
1645 2081 1689 2122 in
1721 2080 1783 2121 A-

379 2142 482 2184 siam
505 2142 794 2183 Romanorum
818 2142 1084 2198 increpabat:
1117 2140 1301 2182 ‘Venire
1323 2155 1395 2181 eos
1415 2140 1468 2182 ad
1490 2139 1632 2181 omnia
1652 2152 1782 2194 regna

380 2200 607 2249 ‘tollenda,
642 2208 687 2240 ut
718 2199 883 2240 nullum
916 2214 1094 2255 usquam
1127 2198 1238 2239 orbis
1267 2206 1484 2247 terrarum,
1511 2196 1592 2237 nisi
1625 2195 1783 2236 Roma-

381 2263 392 2281 ‘
409 2273 524 2308 num,
553 2257 776 2313 imperium
808 2265 927 2298 esset.
991 2256 1239 2312 Philippum
1262 2265 1305 2297 et
1328 2255 1473 2296 Nabin
1494 2260 1780 2310 expugnat083

425 2411 443 2438 4
467 2400 617 2432 Remulco
633 2399 814 2437 trahentes]
831 2399 973 2438 cfiSupr.
984 2393 1059 2428 xxv.
1106 2400 1151 2427 set
1166 2397 1205 2427 ad
1221 2396 1437 2436 peragendum
1452 2394 1628 2432 inceptum.
1655 2390 1783 2421 Vitium

381 2450 432 2480 30.
1106 2440 1245 2469 residere
1278 2438 1402 2467 videtur
1438 2436 1471 2465 in
1504 2436 1598 2465 verbo
1635 2435 1783 2465 audebat.

425 2492 441 2522 5
467 2486 640 2523 Ilepterem
659 2508 666 2514 .
685 2508 691 2515 .
711 2508 718 2515 .
735 2508 741 2514 .
765 2495 848 2524 quae
868 2485 974 2523 primo
990 2493 1061 2513 con-
1107 2482 1168 2512 Sed
1187 2481 1255 2510 sine
1272 2480 1358 2509 libris
1377 2479 1457 2508 nihil
1475 2487 1639 2508 conamur.
1686 2476 1785 2506 Hanc

380 2537 477 2557 cursu
496 2529 558 2556 ieta
575 2526 662 2566 erat]
700 2526 761 2556 Vel
779 2527 876 2556 aliam
895 2526 1061 2564 hepterem
1106 2524 1202 2553 fuisse
1234 2522 1317 2552 Livii
1348 2525 1490 2551 mentem
1522 2520 1723 2556 arbitramur,
1749 2522 1785 2548 ut

380 2568 538 2607 intelligo,
556 2579 652 2607 quum
670 2579 752 2607 quae
769 2568 861 2598 initio
880 2567 991 2607 proelii
1009 2568 1061 2596 dc·
1107 2566 1227 2596 diecret
1245 2564 1478 2599 Hannibalem,
1496 2561 1641 2601 (planu-is
1663 2560 1785 2600 proelio

380 2621 484 2641 mersa
500 2611 637 2641 dicitur:
666 2612 714 2640 rel
733 2611 764 2639 in
791 2611 847 2639 illo
866 2610 969 2648 priore
992 2610 1064 2639 loco
1109 2609 1241 2638 adverso
1272 2607 1385 2641 ictum,
1416 2617 1456 2635 nc
1486 2609 1551 2635 tam
1587 2604 1785 2643 improspero

380 2655 522 2684 demersa
539 2653 617 2682 nihil
633 2654 721 2683 aliud
736 2652 807 2689 erit,
819 2663 916 2691 quam
934 2652 978 2681 ita
996 2662 1063 2690 pcr—
1109 2650 1238 2688 quidem
1257 2659 1402 2679 successu
1417 2647 1604 2678 deterritum
1618 2656 1697 2683 csse,
1709 2655 1786 2684 quo-

381 2696 496 2731 foratn,
520 2700 555 2725 ut
578 2706 695 2734 aquam
720 2695 893 2733 acciperet,
918 2698 949 2724 ct
974 2694 1064 2733 paul-
1110 2693 1216 2722 minus
1236 2692 1369 2731 Lyciam
1398 2689 1597 2730 praetervehi
1621 2688 1655 2718 in
1678 2688 1786 2718 animo

382 2738 449 2767 lum
467 2738 593 2767 siderct.
619 2739 725 2769 Omra.
1108 2735 1250 2764 haberet.
1276 2735 1382 2765 Cui-tv.

426 2779 445 2810 6
470 2782 644 2810 Hannibal
667 2803 673 2810 .
693 2804 699 2810 .
718 2803 725 2809 .
744 2803 750 2809 .
779 2789 818 2809 nc
844 2783 908 2809 tum
938 2780 1064 2817 quidem
1155 2785 1170 2816 7
1195 2778 1438 2814 l‘raestatmos]
1459 2775 1556 2805 Hanc
1574 2773 1708 2813 priscam
1726 2773 1786 2802 for-

380 2824 586 2862 pmetervelzi
601 2824 731 2861 ngscc'am.
748 2823 905 2859 audebat]
924 2821 997 2850 lloc
1011 2821 1063 2850 ab·
1109 2829 1195 2849 mam
1222 2830 1278 2858 pro
1297 2819 1380 2857 vulg.
1395 2819 1620 2858 praestituros,
1637 2815 1721 2854 quod
1739 2814 1786 2844 Si-

384 2865 515 2894 surdum
533 2868 580 2895 cst
594 2877 600 2895 :
628 2865 717 2904 quasi
737 2874 811 2893 vcro
824 2865 933 2894 clades
949 2873 1063 2901 acccp—
1107 2861 1221 2900 gouius
1238 2865 1434 2900 reposuerat,
1447 2858 1607 2890 revocavit
1620 2857 1784 2887 Drakenb.

383 2911 417 2937 ta
448 2907 572 2937 animos
601 2906 780 2938 Hannibali
806 2906 910 2936 fucere
938 2905 1063 2935 debuis-
1110 2905 1148 2934 cf.
1166 2914 1251 2943 supr.
1269 2904 1311 2936 ix.
1331 2913 1378 2940 24.
1404 2901 1512 2933 xxviii.
1533 2909 1580 2939 35.
