1960 3218
361 153 415 192 60
879 152 1027 195 ΤΙΤΙ
1069 150 1249 195 LIVII

154 252 197 284 U
215 253 252 284 C.
276 260 347 292 554
360 243 483 285 urbes
503 251 721 285 venerunt.
775 243 915 285 Venia
935 244 1085 285 iisdem
1106 244 1347 300 petentibus
1368 243 1501 286 datur.
1558 243 1754 286 Phaloria

151 296 191 326 A.
215 295 254 327 C·
279 296 370 336 Ι989
360 315 530 342 incensa
560 316 606 342 ac
632 301 796 357 direpta
820 310 893 342 est.
957 301 1063 342 Inde
1085 302 1317 366 Aeginium
1346 302 1464 358 petit.
1531 301 1672 367 Quem
1693 301 1754 343 lo-

359 373 455 399 cum
492 373 624 413 quum
656 359 724 399 vel
759 358 925 400 modico
961 358 1169 414 praesidio
1206 367 1343 400 tutum
1381 374 1427 400 ac
1467 373 1597 414 prope
1633 359 1754 399 inex-

359 415 628 472 pugnabilem
658 415 842 465 vidisset,
876 416 1020 472 paucis
1056 416 1100 456 in
1133 416 1353 457 stationem
1390 416 1625 472 proximam
1661 415 1754 457 telis

359 473 572 522 coniectis,
596 473 649 514 ad
674 473 967 529 Gomphorum
994 473 1209 529 regionem
1231 488 1382 529 agmen
1404 473 1551 514 vertit:
1586 473 1755 538 degres-

360 545 512 586 susque
544 530 589 570 in
621 545 790 585 campos
820 529 1073 579 Thessaliae,
1104 545 1235 585 quum
1268 531 1352 571 iam
1383 530 1525 571 omnia
1550 529 1755 571 exercitui

360 587 566 637 deessent,
583 587 682 643 quia
705 587 974 652 Epirotarum
997 596 1240 643 pepercerat
1261 587 1380 643 agris,
1403 587 1620 652 explorato
1641 595 1753 637 ante,

361 653 500 685 utrum
524 620 779 694 Leucadem,
803 660 856 685 an
884 645 1023 685 sinum
1052 645 1328 685 Ambracium
1357 644 1570 686 onerariae
1596 644 1755 686 tenuis-

359 710 466 751 sent,
503 701 805 743 frumentatum
842 701 1113 742 Ambraciam
1150 701 1194 742 in
1227 702 1362 743 vicem
1399 701 1591 743 cohortes
1626 701 1751 742 misit.

362 758 418 799 Et
454 768 516 800 est
548 759 627 800 iter
658 774 682 800 a
715 758 924 815 Gomphis
956 759 1239 808 Ambraciam,
1277 759 1384 800 sicut
1418 759 1670 815 impeditum
1706 773 1754 799 ac

360 815 542 865 difficile,
580 816 639 857 ita
678 816 811 872 spatio
851 815 1055 872 perbrevi.
1125 815 1241 857 Intra
1280 831 1435 872 paucos
1469 817 1613 872 itaque
1650 815 1753 865 dies,

361 873 605 914 transvectis
633 889 657 914 a
684 873 789 914 mari
817 873 1130 922 commeatibus,
1153 873 1312 928 repleta
1332 873 1447 914 omni
1473 888 1612 914 rerum
1633 873 1755 929 copia

150 942 252 972 Atrax
269 942 322 972 ob·
361 939 459 971 sunt
483 939 625 972 castra.
688 930 794 971 Inde
819 929 1018 970 Atracem
1050 938 1112 971 est
1143 930 1365 985 profectus.
1429 930 1591 972 Decem
1623 930 1786 977 serme9

146 994 241 1016 sessa.
361 987 491 1028 millia
520 988 571 1028 ab
603 987 769 1028 Larissa
798 987 936 1028 abest:
970 1002 1024 1028 ex
1052 986 1306 1028 Perrhaebia
1331 987 1498 1028 oriundi
1523 996 1642 1028 sunt:
1677 987 1755 1028 sita

360 1053 422 1085 est
452 1045 550 1085 urbs
581 1060 707 1100 super
727 1044 918 1085 Peneum
946 1059 1125 1085 amnem.
1190 1043 1312 1085 Nihil
1336 1044 1596 1100 trepidavere
1619 1044 1755 1085 Thes-

359 1101 432 1142 sali
474 1101 527 1142 ad
566 1102 749 1157 primum
791 1101 1018 1142 adventum
1056 1101 1357 1143 Romanorum.
1426 1101 1483 1143 Et
1515 1101 1751 1167 Philippus,

359 1159 467 1200 sicut
497 1159 541 1199 in
570 1159 830 1200 Thessaliam
861 1159 950 1215 ipse
978 1158 1175 1223 progredi
1203 1174 1289 1200 non
1321 1158 1513 1208 audebat,
1543 1159 1614 1209 ita,
1644 1159 1754 1200 intra

360 1216 523 1272 Tempe
552 1217 709 1258 stativis
739 1216 897 1272 positis,
925 1225 972 1257 ut
993 1216 1170 1272 quisque
1199 1216 1314 1257 locus
1343 1216 1394 1257 ab
1419 1216 1538 1257 hoste
1564 1216 1754 1258 tentaba-

360 1283 439 1323 tur,
462 1289 512 1329 pi
513 1274 669 1315 aeS1d1a
688 1289 764 1329 per
785 1273 1023 1314 occasiones
1044 1273 1342 1314 summittebat.

216 1335 279 1373 16.
420 1330 508 1372 Sub
536 1331 649 1372 idem
677 1331 762 1372 fere
792 1340 970 1386 tempus,
998 1345 1082 1386 quo
1111 1330 1257 1371 consul
1284 1330 1480 1372 adversus
1505 1331 1753 1387 Philippum

150 1391 185 1421 L·
199 1388 540 1444 Quinctiiprimum
572 1388 616 1429 in
649 1388 768 1444 Epiri
800 1388 989 1429 faucibus
1021 1387 1160 1443 posuit
1192 1396 1336 1437 castra,
1366 1397 1408 1428 et
1436 1388 1485 1429 L.
1510 1388 1751 1438 Quinctius,

148 1442 197 1463 res
210 1436 328 1472 gestae
358 1446 485 1486 fratel
514 1445 710 1495 consulis,
737 1445 804 1486 cui
836 1445 974 1486 classis
1007 1460 1106 1486 cura
1138 1445 1456 1501 maritimaeque
1491 1461 1585 1486 orae
1619 1445 1753 1502 impe-

359 1503 467 1543 rium
489 1503 734 1544 mandatum
761 1503 812 1544 ab
839 1510 987 1543 senatu
1008 1510 1108 1552 erat,
1131 1517 1227 1543 cum
1250 1502 1412 1543 duabus
1435 1503 1753 1559 quinquereml-

358 1561 436 1601 bus
461 1560 688 1617 Corcyram
712 1568 983 1609 transvectus,
1013 1568 1234 1615 postquam
1263 1560 1492 1616 plofectam
1520 1560 1620 1601 inde
1649 1559 1753 1601 clas-

356 1632 444 1658 sem
466 1618 638 1667 audivit,
661 1617 768 1658 nihil
790 1617 1039 1659 morandum
1062 1626 1186 1666 ratUS,
1210 1632 1341 1672 quum
1364 1617 1416 1658 ad
1441 1616 1648 1658 Zamam
1639 1632 1782 1659 lnSU-1

356 1674 438 1715 lam
475 1684 687 1716 assecutus
722 1684 842 1725 esset,
878 1675 1048 1716 dimisso
1076 1674 1126 1715 L.
1152 1675 1346 1730 Apustio,
1381 1675 1449 1716 cui
1485 1683 1751 1724 successerat,

357 1732 473 1773 tarde
504 1732 603 1773 inde
625 1732 678 1773 ad
700 1707 899 1782 Maleam,
922 1732 1137 1773 trahendis
1157 1731 1406 1787 plerumque
1429 1731 1615 1772 remulco
1636 1731 1784 1772 navi-2

356 1790 447 1839 bus,
478 1805 585 1845 quae
618 1805 714 1831 cum
744 1798 981 1831 commeatu
1008 1789 1303 1853 sequebantur,
1325 1789 1528 1845 pervenit.
1593 1788 1635 1829 A
1656 1787 1754 1829 Ma-

357 1846 461 1895 lea,
452 1847 571 1887 iussis
589 1847 750 1896 ceteris,
769 1855 975 1902 quantum
993 1846 1175 1887 maxime
1193 1855 1375 1901 possent,
1395 1854 1600 1887 maturare
1618 1846 1751 1910 sequi,

356 1903 444 1959 ipse
478 1904 608 1944 tribus
639 1904 1015 1960 quinqueremibus
1044 1903 1251 1959 expeditis
1272 1903 1493 1944 Piraeeum
1525 1903 1751 1959 praecepit,
1766 1916 1783 1946 3

357 1960 603 2016 accepitque
629 1976 755 2002 naves
783 1961 841 2002 ibi
866 1960 1030 2001 relictas
1054 1961 1105 2001 ab
1128 1960 1177 2001 L.
1197 1959 1377 2016 Apustio
1399 1960 1537 2016 legato
1559 1959 1612 2000 ad
1633 1975 1753 2016 prae-

146 2025 266 2074 Classis
283 2027 339 2056 At-
357 2017 510 2058 sidium
533 2018 811 2059 Athenarum.
876 2017 1038 2058 Eodem
1065 2030 1251 2073 tempore
1274 2017 1382 2058 duae
1403 2032 1456 2058 ex
1480 2016 1582 2058 Asia
1603 2016 1753 2058 classes

146 2069 344 2141 :iahetRhc
356 2074 579 2138 profectae,
610 2090 694 2116 una.
725 2090 821 2116 cum
850 2075 996 2116 Attalo
1027 2089 1148 2130 lege3
1182 2075 1275 2130 (eae
1301 2082 1514 2139 quattuor
1533 2083 1575 2115 et
1602 2074 1785 2130 viginti4

170 2120 282 2144 iorum.
357 2147 685 2187 quinqueremes
716 2131 855 2187 erant)
878 2131 1049 2172 Rhodia
1079 2131 1220 2180 altera,
1242 2131 1392 2187 viginti
1421 2131 1591 2172 navium
1624 2138 1754 2172 tecta-

356 2203 473 2229 rum:
509 2189 832 2244 Agesimbrotus
852 2197 1052 2244 praeerat.
1108 2188 1201 2229 Hae
1224 2189 1333 2229 circa
1355 2188 1551 2229 Andrum
1574 2187 1754 2229 insulam

355 2245 504 2286 classes
532 2246 782 2286 coniunctae
807 2246 1038 2294 Euboeam,
1066 2245 1164 2285 inde
1191 2245 1346 2301 exiguo
1377 2245 1602 2286 distantem
1631 2244 1752 2295 freto,

356 2302 621 2343 txaieeerunt.
694 2302 983 2358 Carystiorum
1019 2302 1202 2374 primum
1238 2316 1357 2357 agros
1392 2309 1631 2342 vastamnt:
1679 2301 1754 2342 de-

357 2358 469 2407 inde,
488 2359 560 2400 ubi
581 2359 797 2415 Carystus,
816 2358 1022 2414 praesidio
1039 2373 1063 2399 a
1082 2335 1289 2399 Chalcide
1308 2358 1459 2413 raptim
1477 2357 1615 2407 misso,
1634 2358 1754 2400 firma

399 2479 418 2508 ι)
441 2470 609 2508 Atracem]
638 2470 691 2500 Ita
707 2471 890 2501 emendavit
908 2470 1031 2501 (nrono—
1078 2479 1129 2508 30.

359 2511 427 2540 vius
451 2521 507 2549 pro
532 2512 617 2550 vulg.
641 2514 683 2542 ad
705 2514 859 2552 leyem.
898 2513 937 2543 cf.
959 2512 1031 2542 infr.
1120 2521 1137 2550 3
1156 2513 1329 2543 Piraeeum
1344 2513 1528 2551 praecepit]
1549 2513 1754 2543 Antecedens

357 2553 468 2583 xxxiii.
486 2563 514 2590 4.
552 2555 707 2592 Atrayem
724 2555 831 2584 scribit
848 2555 987 2585 Bekker.
1079 2555 1235 2593 reliquam
1267 2554 1413 2591 classem,
1439 2555 1606 2585 Piraeeum
1638 2554 1755 2585 tenuit.

405 2604 415 2624 1
442 2596 496 2624 Ad
515 2597 646 2625 Zamam
670 2598 826 2635 insulam]
869 2597 962 2627 IIaee
985 2596 1030 2626 in·
1078 2597 1183 2627 0111111.
1230 2598 1401 2627 Praecedit
1417 2597 1558 2636 reposuit
1576 2596 1716 2628 Bekker.

357 2637 428 2666 sula
458 2646 585 2676 prorsus
615 2638 784 2676 ignoratur.
831 2639 1032 2677 Zacynthum
1121 2650 1139 2676 4
1167 2640 1240 2670 Una
1257 2649 1326 2668 cum
1344 2640 1454 2668 Attalo
1470 2640 1559 2677 reye]
1582 2639 1687 2669 Docet
1701 2638 1753 2669 Li-

358 2679 494 2708 coniecit
522 2680 713 2710 Glareanus.
763 2681 911 2719 Sigonius
939 2684 1032 2719 putat
1080 2680 1147 2710 vius
1172 2680 1243 2709 infr.
1274 2688 1321 2718 27.
1350 2681 1544 2710 Antiochum
1576 2681 1753 2720 legatorum

357 2730 425 2750 esse
452 2730 535 2757 eam,
560 2732 643 2760 quae
667 2723 761 2761 vulgo
788 2723 905 2752 dicitur
928 2726 1033 2760 Same,
1080 2723 1299 2752 Romanorum
1325 2723 1515 2753 auctoritate
1539 2727 1676 2760 motum,
1694 2723 1753 2753 At-

357 2772 454 2801 quam
480 2763 624 2801 plerique
643 2765 778 2794 eandem
797 2775 864 2795 esse
881 2775 953 2795 eum
972 2765 1032 2795 Ce-
1078 2765 1135 2795 tali
1149 2764 1264 2794 finibus
1277 2765 1452 2796 exercitum
1466 2765 1645 2795 deduxisse.
1677 2765 1753 2796 Hoc

360 2804 524 2843 phallonia
543 2805 647 2835 insula
671 2816 737 2836 esse
761 2810 889 2845 putant,
908 2807 1033 2837 Plinius
1077 2807 1185 2846 itaque
1207 2811 1295 2836 metu
1320 2807 1399 2837 liber
1416 2807 1544 2837 Attalus
1568 2806 1673 2846 putuit
1696 2816 1753 2846 pro

359 2850 390 2876 et
406 2846 603 2885 Pomponius
621 2848 711 2878 Mela
726 2849 881 2879 diversam
900 2849 1030 2879 iaciunt.
1077 2859 1164 2879 more
1180 2850 1343 2880 Romanos
1358 2850 1466 2880 iuvare
1482 2850 1592 2881 classe.
1616 2849 1655 2880 cf.
1666 2858 1751 2888 supr.

404 2897 419 2917 2
443 2889 594 2920 Remulco
611 2891 763 2928 navibus]
791 2891 828 2921 cf.
847 2891 940 2930 Supr.
958 2902 1031 2922 xxv.
1078 2892 1106 2922 8.
1134 2892 1240 2922 Cnmv.
