1960 3218
527 156 654 199 LIB.
689 155 886 198 XXXII.
930 155 1077 198 (JAP.
1112 159 1179 197 32.
1505 159 1556 200 77

155 258 202 291 ut
223 248 420 290 Insubres
442 249 529 290 acie
551 249 694 298 victos,
719 247 858 297 Boios,
881 248 939 289 ita
967 255 1014 288 ut
1035 255 1196 288 tentare
1225 261 1343 302 spem
1364 246 1557 287 certami-
1571 256 1615 287 U.
1633 256 1671 287 C.
1693 264 1766 296 555·

155 308 220 348 nis
241 316 490 356 metuerent,
513 307 678 348 territos
707 306 879 354 audivit,
902 306 947 346 in
969 305 1173 346 ditionem
1195 304 1322 345 venit.

155 364 376 407 consulum
405 365 623 406 amborum
645 364 697 405 de
726 364 850 405 rebus
873 364 918 404 in
943 362 1082 404 Gallia
1106 377 1304 418 prospere
1330 362 1457 417 gestis
1478 363 1555 404 sub

123 440 140 461 2
155 423 268 464 idem
297 432 463 479 tempus
486 422 667 464 Romam
689 422 847 463 allatae.
911 420 974 462 M.
998 420 1167 477 Sergius
1189 430 1355 476 praetor
1375 420 1488 461 urbis
1510 420 1554 460 in

155 490 303 523 senatu
325 496 405 530 eas,
427 480 583 522 deinde
605 496 659 522 ex
681 480 928 521 auctoritate
950 479 1125 520 Patrum
1147 478 1200 519 ad
1225 477 1430 534 populum
1450 478 1556 518 reci-

123 549 141 579 3
157 540 268 581 tavit.
334 538 594 595 Supplicatio
616 539 659 579 in
689 537 961 595 quatriduum
983 537 1163 578 decreta.

214 597 365 638 Hiems
404 597 487 637 iam
524 612 574 638 eo
611 605 801 652 tempore
837 605 939 645 erat,
977 603 1030 644 et,
1067 610 1199 651 quum
1233 594 1284 635 T.
1312 593 1553 644 Quinctius,

155 664 277 712 capta
318 655 467 704 Elatia,
510 654 550 695 in
594 654 782 695 Phocide
829 669 876 695 ac
917 653 1099 694 Locride
1140 652 1316 693 hiberna
1355 651 1557 708 disposita

154 713 341 763 haberet,
382 712 556 769 Opunte
598 712 748 754 seditio
790 721 881 753 orta
916 720 989 752 est.
1053 710 1197 752 Factio
1237 725 1323 751 una
1364 709 1553 759 Aetolos,

155 772 231 828 qui
264 771 480 828 propiores
513 779 654 820 erant3
693 770 822 811 altera
855 769 1070 811 Romanos
1103 769 1347 810 arcessebat.
1411 767 1555 809 Aetoli

154 830 315 887 priores
346 838 575 870 venerunt:
620 828 694 870 sed
725 828 965 885 opulentior
993 827 1132 877 factio,
1166 826 1346 868 exclusis
1375 825 1553 875 Aetolis,

155 888 366 944 missoque
406 887 460 928 ad
509 887 803 943 imperatorem
846 886 1089 927 Romanum
1130 884 1294 934 nuntio,
1337 899 1469 940 usque
1510 884 1555 924 in

156 945 386 987 adventum
426 945 516 986 eius
562 945 698 986 tenuit
740 945 899 985 urbem.
984 943 1140 985 Arcem
1180 943 1343 999 regium
1385 942 1556 983 tenebat

123 1003 436 1060 4praesidium:
489 1018 643 1059 neque,
686 1012 734 1044 ut
781 1002 1087 1044 descenderent
1132 1001 1245 1050 inde,
1288 1012 1360 1042 aut
1405 1000 1556 1056 Opun-

157 1062 311 1103 tiorum
352 1061 488 1111 minis,
531 1071 604 1102 aut
654 1061 901 1102 auctoritate
952 1059 1196 1116 imperantis
1243 1057 1426 1100 consulis
1469 1057 1557 1099 Ro-

156 1120 283 1170 mani,
306 1119 482 1176 perpelli
509 1128 750 1175 potuerunt.
814 1118 950 1167 Mora,
974 1133 1049 1159 cur
1075 1133 1160 1159 non
1186 1116 1401 1172 extemplo
1422 1131 1557 1172 oppu-

155 1188 398 1235 gnarentur,
421 1193 470 1219 ea
489 1177 581 1226 fuit,
604 1176 719 1233 quod
741 1176 991 1218 caduceator
1018 1175 1069 1216 ab
1090 1190 1188 1232 rege
1209 1184 1393 1224 Venerat,
1416 1173 1556 1215 locum

157 1251 204 1277 ac
240 1245 405 1292 tempus
437 1245 586 1291 petens
622 1234 843 1290 colloquio.

125 1305 142 1336 5
157 1302 241 1335 est:
275 1309 361 1335 non
383 1294 488 1350 quin
513 1302 687 1350 cuperet
712 1292 941 1340 Quinctius
961 1307 1037 1348 per
1064 1307 1106 1332 se
1128 1291 1280 1348 partim
1302 1291 1438 1339 armis,
1462 1305 1553 1346 par-

1386 304 1554 346 Literae
1570 300 1609 331 A·
1634 300 1672 331 C·
1698 309 1767 340 197·

906 1233 959 1274 Id
988 1243 1155 1290 gravate
1191 1247 1436 1274 concessum
1467 1232 1555 1288 regi
1570 1243 1718 1281 Quinctii

1567 1288 1766 1326 colloquium

1570 1342 1643 1362 cum
1662 1331 1737 1361 Phi-

157 1352 234 1393 tim
256 1351 569 1393 conditionibus
597 1351 836 1392 confectum
857 1350 989 1391 videri
1018 1349 1200 1390 bellum:
1235 1349 1418 1390 necdum
1441 1363 1554 1389 enlm
1571 1375 1672 1415 lippo.

157 1410 326 1460 sciebat,
349 1419 491 1451 utrum
513 1424 725 1451 successor
752 1408 831 1449 sibi
853 1407 957 1449 alter
977 1423 1030 1448 ex
1052 1407 1171 1449 novis
1192 1407 1433 1448 consulibus
1461 1406 1558 1447 mit-

157 1476 339 1517 teretur3
373 1483 439 1518 an,
470 1467 598 1524 quod,
626 1482 789 1508 summa
816 1466 857 1506 vi
885 1475 932 1507 ut
959 1465 1196 1515 tenderent,
1226 1465 1370 1506 amicis
1395 1473 1437 1506 et
1462 1480 1559 1520 pro-

157 1526 328 1582 pinquis
349 1525 633 1575 mandaverat,
651 1524 876 1581 imperium
897 1533 1214 1580 prorogaretur:
1249 1532 1394 1580 aptum
1416 1532 1558 1564 autem

125 1584 244 1625 6fore
266 1583 523 1639 colloquium
545 1583 755 1632 credebat,
779 1591 826 1624 ut
854 1582 931 1623 sibi
953 1581 1131 1623 liberum
1154 1590 1274 1631 esset,
1297 1581 1364 1622 vel
1389 1581 1442 1622 ad
1469 1580 1559 1621 bel-

157 1641 246 1682 lum
277 1642 477 1692 manenti,
504 1641 570 1683 vel
602 1641 652 1682 ad
685 1655 833 1697 pacem
861 1639 1085 1681 decedenti
1113 1655 1200 1681 rem
1229 1639 1442 1680 inclinare.
1506 1637 1558 1678 In

157 1699 251 1741 sinu
275 1699 458 1741 Maliaco
479 1715 610 1756 prope
634 1698 839 1740 Nicaeam
860 1698 958 1739 litus
975 1697 1151 1754 elegere.
1217 1697 1282 1738 Eo
1303 1712 1377 1738 rex
1395 1697 1446 1737 ab
1469 1696 1559 1737 De-

158 1757 361 1798 metriade
391 1773 487 1799 cum
513 1758 702 1813 quinque
734 1756 881 1797 lembis
909 1764 952 1797 et
981 1771 1065 1796 una
1090 1771 1196 1796 nave
1224 1764 1400 1796 rostrata
1428 1754 1556 1795 venit.

128 1825 145 1858 7
160 1815 293 1857 Erant
315 1831 411 1856 cum
439 1831 489 1857 eo
514 1816 726 1871 principes
756 1813 1057 1864 Macedonum,
1081 1823 1124 1854 et
1149 1813 1418 1854 Achaeorum
1441 1812 1560 1853 exsul

157 1873 221 1914 vir
261 1873 436 1930 insignis
480 1873 716 1930 Cycliadas.
801 1872 913 1913 Cum
953 1872 1203 1928 imperatore
1248 1871 1444 1912 Romano
1484 1885 1559 1911 rex

159 1931 441 1989 Amynander
468 1941 568 1982 erat,
595 1940 638 1972 et
664 1929 985 1986 Dionysodorus
1013 1929 1146 1970 Attali
1174 1929 1348 1985 legatus,
1376 1937 1418 1970 et
1445 1928 1561 1984 Age-

158 1990 382 2032 simbrotus
403 1990 637 2046 praefectus
664 1988 858 2030 Rhodiae
880 1987 1032 2037 classis,
1055 1997 1097 2028 et
1122 1987 1342 2028 Phaeneas
1364 1987 1560 2042 princeps

205 2134 221 2155 2
245 2127 386 2157 Praetor
402 2125 506 2165 urbis]
543 2126 684 2156 Bekker.
706 2129 839 2165 praetor
883 2126 1005 2165 quium.

159 2170 317 2199 urbanus.
355 2169 443 2199 Libri
460 2169 569 2208 plures
581 2170 768 2208 praefectus
784 2178 838 2198 ur·
926 2166 946 2198 6
974 2170 1016 2200 Ut
1031 2168 1092 2198 sibi
1109 2168 1243 2198 liberum
1261 2170 1351 2203 esset,
1366 2166 1418 2196 rel
1437 2166 1480 2194 cul
1500 2165 1559 2195 bel-

159 2212 216 2242 bis.
262 2212 326 2242 Sed
352 2211 432 2242 haec
455 2211 590 2242 varietas
613 2216 690 2241 nata
713 2211 839 2241 videtur

161 2263 202 2284 ex
219 2254 412 2293 compendio
429 2254 588 2284 scribendi
601 2266 654 2294 pr.
670 2255 741 2284 urb.

204 2306 221 2336 3
246 2298 360 2328 Hiems
387 2299 450 2327 iam
478 2308 512 2328 eo
539 2302 679 2337 tempore
703 2301 785 2333 erat,
808 2301 838 2327 et

160 2341 276 2380 quum]
303 2341 396 2370 Haec
412 2341 505 2370 verba
520 2341 619 2371 hiems
635 2341 698 2370 iam
713 2350 748 2370 eo
764 2344 838 2370 tem-

157 2394 237 2423 pore
262 2388 332 2413 erat
357 2383 497 2414 Crevier.
525 2383 565 2413 ad
597 2384 694 2413 finem
724 2382 838 2421 capitis

162 2425 382 2465 praecedentis
409 2425 521 2463 reiicit,
548 2436 644 2465 quem
672 2430 837 2456 auctorem

160 2473 338 2508 sequuntur
362 2468 528 2499 Drakenb.
552 2473 584 2499 et
607 2468 747 2498 Bckker.
767 2478 836 2507 par-

161 2511 262 2541 ticula
281 2516 311 2542 et
333 2511 449 2542 deleta.
494 2513 544 2541 Eo
565 2516 674 2541 autem
699 2516 838 2550 tempore

161 2554 203 2583 ad
220 2553 328 2584 literas
343 2554 510 2584 consulum
528 2555 567 2584 de
584 2555 678 2584 rebus
692 2555 789 2593 gestis
805 2553 836 2583 in

163 2595 285 2632 Gallia,
302 2600 333 2626 et
353 2596 606 2636 supplicationes
624 2597 769 2627 decretas
791 2606 836 2627 re-

162 2638 234 2668 ferri
252 2644 360 2669 censet
376 2639 515 2670 Crevier.

207 2692 225 2718 4
242 2682 366 2721 Neque,
378 2686 413 2711 ut
428 2683 653 2713 descenderent
670 2683 759 2721 inde]
776 2684 838 2713 De-

163 2725 310 2755 cederent
327 2725 467 2763 reposuit
484 2725 625 2755 Bekker.

208 2775 225 2806 5
250 2768 327 2797 AYon
347 2768 427 2806 quin
442 2768 589 2807 cuperet]
616 2769 657 2797 Id
679 2779 742 2797 non
764 2779 839 2806 {yra-

164 2815 238 2840 vate
254 2834 260 2840 .
280 2833 287 2840 .
305 2833 311 2839 .
328 2820 425 2849 quum
448 2815 578 2849 cuperet
599 2811 837 2840 emendandum

166 2857 274 2882 censet
291 2852 433 2882 Gronov.
469 2853 532 2883 Sed
549 2853 711 2892 vulgatam
731 2853 840 2883 lectio-

166 2905 239 2925 nem
257 2895 301 2925 sic
318 2895 447 2925 evolvas
466 2906 529 2925 non
549 2897 629 2934 quin
645 2900 776 2935 cuperet
790 2919 797 2926 .
812 2920 818 2926 .
832 2920 839 2926 .

165 2938 220 2967 sed
244 2939 328 2977 qnod
351 2938 498 2969 credebat
522 2943 631 2976 aptum
653 2939 728 2976 fore
752 2939 840 2968 collo-

882 2209 965 2250 lum]
1006 2211 1054 2241 Ut
1074 2214 1179 2249 posset
1196 2209 1291 2239 facile
1308 2209 1358 2238 vel
1378 2209 1419 2238 ad
1436 2208 1559 2237 bellum

882 2263 949 2283 rem
970 2253 1136 2290 inclinare,
1152 2252 1177 2283 si
1194 2254 1337 2282 maneret
1354 2251 1423 2290 ipsc
1440 2250 1471 2280 in
1490 2260 1559 2290 pro-

884 2295 1004 2332 vincia3
1028 2297 1077 2326 vel
1093 2296 1133 2326 ad
1151 2305 1277 2335 pacem,
1293 2293 1318 2324 si
1334 2294 1489 2324 decedere
1506 2304 1559 2323 ne-

883 2349 969 2369 cesse
985 2340 1076 2370 foret.
1100 2340 1206 2370 (ἷκεν.

928 2389 944 2420 7
968 2383 1077 2412 Erant
1093 2393 1163 2412 cum
1179 2392 1214 2412 eo
1226 2381 1394 2420 principes
1410 2380 1559 2410 illacetlo-

881 2426 977 2463 num]
1008 2424 1092 2455 Tota
1108 2424 1203 2454 huius
1219 2422 1371 2461 colloquii
1388 2421 1526 2452 narratio
1543 2432 1560 2452 c

883 2467 1013 2507 Polybii
1030 2467 1105 2497 xvii.
1128 2477 1151 2497 1.
1177 2467 1348 2505 desumpta
1373 2470 1420 2495 est
1447 2469 1479 2494 et
1506 2475 1560 2494 ex-

882 2510 1009 2549 scripta.
1061 2510 1215 2541 Ceterum
1238 2509 1300 2538 hoc
1321 2509 1392 2538 loco
1412 2507 1561 2538 videntur

882 2553 1036 2583 excidisse
1053 2553 1185 2583 nomina
1200 2551 1395 2592 principum,
1411 2550 1465 2589 qui
1484 2550 1560 2579 l’lii-

882 2596 1009 2635 lippum
1034 2596 1282 2631 comitabantur,
1296 2594 1510 2632 Apollodorus
1530 2597 1560 2623 et

882 2639 1120 2675 Demosthenes,
1132 2638 1185 2668 hic
1201 2649 1220 2668 a.
1238 2636 1375 2676 Polybio
1392 2635 1560 2666 nominati.

885 2682 972 2711 Nam
1004 2682 1076 2711 infr.
1107 2689 1156 2719 35.
1187 2680 1241 2710 ubi
1275 2678 1433 2718 repetitur
1462 2679 1560 2708 collo-

884 2724 1007 2763 quium,
1025 2725 1095 2754 lfeiz’
1110 2723 1226 2754 dicitur
1246 2734 1317 2753 cum
1338 2723 1460 2751 ‘luobus
1483 2732 1560 2760 quos

883 2768 989 2807 pridie
1006 2768 1198 2797 adhibuerat
1212 2767 1246 2796 in
1262 2770 1379 2795 terram
1397 2775 1559 2803 eyressus:

885 2809 1001 2848 quibus
1018 2809 1120 2840 verbis
1142 2809 1221 2839 nihil
1239 2807 1314 2838 certi
1340 2818 1398 2837 nec
1420 2807 1497 2836 clari
1515 2806 1560 2835 in—

885 2852 1056 2888 dicaretur,
1081 2852 1140 2882 nisi
1166 2851 1252 2891 prius
1277 2851 1405 2880 illorum
1429 2848 1560 2879 nomina

885 2895 1034 2934 apposita
1050 2894 1192 2925 fuissent.
1218 2894 1324 2925 Cnev.
