1960 3218
593 151 719 194 LIB.
750 151 845 193 XL.
892 151 1037 194 CAP.
1073 157 1111 195 3.

161 241 338 284 deiecit:
371 242 502 284 forem
532 256 585 283 ex
615 237 906 291 aede'Lunae,
930 257 1037 298 quae
1062 242 1105 283 in
1135 243 1350 285 Aventino
1374 251 1448 293 est,
1474 259 1539 285 ra-

160 308 275 356 ptam
307 299 414 350 tulit,
440 308 483 341 et
513 299 557 340 in
588 299 756 356 posticis
785 299 971 355 partibus
1001 299 1167 341 Cereris
1202 301 1347 357 templi
1381 302 1534 343 affixit:

159 357 277 413 signa
300 358 379 399 alia
398 358 441 398 in
463 357 572 398 circo
593 357 776 398 maximo
796 372 892 398 cum
913 357 1129 408 columnis,
1152 359 1302 414 quibus
1332 368 1538 416 supersta-

129 415 273 465 2bant,
296 415 465 457 evertit:
497 414 659 471 fastigia
678 411 837 469 aliquot
860 414 1120 471 templorum,
1142 430 1167 456 a
1187 416 1438 459 culminibus
1466 418 1537 459 ab-

158 482 294 529 rupta,
310 472 430 514 foede
452 472 675 528 dissipavit.
737 471 884 528 Itaque
906 473 950 513 in
971 472 1207 529 prodigium
1225 489 1342 515 versa
1362 490 1411 516 ea
1432 484 1536 517 tem-

155 540 307 586 pestas,
329 530 622 586 procurarique
643 530 879 586 haruspices
899 530 1118 572 iusserunt.
1183 530 1316 572 Simul
1342 546 1537 588 procura-

158 597 249 628 tum
276 596 350 637 est,
379 587 493 644 quod
525 587 730 644 tripedem
763 587 922 629 mulum
955 588 1087 629 Reate
1120 596 1265 630 natum
1298 590 1535 631 nuntiatum

126 653 258 695 3erat,
290 654 332 686 et
361 660 386 686 a
416 645 603 695 Formiis,
636 645 782 687 aedem
813 645 1023 702 Apollinis
1053 661 1100 688 ac
1134 645 1305 688 Caietae
1336 647 1388 688 de
1419 648 1535 689 coelo

157 711 320 744 tactam.
385 702 453 745 Ob
475 718 524 745 ea
543 703 733 759 prodigia
751 703 899 759 viginti
923 703 1067 744 hostiis
1088 704 1312 746 maioribus
1333 705 1536 747 sacrifica-

158 768 246 802 tum
268 769 342 810 est,
363 769 404 802 et
425 760 537 802 diem
560 776 690 802 unum
711 761 958 818 supplicatio
978 761 1068 802 fuit.

214 818 296 860 Per
316 818 484 860 eosdem
500 818 589 860 dies
609 834 661 860 ex
682 818 811 860 literis
827 820 878 860 A.
891 819 1081 860 Terentii
1100 821 1376 876 propraetoris
1392 822 1535 878 cogni-

157 883 259 926 tum,
281 875 328 917 P.
348 875 643 932 Sempronium
664 876 708 917 in
729 876 922 918 ulteriore
950 877 1174 933 provincia,
1197 893 1326 934 quum
1348 879 1441 935 plus
1462 895 1535 920 an-

156 948 259 975 num
289 949 411 990 aeger
437 934 592 984 fuisset,
615 933 824 975 mortuum
846 949 944 976 esse.
1008 934 1072 976 Eo
1093 936 1294 977 maturius
1316 937 1358 977 in
1382 936 1536 994 Hispa-

155 991 267 1031 niam
287 1000 497 1047 praetores
517 992 616 1033 iussi
637 991 853 1048 proficisci.

212 1048 464 1105 Legationes
485 1049 780 1091 transmarinae
801 1050 955 1091 deinde
986 1050 1030 1091 in
1059 1060 1247 1093 senatum
1274 1052 1533 1095 introductae

123 1098 262 1171 {suna
324 1106 466 1148 Prima
487 1106 688 1148 Eumenis
709 1116 751 1148 et
771 1107 996 1149 Pharnacis
1023 1124 1182 1164 regum,
1205 1118 1248 1151 et
1269 1109 1532 1152 Rhodiorum

122 1164 421 1220 6querentium
451 1164 503 1205 de
537 1164 830 1221 Sinopensium
864 1165 992 1207 clade.
1055 1166 1241 1223 Philippi
1271 1183 1439 1225 quoque
1475 1169 1534 1210 le-

153 1221 252 1277 gati,
275 1230 317 1263 et
338 1221 616 1272 Achaeorum,
639 1232 681 1264 et
708 1223 1149 1274 Lacedaemoniorum,
1179 1225 1255 1265 sub
1286 1225 1398 1267 idem
1429 1235 1534 1267 tem-

153 1294 232 1335 pus
251 1289 468 1321 venerunt.
531 1279 599 1329 Iis,
622 1280 735 1336 prius
764 1280 926 1322 Marcio
951 1282 1105 1331 audito,
1129 1282 1201 1338 qui
1232 1282 1285 1323 ad
1315 1298 1379 1324 res
1403 1283 1535 1325 Grae-

124 1336 241 1384 7ciae
273 1336 633 1393 Macedoniaeque
670 1338 859 1379 visendas
895 1338 1042 1379 missus
1074 1350 1172 1389 erat,
1209 1355 1405 1396 responsa
1438 1342 1535 1383 data

154 1402 263 1435 sunt.
327 1394 452 1435 Asiae
478 1395 643 1451 regibus
664 1410 711 1436 ac
735 1395 914 1437 Rhodiis
944 1411 1185 1452 responsum
1207 1407 1281 1447 est,
1304 1397 1461 1454 legatos
1482 1399 1535 1440 ad

154 1466 223 1492 eas
252 1466 316 1492 res
337 1452 527 1493 visendas
547 1452 765 1494 missurum
788 1462 990 1495 senatum.
1054 1454 1121 1496 De
1143 1454 1341 1512 Philippo
1362 1465 1535 1498 auxerat

154 1523 295 1550 curam
321 1509 518 1551 Marcius.
581 1510 694 1551 Nam
725 1510 782 1551 ita
812 1511 953 1552 fecisse
985 1527 1094 1561 eum,
1118 1527 1223 1567 quae
1254 1515 1416 1555 senatui
1446 1514 1533 1571 pla-

155 1566 347 1616 cuissent,
368 1566 585 1617 fatebatur,
608 1576 654 1608 ut
683 1567 801 1609 facile
833 1577 1063 1624 appareret,
1096 1584 1180 1610 non
1209 1569 1378 1621 diutius,
1408 1587 1533 1628 quam

199 1728 215 1748 ἰ
239 1720 386 1758 Fasliyia
418 1721 540 1759 aliquot
571 1721 770 1759 templorum,
801 1731 821 1749 a
865 1720 996 1751 xxxviii.
1012 1719 1041 1751 6.
1065 1722 1171 1752 CREV.

154 1762 345 1792 culminibus
374 1762 530 1801 abrupta]
566 1762 742 1801 Fastigium
773 1767 820 1793 est
907 1762 927 1792 6
950 1764 1145 1794 Rhodiorum
1165 1767 1365 1804 querentium
1386 1767 1423 1797 de
1443 1768 1532 1797 Sino-

153 1804 210 1834 illa
227 1813 299 1843 pars
310 1804 387 1834 tecti
400 1814 483 1843 quae
498 1804 530 1835 in
547 1805 751 1836 altitudinem
768 1816 820 1835 ex·
861 1807 1010 1844 pensz'um
1026 1807 1130 1844 clade]
1158 1807 1329 1842 Quaenam
1350 1808 1407 1838 illa
1429 1809 1469 1839 sit
1486 1810 1532 1840 Si-

153 1846 279 1877 tollitur
298 1846 485 1886 triangulari
506 1847 571 1878 fere
587 1848 698 1879 forma.
745 1847 820 1879 Vid.
865 1847 1053 1887 nopensium
1071 1849 1188 1887 clades,
1201 1860 1357 1889 nusquam
1373 1851 1466 1882 docet
1480 1852 1531 1883 Li-

1459 158 1542 196 433

153 1888 299 1919 Martinii
316 1889 457 1919 Lexicon
480 1889 513 1919 in
537 1900 613 1920 voce
629 1892 818 1929 Fastiyium.

153 1931 230 1962 Sola
244 1935 353 1962 autem
369 1932 563 1971 templorum
577 1936 662 1963 tecta
673 1933 822 1973 fastigata

152 1977 254 2012 erant,
277 1984 376 2014 quum
400 1978 578 2006 ceterorum
601 1975 820 2006 aedificiorum

152 2020 239 2047 tecta
266 2017 364 2057 plana
390 2021 503 2048 essent.
550 2018 632 2048 Inde
648 2019 818 2057 sastiyz'um

152 2063 334 2090 recensetur
348 2059 431 2090 inter
451 2060 585 2091 honores
601 2061 725 2091 divinos
740 2061 820 2092 Cae-

153 2102 214 2132 sari
241 2102 395 2140 decretos,
419 2102 487 2134 Cic.
514 2103 599 2134 Phil.
623 2103 655 2133 ii.
684 2113 752 2134 110.
779 2103 818 2134 cf.

153 2144 241 2175 Suet.
264 2144 297 2174 in
321 2144 447 2176 Caesar.
464 2145 514 2177 81.
531 2150 563 2176 et
578 2145 621 2175 ibi
638 2146 818 2177 Casaubon.

153 2186 298 2223 Culmen,
313 2188 397 2228 quod
414 2187 465 2218 hic
480 2187 685 2228 distinguitur
698 2199 717 2218 a
733 2188 818 2218 fasti-

152 2228 214 2268 gio,
226 2229 306 2259 nihil
322 2230 411 2260 aliud
427 2240 493 2260 esse
505 2234 621 2270 potest,
633 2240 727 2270 quam
741 2231 818 2261 tecti

153 2282 226 2312 pars
254 2271 393 2310 inferior,
417 2283 498 2312 quae
526 2273 684 2313 reliquum
711 2273 817 2304 aedifi-

153 2314 239 2345 cium
261 2315 350 2355 tegit,
374 2316 428 2346 sed
451 2315 575 2356 fastigio
599 2316 741 2346 subiecta
762 2321 818 2348 est.

153 2357 259 2389 (ἷκεν.

197 2409 214 2439 3
237 2401 286 2431 Ac
302 2400 448 2439 Caietae]
482 2401 674 2441 Utrobique,
690 2405 721 2431 et
743 2402 818 2432 For-

154 2441 227 2472 miis
242 2449 274 2473 et
289 2443 432 2481 Caietae,
444 2444 539 2474 aedes
556 2443 718 2483 Apollinis
732 2447 819 2474 tacta

155 2488 230 2515 erat.
254 2485 405 2518 Gnoxov.

198 2538 216 2564 4
239 2528 369 2567 Prima]
400 2530 531 2560 Primae
552 2529 720 2569 legendum
746 2539 817 2559 con—

155 2568 221 2598 iicit
245 2569 435 2608 Crevierius‚
458 2572 598 2602 adducto
623 2572 719 2602 simili
749 2573 818 2603 loco

156 2621 195 2642 ex
212 2621 281 2651 cap.
300 2621 348 2643 20.
365 2612 455 2643 infra.

199 2665 216 2694 5
240 2656 395 2685 Eumenis
423 2660 454 2686 et
479 2657 661 2687 Pharnacis
690 2660 816 2697 reglum]

157 2697 204 2727 Hi
227 2707 314 2736 reges
337 2700 413 2728 tunc
437 2698 556 2728 bellum
581 2700 731 2730 adversus
753 2711 820 2731 sese

155 2742 268 2769 mutuo
290 2740 451 2779 gerebant,
467 2751 529 2779 qua
549 2741 589 2771 de
612 2752 644 2772 re
666 2742 736 2772 vide
758 2743 819 2773 Po-

155 2783 220 2822 lyb.
244 2782 276 2812 in
301 2782 381 2813 Exc.
405 2783 479 2823 Leg.
502 2791 551 2821 55.
573 2787 603 2813 et
625 2792 674 2825 59.
720 2785 818 2815 Phar-

155 2835 249 2855 naces
271 2835 325 2855 rex
349 2828 415 2855 erat
440 2826 549 2863 Ponti,
566 2826 761 2857 Mithridatis
783 2828 818 2857 il-

156 2867 228 2905 lius,
243 2867 296 2907 qui
318 2867 439 2898 tamdiu
457 2869 606 2899 Romana
625 2879 713 2899 arma
731 2880 817 2900 exer-

157 2910 234 2947 cuit,
270 2920 358 2948 avus,
395 2914 429 2940 ut
467 2915 587 2941 constat
627 2922 664 2941 cx
705 2912 819 2943 Iustin.

214 2965 310 2993 VOL.
334 2965 395 2993 111.

866 1890 944 1921 vius.
991 1891 1084 1922 Haec
1100 1891 1156 1922 ille
1173 1892 1265 1923 vertit
1281 1903 1298 1923 e
1316 1893 1464 1933 Polybio,
1477 1896 1531 1934 qui

866 1934 960 1963 verbo
984 1944 1051 1964 rem
1075 1934 1188 1974 tangit,
1212 1935 1244 1965 iu
1270 1936 1351 1967 Exc.
1378 1936 1454 1976 Leg.
1480 1947 1530 1976 51.

865 1975 928 2006 Sed
948 1975 1092 2007 Graecus
1115 1977 1249 2017 scriptor
1270 1978 1400 2009 fortasse
1424 1980 1456 2009 in
1479 1980 1530 2017 iis,

864 2028 946 2057 quae
974 2018 1215 2057 interciderunt,
1237 2024 1341 2051 totum
1366 2022 1528 2062 negotium

864 2061 1090 2100 explicaverat.
1150 2062 1268 2103 Sinope
1306 2074 1325 2094 a
1363 2064 1530 2097 Pharnace

864 2108 959 2143 capta
982 2104 1096 2141 fuerat,
1124 2105 1215 2144 eique
1241 2110 1273 2136 et
1299 2108 1530 2138 successoribus

863 2145 930 2177 eius
978 2146 1116 2185 servivit,
1161 2149 1262 2181 donec
1307 2149 1529 2180 Mithridatico

862 2189 948 2219 bello
973 2199 992 2219 a
1019 2189 1157 2221 Lucullo
1187 2195 1362 2230 caperetur.
1408 2192 1529 2225 Rhodii

862 2231 950 2262 illam
981 2235 1077 2262 antea
1105 2233 1200 2263 tutati
1226 2234 1353 2265 fuerant
1378 2235 1529 2266 adversus

863 2273 1086 2304 Mithridatem
1128 2275 1221 2306 huius
1259 2277 1434 2308 Pharnacis
1473 2288 1526 2317 pa-

863 2320 943 2347 trem
959 2328 965 2348 z
991 2321 1023 2347 ct
1038 2328 1123 2347 nunc
1136 2319 1292 2350 auxilium
1308 2320 1348 2357 ei,
1359 2321 1443 2358 quod
1457 2331 1526 2360 pos*

863 2363 949 2396 sunt,
964 2360 1081 2397 ferunt,
1096 2370 1137 2392 sc,
1154 2371 1265 2400 preces
1286 2363 1327 2392 ad
1351 2363 1526 2395 Romanos.

863 2402 968 2433 Cusv.
992 2402 1032 2433 cf.
1051 2402 1173 2434 Strabo.
1196 2404 1249 2434 xii.
1266 2415 1297 2444 p.
1314 2413 1385 2444 545.
1411 2406 1527 2446 Polyb.

864 2444 905 2474 iv.
923 2444 973 2483 56.

906 2494 922 2525 7
946 2488 1109 2527 Responsa
1124 2490 1199 2520 data
1209 2491 1301 2528 sunt]
1322 2490 1525 2531 Responsum

862 2530 960 2560 habes
982 2531 1067 2569 apud
1092 2532 1206 2572 Polyb.
1228 2533 1259 2562 in
1283 2533 1364 2564 Exc.
1382 2534 1457 2573 Leg.
1476 2544 1525 2574 51.

862 2573 893 2602 iu
915 2583 978 2612 quo
1000 2574 1111 2604 Patres
1128 2575 1265 2606 Achaeis
1284 2577 1527 2616 responderunt,

862 2615 887 2645 si
907 2626 988 2654 quae
1005 2616 1161 2648 Graeciae
1181 2618 1326 2648 civitates
1344 2620 1385 2649 ab
1401 2620 1524 2651 Achae-

863 2669 952 2688 orum
985 2659 1119 2689 concilio
1149 2670 1181 2691 sc
1210 2661 1428 2701 abiungercnt,
1454 2673 1522 2693 eam

865 2712 929 2731 rem
947 2702 987 2731 ad
1006 2712 1038 2732 se
1057 2702 1135 2732 nihil
1156 2703 1326 2742 pertinere,
1344 2705 1454 2735 Patres
1469 2706 1525 2735 du-

864 2754 954 2774 cere:
982 2745 1067 2783 quod
1093 2748 1246 2784 tanquam
1273 2746 1397 2786 signum
1421 2748 1524 2777 defec-

863 2786 957 2816 tionis
971 2788 1011 2816 ab
1029 2787 1230 2818 Achaeorum
1246 2789 1381 2819 concilio
1394 2790 1526 2819 Graecis

863 2832 955 2865 essct,
977 2839 1077 2868 quum
1101 2841 1157 2870 per
1181 2830 1345 2861 Romanos
1372 2832 1403 2861 id
1432 2831 1525 2862 licere

863 2871 1010 2902 certiores
1025 2872 1100 2903 facti
1117 2872 1258 2904 fuissent.

1239 2958 1305 2997 pf

1554 255 1597 288 U.
1614 257 1651 289 C.
1674 265 1746 298 570.

1551 300 1590 330 A.
1614 300 1651 332 C.
1679 301 1746 332 182.

1549 1060 1744 1100 Legationes

1546 1104 1726 1135 transmari—

1546 1156 1616 1178 nae.

1624 1458 1661 1496 3.
