1960 3218
599 126 749 169 LIB.
784 126 881 168 XL.
930 126 1076 168 CAP.
1111 129 1177 167 38.
1520 123 1604 165 465

201 217 575 267 senatusconsulto,
609 217 725 274 quod
766 217 811 257 in
844 217 960 266 urbe,
997 215 1222 272 propiusve
1265 214 1413 255 urbem
1453 212 1603 254 decem
1621 219 1663 251 U.
1681 220 1720 252 C.
1743 228 1815 261 57²-

202 274 386 316 millibus
417 290 613 332 passuum
651 283 759 316 esset
794 274 1075 323 commissum,
1111 272 1161 314 C.
1189 271 1373 314 Claudio
1406 271 1600 327 praetori,
1616 264 1657 294 A.
1681 264 1719 295 C.
1746 265 1818 297 ¹30·

202 333 277 388 qui
309 333 355 374 in
389 333 529 374 locum
560 332 626 373 Ti.
647 332 832 373 Minucii
863 340 952 373 erat
983 331 1205 379 suffectus3
1249 329 1359 371 ultra
1389 329 1602 370 decimum
1615 307 1777 380 33¹¹&ssth

171 393 188 427 7
201 389 384 446 lapidem
406 406 481 447 per
500 391 589 431 fora
613 389 976 444 conciliabulaque
1007 388 1058 430 C.
1079 387 1268 437 Maenio,
1290 387 1536 443 priusquam
1557 386 1602 426 in
1616 392 1706 423 ficiis.

203 447 439 489 Sardiniam
469 448 729 504 provinciam
761 447 984 496 traiiceret,
1016 446 1196 487 decreta.
1263 444 1467 500 Suspecta
1502 459 1603 485 con-
1615 436 1816 508 Cti’jriiiiiic-›rz

198 505 299 547 sulis
327 515 416 546 erat
442 520 553 546 mors
581 506 786 546 maxime:
820 514 993 546 necatus
1021 519 1045 545 a
1070 503 1232 552 Quarta
1258 501 1441 543 Hostilia
1471 517 1600 543 uxore
1614 489 1774 561 guspecta.
1801 502 1806 507 ’

198 562 428 604 dicebatur,
493 563 555 604 Ut
589 563 763 619 quidem
795 562 907 604 filius
943 562 1033 604 eius
1068 561 1120 610 Q.
1146 560 1318 601 Fulvius
1352 559 1526 601 Flaccus
1556 559 1601 600 in
1614 564 1785 614 Rrivignus

198 619 338 661 locum
378 621 515 662 vitrici
558 621 703 662 consul
737 630 799 662 est
835 620 1081 669 declaratus,
1116 618 1333 675 aliquanto
1366 617 1499 673 magis
1536 617 1601 657 in-
1614 608 1813 638 emuflectus.

196 678 316 719 famis
345 694 454 720 mors
485 679 651 720 Pisonis
676 679 815 736 coepit
845 694 957 720 esse:
992 687 1034 719 et
1063 686 1187 718 testes
1218 676 1490 724 exsistebant,
1525 674 1600 731 qui

196 745 292 792 post
312 736 542 778 declaratos
564 737 755 778 consules
778 736 985 777 Albinum
1003 744 1045 776 et
1065 735 1278 784 Pisonem,
1298 733 1449 790 quibus
1471 733 1601 774 comi-

197 794 265 835 tiis
297 794 470 835 Flaccus
501 794 654 835 tulerat
683 794 905 850 repulsam,
939 804 982 835 et
1012 793 1310 849 exprobratum
1342 791 1382 832 ei
1412 806 1437 832 a
1467 799 1600 832 matre

196 851 401 902 dicerent,
427 852 542 908 quod
570 853 654 893 iam
682 852 721 893 ei
752 852 923 893 tertium
955 861 1132 907 negatus
1163 849 1404 892 consulatus
1435 848 1600 905 petenti

197 918 318 959 esset,
352 919 395 951 et
427 910 641 959 adiecisse,
676 915 864 966 ‘pararet
894 925 936 950 se
969 909 1022 950 ad
1052 908 1309 965 petendum3
1352 907 1462 948 intra
1492 906 1599 948 duos

199 973 391 1008 ‘menses
433 968 690 1018 effecturam,
725 977 772 1009 ut
806 967 953 1009 consul
985 967 1131 1007 fieret.’
1192 965 1310 1007 Inter
1350 964 1482 1006 multa
1519 964 1599 1006 alia
1613 968 1708 1000 Uxor
1723 969 1792 1000 eius

196 1025 449 1076 testimonia,
473 1025 527 1066 ad
548 1041 714 1067 causam
739 1025 1007 1082 pertinentia,
1026 1024 1131 1065 haec
1162 1039 1332 1080 quoque
1354 1038 1449 1072 vox,
1473 1022 1599 1064 nimis
1611 1013 1775 1044 damnata.

195 1098 294 1124 vero
315 1093 472 1124 eventu
492 1084 773 1140 comprobata,
797 1083 939 1132 valuit,
963 1097 1037 1123 cur
1060 1081 1244 1123 Hostilia
1265 1081 1546 1122 damnaretur.

254 1140 378 1182 Veris
399 1141 606 1197 principio
633 1142 769 1191 huius,
793 1141 896 1182 dun]
921 1140 1113 1182 consules
1140 1155 1271 1181 novos
1293 1138 1481 1180 delectus
1508 1138 1598 1179 Ro-

196 1213 288 1240 mae
313 1207 439 1249 tenet,
458 1214 568 1240 mors
590 1199 744 1241 deinde
767 1199 949 1248 alterius,
969 1207 1011 1240 et
1033 1197 1203 1239 creandi
1224 1196 1395 1238 comitia
1416 1195 1597 1237 consulis

195 1256 241 1297 in
262 1256 400 1297 locum
423 1257 526 1307 eius,
549 1257 689 1298 omnia
714 1257 895 1298 tardiora
919 1256 1132 1297 fecerunt:
1167 1255 1337 1296 interim
1365 1254 1413 1295 P.
1434 1253 1597 1295 Corne·
1647 1265 1650 1268 ·

195 1313 276 1355 lius
297 1323 340 1355 et
362 1314 424 1355 M.
445 1314 641 1364 Baebius,
662 1315 735 1370 qui
756 1315 800 1355 in
829 1314 1049 1355 consulatu
1071 1313 1178 1354 nihil
1206 1311 1476 1353 memorabile
1504 1327 1596 1368 ges-

195 1380 348 1421 serant,
366 1372 411 1412 in
426 1372 629 1428 Apuanos
646 1372 825 1428 Ligures
842 1371 1075 1413 exercitum
1090 1370 1362 1411 induxerunt.
1402 1369 1595 1425 Ligures,
1674 1367 1742 1407 38.

195 1429 269 1485 qui
290 1439 387 1470 ante
410 1430 639 1471 adventum
660 1430 705 1470 in
725 1429 985 1486 provinciam
1007 1428 1228 1470 consulum
1250 1443 1337 1469 non
1359 1436 1597 1483 exspectas-

195 1496 288 1528 sent
309 1487 481 1537 bellum,
503 1488 729 1543 improviso
752 1487 949 1543 oppressi,
973 1486 1027 1527 ad
1055 1485 1281 1527 duodecim
1309 1485 1441 1526 millia
1460 1484 1597 1526 horni-

195 1560 297 1585 num
321 1544 576 1586 dediderunt
596 1560 651 1586 se.
716 1544 813 1594 Eos,
833 1544 1024 1585 consulto
1045 1559 1120 1600 per
1141 1543 1281 1584 literas
1302 1543 1418 1598 prius
1434 1552 1594 1592 senatu,

195 1602 405 1644 deducere
428 1617 480 1644 ex
502 1603 716 1644 montibus
733 1603 777 1642 in
799 1617 918 1658 agros
939 1610 1191 1657 campestres
1213 1600 1358 1657 procul
1381 1601 1432 1641 ab
1454 1600 1594 1649 domo,

194 1675 248 1701 ne
271 1660 429 1701 reditus
450 1676 543 1716 spes
565 1670 684 1710 esset,
711 1659 934 1701 Cornelius
956 1669 998 1701 et
1025 1659 1208 1700 Baebius
1230 1666 1478 1707 statuerunt,
1501 1657 1596 1699 nul-

194 1717 283 1758 lum
296 1718 425 1759 alium
442 1726 538 1759 ante
560 1719 689 1759 finem
710 1719 789 1759 rati
805 1718 892 1759 fore
916 1717 1129 1774 Ligustini
1150 1716 1259 1758 belli.
1323 1716 1441 1772 Ager
1456 1714 1595 1772 publi-

161 1783 268 1816 Scus
293 1776 438 1832 populi
470 1776 654 1817 Romani
679 1784 768 1817 erat
793 1776 838 1816 in
869 1775 1140 1824 Samnitibus,
1164 1774 1238 1830 qui
1264 1774 1594 1815 Taurasinorum

198 1832 364 1889 [fuerat.
417 1833 469 1874 In
486 1849 583 1875 eum
597 1833 751 1890 quum]
771 1833 989 1875 traducere
1007 1832 1186 1889 Ligures
1204 1832 1409 1888 Apuanos
1422 1831 1593 1881 vellent,

161 1905 182 1936 9
197 1891 433 1941 edixerunt,
473 1897 484 1915 ⁶
498 1891 677 1948 Ligures
719 1892 893 1948 Apuani
929 1891 982 1932 de
1024 1890 1238 1931 montibus
1273 1889 1593 1938 descenderent,

196 1955 318 1991 ‘cum
344 1949 486 1990 liberis
513 1950 869 2006 coniugibusque:
908 1964 983 1990 sua
1013 1948 1154 1990 omnia
1184 1963 1327 1989 secum
1352 1947 1594 2003 portarent.’

195 2007 386 2063 Ligures,
409 2022 531 2063 saepe
553 2023 629 2063 per
653 2007 812 2064 legatos
833 2006 1060 2064 deprecati,
1083 2021 1136 2047 ne
1158 2014 1344 2062 penates,
1367 2005 1524 2055 sedem,
1546 2005 1592 2046 in
1604 2013 1736 2062 Apuapi
1752 2014 1785 2045 in

196 2081 280 2121 qua
299 2065 432 2120 geniti
454 2074 604 2115 essent,
622 2065 812 2121 sepulcra
832 2065 1051 2115 maiorum,
1066 2073 1318 2120 cogerentur
1337 2063 1590 2120 relinquere,
1602 2056 1782 2131 tSamrzlmm·

194 2137 320 2172 arma,
344 2123 508 2176 obsides
528 2122 845 2179 pollicebantur.
909 2123 1140 2179 Postquam
1167 2121 1274 2162 nihil
1295 2121 1591 2177 impetrabant,
1613 2110 1691 2131 *rans
1716 2104 1795 2133 uct1.

196 2195 334 2237 neque
365 2181 473 2221 vires
505 2180 556 2221 ad
585 2180 828 2222 bellandum
857 2189 988 2230 erant,
1018 2180 1157 2222 edicto
1182 2188 1423 2235 paruerunt.
1487 2179 1593 2220 Tra-

194 2238 310 2279 ducti
333 2248 430 2279 sunt
450 2238 618 2294 publico
639 2248 812 2295 sumptu
839 2239 892 2280 ad
914 2238 1192 2295 quadraginta
1214 2236 1346 2278 millia
1364 2236 1593 2278 liberorum

241 2381 257 2413 7
281 2375 348 2405 Per
377 2375 458 2413 sora
494 2375 786 2414 conciliabulaque]
831 2374 872 2405 cf.
917 2384 1011 2414 quem
1029 2377 1194 2404 auctorem
1211 2375 1341 2403 secutus
1356 2375 1405 2402 est
1421 2370 1564 2402 Bekker.

197 2416 291 2455 Supr.
309 2427 384 2448 XXV.
402 2425 431 2455 5.
960 2428 979 2458 9
1003 2418 1140 2455 Lissnres
1176 2416 1315 2455 Apuani
1355 2416 1393 2445 de
1436 2415 1593 2444 montibus

240 2460 259 2489 8
283 2460 346 2496 Qui
364 2461 617 2491 Taurasinorum
643 2461 784 2499 [suerat.
830 2462 873 2491 In
917 2459 1159 2496 descenderent]
1180 2459 1233 2488 Ita
1246 2457 1430 2488 emendavit
1443 2457 1593 2487 Muretus

197 2512 267 2531 eum
293 2504 407 2541 quum]
435 2505 620 2541 traducere]
650 2504 768 2537 Verba,
788 2513 870 2542 quae
915 2513 972 2542 pro
990 2503 1074 2540 vulg.
1091 2503 1229 2541 Liyures
1249 2502 1288 2531 ab
1304 2501 1413 2530 Anido
1432 2501 1592 2530 montibus

198 2543 289 2573 uncis
319 2544 442 2574 inclusa
469 2550 554 2583 sunt,
581 2556 621 2576 cx
648 2545 768 2586 Sigonii
796 2556 869 2576 con·
914 2546 1111 2576 descendere.
1160 2544 1283 2574 Verum
1305 2543 1392 2573 hunc
1409 2546 1591 2573 extremum

197 2586 321 2617 iectura
351 2591 424 2617 sunt
455 2588 590 2619 adiecta.
638 2589 690 2619 De
721 2588 869 2619 Taurasi-
915 2587 1195 2628 quadragesimum
1230 2587 1347 2617 librum
1379 2584 1529 2625 Sigonius
1559 2588 1591 2615 et

198 2639 311 2659 norum
343 2629 472 2660 nomine
503 2631 676 2662 dubitatur.
735 2632 775 2662 In
806 2635 870 2662 vet.
914 2631 968 2661 alii
992 2635 1152 2661 testantur
1174 2640 1213 2659 ex
1235 2628 1329 2659 unico
1351 2627 1541 2667 exemplari,
1558 2627 1590 2656 in

197 2671 273 2702 edit.
290 2682 347 2711 pro
366 2674 621 2704 Taurasinorum
641 2674 767 2714 legitur,
788 2678 870 2705 teste
916 2673 1093 2705 Germania
1122 2676 1259 2710 servam,
1286 2671 1480 2710 descriptum
1512 2679 1590 2699 esse.

199 2714 376 2751 Gronovio,
416 2717 688 2747 Taurrminorum.
748 2717 869 2747 Taura-
917 2717 1034 2756 Itaque
1060 2715 1243 2746 mirandum
1274 2724 1339 2744 non
1370 2717 1428 2750 est,
1454 2716 1490 2742 ut
1514 2713 1590 2742 Cre.-

198 2757 271 2787 niae
289 2758 400 2797 oppidi
422 2758 619 2789 mentionem
639 2759 716 2789 facit
732 2760 870 2798 Plinius,
916 2759 1031 2790 vierius
1060 2762 1183 2794 monet,
1208 2757 1294 2797 quod
1325 2756 1350 2786 is
1382 2755 1528 2795 pluribus
1558 2754 1590 2786 in

200 2800 245 2831 H.
263 2800 306 2830 N.
324 2800 367 2830 iii.
385 2809 413 2839 5.
438 2801 544 2832 Onnv.
591 2801 759 2832 Asteriscis
773 2803 869 2832 modo
915 2801 994 2833 locis
1010 2801 1209 2833 deformatus
1224 2799 1413 2839 reperiatur.

198 2842 281 2873 hanc
312 2843 464 2874 lacunam
493 2843 647 2875 indicavit
676 2844 869 2882 Gronovius,

255 2898 351 2926 voh.
376 2899 437 2926 111.
1281 2897 1310 2924 Η
1332 2882 1360 2923 h
