1960 3218
138 274 184 306 U.
202 275 243 307 C.
265 274 337 315 566·
350 273 470 306 sunt:
505 264 732 306 multorum
764 266 937 307 nomina
967 264 1116 308 delata.

138 317 337 409 &ipifassfiffz

136 408 313 436 iurationis.

204 790 268 828 18.

134 1138 325 1171 Coniurato-

134 1193 206 1212 rum
223 1192 298 1222 poe-

134 1235 205 1257 nae.

131 2064 281 2095 Senatus-

133 2107 315 2136 consultum

133 2149 172 2178 de
187 2148 295 2179 Bacch
301 2160 331 2180 a·

130 2191 267 2224 nalibus.

869 174 1019 216 TITI
1056 175 1235 216 LIVII

1184 266 1371 315 Quidam
1402 281 1456 307 ex
1486 265 1549 315 iis,
1582 265 1658 307 viri
1688 266 1749 307 fe-

351 322 590 379 minaeque,
625 332 803 365 mortem
844 324 923 365 sibi
959 325 1262 366 consciverunt.
1331 323 1583 365 Coniurasse
1623 339 1749 379 supra

351 389 513 436 septem
549 380 681 422 millia
710 381 894 422 virorum
931 397 978 423 ac
1015 382 1239 423 mulierum
1270 382 1528 423 dicebantur.
1595 380 1688 437 Cap
1691 382 1749 422 ita

350 446 491 479 autem
533 439 832 480 coniurationis
873 440 1090 481 constabat
1122 455 1223 489 esse,
1259 440 1321 481 M.
1350 449 1392 481 et
1417 439 1466 481 C.
1493 397 1688 480 Atiniosp
1692 438 1746 480 de

348 495 470 552 plebe
495 495 700 546 Romana,
719 505 761 538 et
778 497 985 538 Faliscum
1003 497 1052 538 L.
1072 497 1356 562 Opiternium,
1375 506 1417 539 et
1435 497 1620 538 Minium
1642 495 1747 538 Cer-

348 554 502 594 rinium
528 554 819 619 Campanum:
854 555 905 596 ab
927 555 991 596 his
1013 570 1155 596 omma
1175 555 1360 596 facinora
1387 564 1429 596 et
1453 555 1610 611 flagitia
1631 563 1742 595 orta:

348 626 417 653 eos
439 612 642 653 maximos
664 612 900 653 sacerdotes
917 612 1239 668 condit01esque
1257 612 1346 653 eius
1363 613 1465 653 sacri
1483 628 1584 654 esse
1634 611 1747 653 Data

348 685 475 725 opera
505 678 578 719 est,
610 678 656 710 ut
687 670 824 726 primo
853 685 1022 726 quoque
1056 678 1243 726 tempore
1273 670 1742 726 comprehenderentur.

349 727 540 768 Adducti
563 727 615 768 ad
637 727 840 776 consules,
863 728 1043 783 fassique
1066 727 1118 768 de
1141 743 1197 777 se,
1220 727 1379 768 nullam
1408 743 1566 768 moram
1588 727 1745 768 iudicio

346 784 548 825 fecerunt.
615 785 818 826 Ceterum
851 793 967 826 tanta
993 785 1092 841 fuga
1112 800 1164 826 ex
1187 785 1289 826 urbe
1311 785 1420 826 facta
1440 794 1541 834 erat,
1563 794 1622 835 ut,
1646 785 1745 840 quia
1759 804 1775 825 2

347 842 490 883 multis
505 843 690 883 actiones
707 851 749 883 et
766 858 830 883 res
847 842 1053 899 peribant,-
1068 851 1319 899 cogerentur
1333 851 1545 898 praetores
1561 842 1610 883 T.
1624 842 1745 883 Mae-

346 900 441 940 nius
467 909 510 941 et
536 900 598 941 M.
618 900 809 941 Licinius
841 916 916 956 per
948 910 1141 941 senatum
1172 915 1236 941 res
1265 901 1307 940 in
1340 900 1453 941 diem
1484 900 1775 955 trigesimum3

347 957 529 1007 differre,
545 958 679 999 donec
701 959 967 1014 quaestiones
989 973 1012 998 a
1033 958 1274 999 consulibus
1294 958 1608 1014 perficerentur.
1662 957 1745 998 Ea-

347 1014 445 1056 dem
468 1015 663 1065 solitudo,
688 1016 787 1071 quia
810 1016 971 1057 Romae
994 1031 1080 1056 non
1101 1015 1425 1072 respondebant,
1448 1031 1527 1056 nec
1556 1015 1778 1061 invenie-4

347 1073 513 1123 bantur,
537 1089 716 1129 quorum
749 1074 922 1114 nomina
942 1073 1081 1114 delata
1101 1082 1231 1122 erant,
1254 1073 1392 1129 coegit
1419 1072 1610 1114 consules
1636 1073 1746 1114 circa

347 1130 436 1171 fora
465 1131 684 1187 proficisci,
714 1131 857 1187 ibique
890 1146 1090 1187 quaerere
1123 1140 1165 1172 et
1197 1131 1354 1172 iudicia
1382 1146 1589 1172 exercere.
1656 1130 1745 1179 Qui

349 1196 511 1229 tantum
542 1189 695 1229 initiati
717 1197 849 1238 erant,
873 1198 914 1230 et
936 1204 988 1229 ex
1010 1189 1194 1230 carmine
1217 1204 1345 1238 sacro,
1368 1197 1596 1244 praeeunte
1618 1189 1746 1229 verba

347 1246 574 1296 sacerdote,
607 1246 869 1302 precationes
899 1247 1097 1296 fecerant,
1124 1246 1169 1287 in
1197 1247 1350 1302 quibus
1386 1246 1568 1287 nefanda
1598 1246 1744 1287 coniu-

346 1304 452 1345 ratio
474 1304 517 1344 in
540 1320 663 1345 omne
685 1304 846 1345 facinus
868 1319 915 1345 110
937 1304 1156 1345 libidinem
1178 1304 1485 1353 continebatur,
1503 1319 1582 1345 nec
1599 1319 1744 1344 earum

346 1376 485 1402 rerum
515 1362 655 1411 ullam,
680 1362 721 1401 in
745 1377 848 1417 quas
879 1362 1147 1402 iureiurando
1176 1361 1347 1417 obligati
1376 1370 1507 1411 erant,
1531 1361 1573 1401 in
1600 1377 1643 1402 se
1672 1369 1745 1402 aut

296 1442 298 1444 ·
346 1419 448 1460 alios
477 1419 743 1468 admiseiant,
767 1435 836 1460 eos
865 1420 907 1459 in
937 1419 1115 1460 vinculis
1140 1419 1459 1484 relinquebant:
1495 1419 1568 1484 qui
1590 1419 1743 1475 stupris

346 1485 418 1517 aut
459 1477 657 1518 caedibus
697 1477 840 1518 violati
881 1485 1011 1526 erant,
1049 1477 1122 1533 qui
1162 1476 1272 1517 falsis
1315 1476 1577 1526 testimoniis,
1614 1476 1773 1532 signis5

346 1534 603 1584 adulterinis,
627 1534 885 1575 subiectione
914 1543 1003 1575 test
996 1542 1273 1583 unentmum,
1295 1534 1511 1574 fraudibus
1532 1533 1621 1574 aliis
1643 1549 1745 1575 con-

347 1592 549 1641 taminati,
593 1608 663 1633 eos
703 1592 869 1648 capitali
910 1607 1046 1648 poena
1087 1592 1333 1632 afficiebant.
1403 1591 1551 1632 Plures
1591 1591 1741 1641 necati,

346 1665 471 1705 quam
509 1650 553 1690 111
588 1649 756 1690 vincula
791 1650 972 1691 coniecti
1008 1658 1117 1690 sunt.
1194 1649 1354 1705 Magna
1389 1649 1449 1690 vis
1485 1649 1529 1689 in
1566 1658 1742 1705 utraque

345 1723 470 1748 causa
490 1707 672 1748 virorum
696 1707 1004 1763 mulierumque
1027 1707 1117 1748 fuit.
1182 1707 1387 1748 Mulieres
1408 1706 1624 1747 damnatas
1645 1722 1743 1763 cog-

345 1765 466 1814 natis,
490 1774 561 1806 aut
582 1765 625 1805 in
648 1780 827 1821 quorum
850 1780 977 1805 manu
999 1773 1149 1814 essent,
1170 1765 1402 1813 tradebant
1426 1773 1473 1805 ut
1494 1764 1572 1820 ipsi
1592 1764 1636 1804 in
1657 1779 1707 1820 pl
1710 1768 1774 1805 1-

345 1831 441 1863 vato
472 1822 855 1863 animadverterent
888 1823 931 1862 in
963 1838 1043 1863 eas.
1110 1822 1153 1863 Si
1177 1838 1301 1863 nemo
1327 1830 1418 1862 eiat
1447 1822 1627 1862 idoneus
1643 1837 1742 1878 sup-

345 1879 461 1934 plicii
495 1889 677 1929 exactor,
710 1880 753 1919 in
782 1879 951 1944 publico
988 1879 1409 1922 animadver.tcbatur
1473 1879 1634 1920 Datum
1668 1879 1742 1921 de-

345 1936 444 1978 inde
462 1937 703 1978 consulibus
726 1937 941 1993 negotium
965 1946 1039 1986 est,
1056 1946 1101 1977 ut
1123 1937 1247 1978 omni
1241 1953 1265 1978 1
1282 1936 1562 1977 Bacchanalia
1578 1937 1740 1979 Romae

345 1995 541 2050 primum,
565 1995 719 2036 deinde
748 2010 823 2051 per
845 2003 973 2036 totam
997 1994 1049 2035 Ita
1041 1994 1174 2044 aliun,
1199 1995 1438 2043 diruerent3
1474 2002 1593 2035 extra
1613 2010 1741 2050 quam

345 2052 484 2107 siqua
509 2053 566 2093 ibi
595 2061 759 2093 vetusta
789 2068 858 2093 ara
890 2061 962 2093 aut
989 2053 1155 2108 signum
1188 2061 1475 2093 consecratum
1507 2062 1625 2093 esset.
1689 2052 1740 2093 In

344 2109 554 2165 reliquum
576 2110 730 2151 deinde
753 2110 1114 2151 senatusconsulto
1136 2120 1306 2151 cautum
1328 2118 1401 2159 est,
1422 2115 1433 2133 ‘
1448 2108 1516 2150 Ne
1535 2124 1618 2165 qua
1634 2109 1773 2151 Bac-7

347 2167 563 2208 ‘chanalia
588 2168 762 2217 Romae,
785 2183 890 2208 neve
923 2168 967 2208 in
998 2167 1118 2208 Italia
1149 2175 1297 2208 essent.
1365 2166 1409 2208 Si
1441 2167 1533 2222 quis
1566 2167 1645 2208 tale
1677 2182 1742 2208 sa-

346 2231 357 2249 (
373 2240 489 2266 crum
521 2225 707 2266 sollenne
730 2234 772 2266 et
792 2225 1072 2266 necessarium
1098 2225 1285 2275 duceret,
1308 2240 1387 2265 nec
1418 2225 1506 2267 sine
1536 2224 1739 2281 religione

351 177 434 216 394

1107 2390 1123 2420 5
1156 2383 1270 2412 l'iolati
1286 2383 1397 2419 erant]
1424 2381 1465 2411 Se
1482 2380 1739 2419 inquinaverant.

387 2391 402 2410 ‘z
428 2383 513 2418 Quia.
530 2382 637 2412 mullis
653 2383 793 2412 actiones
808 2387 838 2412 et
859 2393 910 2412 'res
930 2383 1016 2421 peri-

1105 2423 1124 2454 6
1151 2425 1348 2461 Tradebant]
1367 2424 1462 2462 Apud
1477 2424 1642 2453 Romanos
1653 2423 1739 2453 enim

343 2425 436 2461 bant]
473 2424 524 2454 Ex
556 2424 619 2453 illis
645 2434 762 2463 nempe
789 2424 842 2463 qni
870 2425 1017 2463 fugerant

342 2466 437 2495 multi
468 2471 569 2499 erant.
600 2466 653 2504 qui
681 2477 780 2505 quum
809 2466 880 2496 lites
910 2476 1017 2496 coram

342 2507 503 2537 iudicibus
524 2509 701 2547 pendentes
722 2509 890 2544 haberent,
906 2510 946 2538 ob
962 2510 1016 2538 ab-

342 2550 490 2587 sent-iani,
508 2554 660 2589 tanquam
681 2552 806 2581 deserto
823 2551 1016 2587 vadimonio,

343 2592 652 2629 condemnabantur,
672 2603 708 2623 110
734 2593 866 2631 proinde
890 2593 1016 2622 amitte-

342 2635 420 2665 bant
450 2638 482 2664 et
513 2634 561 2664 ius
593 2636 803 2673 persequendi
834 2635 866 2665 in
898 2635 1015 2665 iudicio

342 2677 427 2715 quod
453 2677 510 2707 sibi
536 2678 716 2714 deberetur,
740 2681 771 2707 et
794 2687 843 2707 res
866 2677 952 2716 ipsas
974 2678 1014 2707 dc

342 2719 458 2758 quibus
474 2720 512 2749 lis
528 2720 617 2749 foret.
643 2721 749 2750 CREV.

386 2772 403 2801 3
428 2763 495 2792 Per
530 2763 693 2799 senatum]
737 2762 788 2792 Ex
822 2761 1015 2792 auctoritate

342 2803 482 2835 senatfis.

385 2858 403 2885 4
427 2849 503 2877 Non
526 2848 774 2886 respondebant]
812 2846 901 2882 Quia
926 2846 1015 2876 citati

341 2890 383 2919 ad
404 2899 530 2919 causam
556 2899 646 2919 suam
675 2889 845 2920 dicendam
869 2899 931 2920 non
960 2890 1013 2921 ad-

342 2936 433 2962 erant
452 2933 586 2963 Romae.
613 2932 723 2963 Dona.

1063 2477 1102 2496 ex
1125 2476 1213 2495 more
1234 2470 1364 2504 recepto
1388 2476 1450 2494 non
1476 2465 1605 2504 publice
1628 2466 1739 2505 punie-

1063 2509 1180 2538 bantur
1191 2509 1364 2538 damnatae
1379 2507 1540 2544 mulieres,
1553 2509 1607 2538 scd
1625 2518 1738 2548 cogna-

1062 2551 1103 2580 tis
1124 2550 1306 2589 puniendae
1328 2550 1546 2581 tradebantur.
1572 2551 1611 2582 cf.
1631 2551 1737 2582 Tacit.

1063 2593 1147 2623 Ann.
1165 2592 1197 2622 ii.
1216 2602 1265 2630 50.

1111 2642 1126 2673 7
1150 2637 1450 2673 Semaetnsconsulto]
1487 2635 1608 2675 Integri
1643 2636 1738 2666 huius

1060 2678 1329 2707 senatusconsulti
1354 2679 1556 2717 exemplum,
1578 2688 1617 2708 ex
1637 2689 1738 2709 aenea

1059 2721 1170 2749 tabula
1194 2723 1264 2758 post
1280 2724 1327 2750 tot
1344 2721 1454 2750 secula
1470 2720 1640 2760 superstite
1656 2724 1688 2751 et
1704 2721 1736 2751 in

1060 2763 1175 2792 Museo
1197 2763 1354 2793 Caesareo
1372 2763 1615 2793 Vindobonensi
1634 2773 1736 2794 serva-

1060 2808 1105 2841 ta,
1130 2805 1416 2836 Drakenborchius
1437 2806 1468 2835 in
1492 2816 1548 2836 sua
1566 2805 1648 2836 Livii
1670 2805 1735 2835 edi-

1061 2847 1147 2877 tione
1167 2847 1217 2878 vii.
1243 2858 1272 2887 p.
1292 2855 1358 2888 197.
1376 2847 1487 2885 edidit,
1504 2848 1736 2878 commentario

1060 2890 1219 2923 Matthaei
1240 2891 1390 2931 Aegyptii
1407 2890 1508 2922 fusius
1523 2891 1729 2922 illustratum.
