1960 3218
548 149 675 192 LIB.
710 148 975 191 XXXVIII.
1018 149 1158 191 CAP.
1192 154 1260 192 20.
1522 155 1605 193 339

203 243 354 294 ‘agere
391 239 563 295 possint,
601 255 699 296 prae
735 255 778 281 se
815 249 986 295 agentes
1028 250 1327 297 portantesque
1367 241 1598 298 Olympum
1616 254 1714 285 U.(·.
1738 254 1812 294 563·

203 301 215 320 ‘
231 306 418 338 montem
464 306 619 353 petere,
649 306 714 344 ‚ut
755 297 855 339 inde
899 298 1022 339 armis
1068 298 1340 354 locorumque
1384 299 1467 340 situ
1509 314 1597 340 sese
1615 298 1651 328 A.
1676 297 1714 328 C·
1741 298 1810 339 189-

202 359 215 377 ‘
231 354 452 395 tueantur.’
527 355 719 396 Certiora
753 364 899 411 postea
937 355 1276 397 Oroandensium
1319 356 1445 412 legati
1488 366 1597 398 attu-
1678 359 1742 397 19.

199 410 365 453 lerunt:
427 417 438 435 ‘
455 412 811 454 Tolistoboiorum
859 413 1070 454 civitatem
1124 413 1357 470 Olympum
1409 424 1595 456 montem
1611 413 1699 444 Galli
1716 414 1749 444 in

168 476 186 507 3
204 474 214 492 ‘
230 470 414 525 cepisse3
448 469 632 511 diversos
659 470 914 526 Tectosagos
936 470 1063 511 alium
1093 480 1294 521 montem,
1317 472 1391 527 qui
1415 472 1597 528 Magaba
1608 460 1808 539 diffluegiunt.

202 526 404 576 ‘dicatur,
441 527 607 583 petisse.
672 528 888 578 Trocmos,
926 528 1175 585 coniugibus
1216 544 1264 570 ac
1304 529 1446 570 liberis
1483 530 1597 586 apud

201 589 214 608 ⁶
230 584 484 640 Tectosagos
513 585 726 641 depositis,
750 595 1003 627 armatorum
1029 586 1195 642 agmine
1219 586 1489 628 Tolistoboiis
1515 596 1597 628 sta-

201 647 213 666 ‘
229 641 355 683 tuisse
373 642 576 683 auxilium
593 643 726 684 ferre.’
769 643 902 684 Erant
918 653 1060 685 autem
1078 653 1178 685 tunc
1195 645 1321 685 trium
1343 644 1597 701 populorum

199 699 333 755 reguli
357 699 576 754 Ortiagon,
600 710 643 742 et
673 701 1032 751 Combolomarus,
1057 710 1100 743 et
1123 701 1343 744 Gaulotus.
1407 702 1464 743 Iis
1492 702 1596 744 haec

199 757 381 798 maxime
415 757 513 799 belli
549 759 655 800 ratio
690 759 884 800 sumendi
920 759 1068 809 fuerat,
1103 760 1231 815 quod,
1266 776 1399 816 quum
1432 769 1597 802 montes

199 815 449 857 editissimos
474 816 564 857 eius
592 816 774 873 regionis
796 826 1001 866 tenerent,
1024 818 1235 859 convectis
1256 818 1464 868 omnibus,
1487 834 1596 874 quae

200 872 253 914 ad
275 888 395 914 usum
418 875 609 929 quamvis
634 875 749 929 longi
771 875 969 931 temporis
997 875 1249 925 sufficerent,
1273 875 1411 917 taedio
1439 891 1482 917 se
1503 876 1598 919 fati-

199 939 368 986 gaturos
393 931 558 972 hostem
580 933 817 974 censebant.
883 938 895 956 ⁶
912 932 1024 974 Nam
1050 949 1189 989 neque
1215 949 1386 975 ausuros
1411 949 1487 990 per
1511 943 1596 975 tam

203 994 214 1012 ‘
230 988 361 1029 ardua
381 998 506 1045 atque
533 990 678 1045 iniqua
704 990 795 1031 loca
819 991 957 1032 subire
980 1006 1076 1032 eos:
1111 1000 1165 1041 et,
1188 992 1222 1032 si
1243 1002 1508 1041 conarentur,
1531 991 1598 1033 vel

202 1051 214 1070 ‘
230 1061 356 1102 parva
377 1062 501 1088 manu
529 1048 741 1103 prohiberi
767 1064 814 1089 ae
836 1049 1050 1090 deturbari
1071 1064 1190 1105 posse
1208 1065 1217 1090 :
1251 1065 1329 1091 nee
1351 1050 1528 1105 quietos,
1552 1050 1598 1090 in

202 1110 214 1127 ‘
231 1104 440 1146 radicibus
461 1105 696 1161 gelidorum
719 1107 924 1147 montium
942 1107 1149 1157 sedentes,
1166 1107 1296 1163 frigus
1318 1118 1390 1148 aut
1411 1108 1598 1164 inopiam

203 1161 413 1203 ‘laturos’
472 1163 528 1204 Et
561 1179 692 1219 quum
726 1164 814 1220 ipsa
847 1164 1025 1205 altitudo
1058 1164 1245 1206 locorum
1277 1181 1348 1206 eos
1380 1174 1597 1214 tutaretur,

199 1219 350 1261 fossam
373 1236 542 1277 quoque
569 1231 611 1262 et
635 1221 715 1262 alia
740 1222 1003 1263 munimenta
1023 1223 1248 1264 verticibus
1276 1223 1338 1273 iis,
1362 1238 1467 1279 quos
1489 1223 1600 1264 inse-

200 1277 362 1327 derant,
380 1279 686 1320 cireumiecere.
737 1279 920 1320 Minima
935 1289 1158 1336 apparatus
1179 1280 1396 1321 missilium
1419 1281 1600 1322 telorum

201 1350 300 1376 eura
322 1335 414 1386 fuit,
438 1336 552 1392 quod
574 1351 670 1377 saxa
693 1338 849 1378 affatim
871 1338 1154 1394 praebituram
1176 1339 1441 1394 asperitatem
1467 1339 1600 1395 ipsam

200 1392 388 1434 locorum
410 1393 649 1435 credebant.

262 1450 437 1501 Consul,
461 1452 560 1508 quia
581 1468 667 1493 non
689 1453 879 1494 cominus
901 1468 1100 1509 pugnam,
1123 1453 1197 1494 sed
1224 1453 1371 1510 procul
1398 1453 1499 1495 locis
1525 1470 1600 1511 op-
1676 1464 1743 1501 20,

200 1509 452 1565 pugnandis,
498 1510 682 1551 futuram
732 1520 1002 1567 praeceperat
1052 1511 1204 1561 animo,
1250 1511 1469 1567 ingentem
1514 1513 1600 1553 vim

170 1563 396 1629 {pilorunu
430 1567 665 1609 velitarium
701 1568 925 1617 hastarum,
963 1569 1221 1625 sagittarum,
1258 1569 1522 1626 glandisque,
1557 1579 1600 1611 et

171 1624 478 1675 ‘modicorum,
511 1626 583 1681 qui
615 1626 746 1667 funda
776 1626 885 1666 mitti
917 1636 1100 1682 possent,
1133 1626 1321 1682 lapidum
1353 1637 1595 1683 paraverat:

202 1682 516 1739 instructusque
553 1683 772 1724 missilium
810 1694 1012 1740 apparatu
1049 1684 1102 1725 ad
1141 1684 1375 1742 Olympum
1410 1694 1597 1726 montem
1612 1700 1734 1731 Consul
1751 1699 1792 1728 ad

203 1740 332 1790 ducit,
362 1750 404 1781 et
431 1756 455 1781 a
482 1741 670 1797 quinque
702 1742 831 1782 ferme
864 1741 1046 1783 millibus
1077 1742 1186 1783 locat
1217 1751 1359 1784 eastra.
1424 1743 1597 1784 Postero
1613 1743 1794 1782 Olympum

204 1797 272 1839 die
294 1814 389 1839 curn
407 1799 726 1855 quadringentis
748 1799 959 1855 equitibus
976 1809 1018 1841 et
1036 1800 1182 1841 Attalo
1204 1816 1468 1857 progressum
1485 1817 1596 1851 eum,
1611 1789 1819 1866 {ffgffeffssem

204 1855 258 1897 ad
285 1865 476 1897 naturam
506 1857 659 1898 montis
687 1857 897 1913 situmque
923 1857 1183 1899 Gallicorum
1213 1868 1440 1900 castrorum
1462 1859 1599 1900 visen-
1613 1851 1765 1911 cepessant
1799 1912 1804 1917 .

204 1913 320 1963 dum,
343 1915 506 1970 equites
534 1914 731 1964 hostium,
754 1915 913 1971 duplex
941 1931 1154 1965 numerus,
1181 1917 1302 1958 effusi
1330 1933 1352 1958 e
1381 1917 1524 1958 castris
1555 1917 1599 1958 in
1613 1912 1816 1944 Tolistoboii.

204 1971 346 2027 fugam
375 1982 625 2014 averterunt.
691 1973 831 2014 Occisi
863 1989 1032 2029 quoque
1065 1974 1189 2029 pauci
1220 1974 1486 2030 fugientium,
1509 1975 1601 2016 vul-

205 2029 338 2070 nerati
374 2029 526 2085 plures.
602 2031 748 2072 Tertio
779 2031 846 2071 die
881 2046 977 2072 cum
1011 2032 1205 2072 omnibus
1240 2028 1294 2073 ad
1329 2032 1420 2073 loca
1456 2033 1603 2089 explo-

206 2086 338 2127 randa
359 2087 582 2143 profectus,
606 2088 706 2143 quia
734 2103 859 2129 nemo
881 2088 1064 2129 hostium
1088 2098 1206 2130 extra
1227 2090 1491 2131 munimenta
1506 2105 1602 2146 pro-

206 2144 340 2194 cessit,
364 2153 455 2185 tuto
484 2145 786 2186 circumvectus
815 2155 1014 2194 montem,
1042 2146 1349 2197 animadvertit,
1372 2147 1604 2190 meridiana

176 2202 378 2256 6regione
416 2211 603 2244 terrenos
639 2212 681 2244 et
716 2203 879 2259 placide
916 2204 1093 2245 acclives
1134 2205 1186 2246 ad
1223 2205 1436 2261 quendam
1473 2206 1602 2247 finem

207 2256 333 2301 eolles
354 2275 456 2310 esse,
480 2260 533 2301 ad
553 2261 881 2316 septentrionem
905 2261 1054 2302 arduas
1076 2273 1117 2303 et
1143 2272 1276 2304 rectas
1296 2278 1426 2319 prope
1449 2278 1601 2320 rupes3

208 2326 349 2374 atque,
371 2319 565 2359 omnibus
593 2318 722 2360 ferme
752 2319 842 2359 aliis
870 2319 1004 2369 inviis,
1032 2320 1181 2361 itInera
1212 2321 1290 2361 tria
1321 2335 1435 2362 esse:
1470 2337 1604 2362 unum

208 2376 349 2417 medio
371 2385 527 2426 monte,
551 2392 635 2432 qua
663 2385 828 2418 terrena
856 2385 1000 2418 erant:
1035 2377 1120 2420 duo
1142 2378 1328 2419 difficilia
1352 2379 1403 2419 ab
1425 2378 1603 2420 hiberno

209 2432 306 2475 solis
338 2443 445 2483 ortu,
478 2443 520 2475 et
553 2435 604 2475 ab
638 2435 794 2475 aestivo
827 2449 988 2476 occasu.
1052 2434 1172 2477 Haec
1204 2436 1522 2492 contemplatus,
1553 2452 1604 2478 eo

211 2490 279 2531 die
301 2492 377 2532 sub
399 2491 498 2547 ipsis
519 2491 728 2533 radicibus
750 2493 889 2548 posuit
909 2502 1051 2533 eastra.
1101 2493 1275 2535 Postero
1297 2494 1378 2543 die,
1402 2495 1604 2536 sacrificio

210 2547 332 2597 facto,
355 2564 486 2604 quum
507 2549 652 2605 primis
673 2549 818 2591 hostiis
838 2550 1007 2600 litasset,
1026 2550 1224 2592 trifariam
1246 2552 1477 2593 exercitum
1499 2553 1607 2593 divi-

212 2620 305 2646 sum
338 2605 490 2647 ducere
522 2607 575 2648 ad
605 2607 767 2648 hostem
801 2609 949 2664 pergit.
1014 2608 1108 2664 Ipse
1142 2624 1239 2650 cum
1276 2610 1458 2651 maxima
1489 2620 1606 2667 parte

213 2663 441 2719 copiarum,
474 2679 558 2720 qua
589 2665 887 2721 aequissimum
921 2666 1082 2707 aditum
1119 2667 1345 2723 praebebat
1381 2683 1513 2718 mons,
1545 2683 1609 2709 as-

259 2762 276 2791 3
302 2754 365 2790 Qui
380 2754 526 2791 Alayaba
542 2755 688 2793 dicatur]
715 2756 780 2786 Hic
797 2766 890 2787 mons
934 2756 1020 2788 xxiv.
1039 2766 1088 2795 34.
1113 2758 1220 2789 Cnnv.

215 2796 301 2835 apud
321 2795 406 2826 Flor.
427 2795 514 2835 Epit.
532 2796 562 2826 ii.
585 2806 631 2827 11.
653 2802 685 2827 et
701 2799 792 2829 Sext.
811 2800 888 2829 Ruf.
978 2808 994 2838 5
1021 2801 1236 2841 (ι’ίαηιίὶετμιε]
1263 2811 1305 2831 se.
1324 2800 1483 2831 Globulos
1505 2801 1609 2840 plum-

217 2838 359 2868 Breviar.
383 2848 428 2868 11.
446 2842 652 2869 memoratur.
935 2842 1021 2879 beos,
1040 2843 1093 2882 qui
1111 2844 1210 2873 funda
1227 2843 1448 2873 mittebantur.
1476 2844 1600 2873 Raso-11.

260 2891 279 2918 4
310 2882 499 2912 Velitarium
535 2882 721 2920 hastarum]
769 2883 890 2914 Earum
978 2884 998 2914 6
1021 2886 1076 2915 Ad
1098 2887 1255 2925 quendam
1270 2887 1392 2925 finem]
1433 2885 1546 2925 Usque
1569 2885 1611 2917 ad

217 2923 348 2955 brevem
387 2923 634 2964 descriptionem
672 2926 769 2956 adeas
805 2936 890 2966 supr.
936 2928 1098 2967 quandam
1115 2928 1333 2959 altitudinem.
1358 2928 1464 2958 Cnssv.

1315 2974 1385 3010 22
