1960 3218
575 138 704 180 LIB.
734 137 930 180 XXXV.
976 138 1124 182 CAP.
1159 144 1229 183 41.
1519 145 1603 185 215

199 229 319 280 etius,
342 229 492 271 nuntio
513 229 567 271 ad
587 237 824 286 praetorem
852 229 991 279 misso,
1013 236 1061 271 ut
1085 229 1308 272 reduceret
1334 230 1509 274 domum
1530 248 1601 275 co·
1614 244 1658 276 U.
1676 245 1714 277 C.
1737 244 1809 286 560.

199 288 302 344 pias,
325 288 412 344 ipse
434 287 611 328 navibus
635 285 892 328 Corinthum
913 287 1052 329 rediit.
1611 288 1651 320 A.
1676 289 1713 320 C.
1740 298 1809 330 Ι93·

258 345 539 387 Abstulerunt
566 360 634 386 me
662 344 777 386 velut
807 344 860 387 de
885 345 1021 401 spatio
1053 344 1257 388 Graeciae
1281 361 1347 388 res
1376 347 1595 391 immixtae
1670 352 1738 389 40.

201 402 426 445 Romanis:
460 418 547 445 non
569 402 669 459 quia
689 403 798 459 ipsas
819 418 970 459 operae
992 404 1174 460 pretium
1195 413 1303 447 esset
1323 406 1594 462 perscribere,

167 461 273 502 2sed
294 462 394 517 quia
421 476 568 502 causae
597 460 768 502 fuerunt
795 476 892 502 cum
921 461 1137 503 Antiocho
1165 462 1276 504 belli.
1341 464 1596 506 Consulibus
1609 473 1676 521 Res
1693 473 1759 504 Ita-

196 518 436 575 designatis‚
459 519 579 575 (inde
601 534 784 575 namque
813 519 1094 575 deverteram)
1115 519 1165 561 L.
1189 521 1417 569 Quinctius
1445 530 1488 563 et
1511 522 1592 564 Cn.
1607 516 1681 548 hae.

153 621 157 625 ,
196 576 413 618 Domitius
438 576 629 618 consules
661 577 705 618 in
734 577 970 633 provincias
999 578 1175 633 profecti
1204 587 1328 620 sunt:
1366 579 1595 628 Quinctius

195 634 240 675 in
274 634 465 691 Ligures,
499 634 714 676 Domitius
749 635 948 676 adversus
980 635 1119 678 Boios.
1183 635 1280 678 Boii
1312 637 1590 693 quieverunt:

194 701 321 749 atque
353 693 479 734 etiam
510 701 680 734 senatus
709 708 855 734 eorum
885 708 982 734 cum
1012 693 1166 744 liberis,
1193 702 1235 736 et
1265 695 1465 751 praefecti
1496 711 1592 737 cum

195 751 386 806 equitatu
409 751 592 807 (summa
613 751 802 792 omnium
824 751 938 792 mille
961 759 1003 792 et
1024 752 1268 808 quingenti)
1289 753 1452 794 consuli
1473 753 1594 795 dedi—

193 808 350 849 derunt
371 823 471 850 sese.
535 809 606 849 Ab
624 808 754 850 altero
771 809 941 850 consule
965 824 1063 865 ager
1084 809 1293 866 Ligurum
1314 810 1396 852 late
1420 820 1482 852 est
1503 827 1594 853 vas--

196 874 317 915 tatus,
350 866 604 922 castellaque
637 866 799 923 aliquot
829 876 972 923 capta:
1016 867 1129 908 unde
1162 884 1248 909 non
1280 869 1436 925 praeda
1466 869 1594 911 modo

193 924 329 965 omnis
355 925 520 980 generis
548 940 645 965 eum
673 925 846 981 captivis
870 934 1001 981 parta,
1031 925 1105 967 sed
1132 927 1290 983 recepti
1320 942 1489 983 quoque
1518 927 1593 969 ali-

192 991 297 1037 quot
318 983 428 1023 cives
449 982 649 1038 sociique,
672 983 745 1039 qui
766 983 811 1023 in
832 983 1017 1024 hostium
1037 992 1243 1040 potestate
1266 984 1443 1026 fuerant.
1508 985 1594 1027 Eo-

193 1040 290 1081 dem
312 1040 392 1081 hoc
413 1056 524 1081 anno
546 1040 759 1082 Vibonem
781 1041 946 1082 colonia
962 1042 1146 1083 deducta
1167 1051 1229 1083 est
1250 1058 1305 1083 ex
1321 1052 1593 1084 senatuscon-

191 1097 301 1139 sulto
331 1098 555 1154 plebeique
587 1098 701 1139 scito.
766 1098 867 1139 Tria
897 1099 1027 1140 millia
1057 1108 1100 1140 et
1134 1100 1391 1156 septingenti
1426 1101 1592 1157 pedites

190 1155 343 1205 ierunt,
381 1156 559 1197 trecenti
595 1156 769 1211 equites.
834 1156 1064 1197 Triumviri
1104 1156 1374 1199 deduxerunt
1409 1174 1492 1209 eos,
1535 1158 1577 1208 Q

192 1212 392 1263 Naevius,
423 1213 485 1254 Μ.
507 1213 736 1263 Minucius,
761 1212 822 1254 M.
843 1213 993 1255 Furius
1017 1215 1242 1271 Crassipes.
1310 1215 1455 1264 Quina
1482 1217 1593 1258 dena

190 1270 333 1327 iugera
365 1271 452 1327 agri
489 1270 587 1312 data
622 1271 665 1311 in
697 1271 883 1327 singulos
913 1271 1076 1328 pedites
1108 1281 1219 1322 sunt,
1252 1273 1411 1330 duplex
1442 1275 1589 1330 equiti.

158 1344 176 1375 3
190 1327 453 1370 Bruttiorum
469 1329 660 1385 proxime
681 1329 818 1370 fuerat
839 1344 954 1385 ager:
991 1329 1149 1371 Bruttii
1163 1340 1363 1387 ceperant
1386 1331 1439 1373 de
1457 1332 1592 1374 Grae-

189 1386 258 1427 cis.
323 1386 485 1428 Romae
514 1402 589 1442 per
616 1386 730 1428 idem
755 1396 921 1443 tempus
946 1387 1031 1429 duo
1059 1388 1233 1429 maximi
1261 1389 1433 1431 fuerunt
1460 1398 1592 1432 terro-

188 1459 278 1494 res3
312 1444 503 1486 diutinus
524 1444 642 1495 alter,
665 1444 739 1486 sed
761 1445 939 1501 segnior.
1004 1445 1137 1487 Terra
1158 1446 1247 1488 dies
1268 1447 1591 1503 duodequadra-

188 1502 307 1558 ginta
337 1502 478 1544 movit.
542 1502 626 1544 Per
660 1502 837 1544 totidem
870 1502 960 1544 dies
990 1503 1117 1545 feriae
1148 1504 1194 1544 in
1225 1504 1509 1547 sollicitudine
1541 1522 1589 1548 ac

189 1569 306 1601 metu
334 1560 463 1601 fuere.
527 1560 578 1601 In
607 1560 795 1601 triduum
822 1561 912 1602 eius
940 1562 1000 1602 rei
1029 1577 1152 1603 causa
1172 1562 1423 1619 supplicatio
1447 1563 1590 1606 habita

157 1622 262 1663 4est.
325 1617 402 1659 Ille
424 1633 510 1659 non
538 1633 668 1674 pavor
694 1634 837 1668 vanus,
861 1618 933 1659 sed
962 1634 1059 1660 vera
1080 1619 1309 1661 multorum
1337 1621 1475 1663 clades
1496 1622 1588 1664 fuit.

189 1675 395 1717 Incendio
426 1691 451 1716 a
477 1676 566 1717 foro
596 1676 749 1717 Boario
778 1686 882 1726 orto,
906 1676 1019 1718 diem
1048 1686 1302 1734 noctemque
1332 1679 1524 1721 aedificia
1544 1680 1590 1721 in

189 1733 377 1775 Tiberim
399 1749 516 1775 versa
537 1749 686 1784 arsere,
711 1735 992 1791 tabernaeque
1015 1750 1160 1777 omnes
1183 1751 1279 1777 cum
1301 1737 1443 1793 magni
1464 1738 1586 1794 pretii

188 1792 396 1833 mercibus
417 1792 791 1847 conflagraverunt.

246 1849 336 1890 Iam
357 1850 442 1890 fere
464 1849 510 1890 in
535 1850 653 1891 exitu
680 1865 815 1891 annus
843 1858 954 1892 erat:
989 1860 1032 1892 et
1056 1851 1100 1892 in
1123 1851 1213 1893 dies
1240 1853 1372 1908 magis
1393 1852 1503 1894 fama
1533 1853 1586 1895 de
1664 1859 1732 1896 41.

188 1907 393 1948 Antiochi
408 1907 531 1956 bello,
554 1916 596 1948 et
617 1923 717 1949 cura
738 1908 934 1949 Patribus
955 1910 1178 1951 crescebat.
1241 1909 1392 1967 Itaque
1415 1910 1468 1953 de
1490 1927 1587 1968 pro·
1600 1914 1787 1953 Apparatus

187 1965 334 2006 vinciis
363 1965 681 2020 magistratuum
709 1965 1036 2022 designatorum,
1060 1983 1145 2023 quo
1173 1967 1420 2010 intentiores
1449 1979 1588 2011 essent
1600 1958 1641 1988 ad
1655 1958 1789 1989 bellum.

188 2037 347 2072 omnes,
389 2023 535 2078 agitari
576 2032 773 2079 coeptum
814 2033 887 2065 est.
963 2024 1214 2074 Decrevere,
1258 2035 1305 2067 ut
1346 2027 1587 2068 consulibus

188 2079 322 2129 Italia,
346 2088 388 2120 et
409 2096 493 2136 quo
515 2089 684 2121 senatus
711 2081 953 2130 censuisset,
976 2082 1079 2136 (iam
1102 2097 1189 2123 esse
1211 2083 1370 2124 bellum
1391 2084 1587 2125 adversus

189 2137 451 2178 Antiochum
473 2153 615 2193 regem
633 2153 777 2178 omnes
799 2138 1006 2193 sciebant)
1022 2140 1261 2194 provinciae
1283 2150 1431 2182 essent.
1498 2142 1588 2183 Cu-

187 2195 252 2236 ius
274 2210 322 2236 ea
343 2210 429 2236 sors
450 2204 570 2245 esset,
593 2204 793 2252 quattuor
821 2195 951 2236 millia
977 2196 1169 2252 peditum
1192 2198 1347 2239 civium
1371 2198 1587 2242 Romano-

186 2267 292 2303 rum,
316 2262 358 2294 et
388 2254 566 2294 trecenti
595 2253 769 2309 equites,
793 2268 866 2294 sex
889 2253 1019 2294 millia
1046 2255 1206 2296 socium
1233 2255 1376 2297 Latini
1399 2258 1584 2302 nominis

186 2325 283 2352 cum
312 2311 631 2367 quadringentis
660 2311 872 2367 equitibus
894 2320 991 2352 sunt
1012 2311 1191 2354 decreta.
1256 2313 1415 2355 Eorum
1444 2315 1584 2357 delec-

186 2376 277 2409 tum
298 2368 452 2410 habere
475 2366 523 2410 L.
544 2369 772 2417 Quinctius
793 2368 938 2410 consul
960 2369 1117 2419 iussus3
1151 2386 1203 2411 ne
1219 2371 1323 2427 quid
1340 2382 1583 2424 moraretur,

187 2441 271 2481 quo
300 2427 438 2467 minus
459 2427 605 2468 consul
633 2442 779 2477 novuS,
802 2442 887 2483 quo
909 2435 1077 2468 senatus
1106 2430 1348 2479 censuisset,
1372 2430 1586 2487 extemplo

231 2575 247 2595 ο.
273 2567 463 2597 Consulibus
473 2568 647 2606 clesifflmcis
660 2591 667 2599 .
680 2591 687 2598 .
700 2591 707 2598 .
719 2568 863 2599 consules
909 2568 961 2598 cul
978 2567 1076 2598 dubio
1090 2569 1313 2608 deprehendes
1328 2569 1380 2600 hic
1394 2581 1457 2600 non
1473 2570 1585 2602 imme-

187 2610 223 2638 in
247 2610 448 2647 provincias]
480 2610 574 2640 Haec
598 2620 674 2641 sane
698 2610 863 2640 conciliari
908 2611 981 2648 rito,
1002 2610 1033 2640 in
1054 2621 1086 2641 re
1108 2612 1238 2650 quidem
1261 2612 1362 2650 tenui,
1383 2613 1472 2653 argui
1492 2624 1586 2653 posse

188 2661 251 2680 non
271 2656 402 2689 possunt
419 2662 491 2682 cum
509 2653 547 2683 iis
562 2663 646 2692 quae
662 2663 748 2692 supr.
764 2662 812 2683 22.
830 2657 862 2683 et
909 2653 1038 2684 Livium
1055 2654 1287 2693 indiligentiae.
1314 2656 1421 2686 Ciu-zv.

190 2703 239 2730 ²4-
256 2694 395 2723 narravit
413 2694 533 2725 Livius.
581 2695 655 2726 Illic
668 2696 752 2726 enim
767 2697 864 2726 ambo
952 2705 968 2734 3
997 2698 1214 2734 Bruttiorum]
1242 2698 1280 2727 cf.
1299 2698 1392 2736 Supr.
1407 2698 1516 2730 xxxiv.
1534 2706 1584 2737 45.

188 2736 336 2766 consules
352 2737 468 2767 diserte
489 2743 708 2768 memorantur
728 2738 863 2777 profecti
951 2749 970 2776 4
994 2740 1054 2769 Ille
1077 2750 1141 2769 non
1162 2750 1266 2779 pavor
1290 2742 1408 2778 vanus]
1442 2743 1504 2772 Ille
1529 2752 1585 2780 pro

189 2779 292 2817 primo
309 2778 341 2808 in
362 2779 540 2817 provincias
557 2793 565 2816 ;
588 2790 663 2810 mox
686 2781 861 2816 Quinctius
905 2782 1000 2819 alter,
1016 2782 1101 2820 quod
1121 2783 1374 2821 exspectandum
1402 2788 1480 2819 erat,
1503 2784 1584 2822 posi-

187 2822 227 2851 ad
251 2821 398 2852 habenda
420 2822 550 2851 coniitia
571 2833 725 2853 novorum
747 2834 860 2853 consu·
906 2829 974 2853 tuni
987 2828 1085 2860 est,et
1096 2825 1392 2857 antccetlentiulter
1402 2827 1585 2865 respondet.

190 2864 255 2893 lum
274 2868 440 2894 revocatus
453 2865 602 2896 Rolnam.
636 2865 777 2904 Reliqua
787 2876 860 2896 con·
907 2866 946 2896 cf.
965 2866 1050 2898 Flor.
1073 2866 1113 2897 iv.
1134 2875 1159 2906 7.
1186 2867 1272 2898 Plin.
1292 2869 1337 2898 fl.
1354 2868 1396 2900 N.
1422 2868 1509 2899 xxiV.
1538 2878 1584 2906 14.

189 2905 236 2936 fer
256 2916 295 2937 ex
312 2907 372 2937 hoc
393 2907 463 2937 loco
485 2917 558 2937 cum
576 2917 646 2946 cap.
671 2917 719 2939 22.
736 2918 773 2938 ac
792 2918 860 2947 pro-
907 2908 975 2940 Cic.
993 2919 1050 2948 pro
1068 2910 1164 2940 Rosc.
1181 2909 1210 2941 6.
1236 2911 1363 2941 RASCH.
