<?xml version="1.0" encoding="UTF-8"?>
<!DOCTYPE html PUBLIC "-//W3C//DTD XHTML 1.0 Transitional//EN"
    "http://www.w3.org/TR/xhtml1/DTD/xhtml1-transitional.dtd">
<html xmlns="http://www.w3.org/1999/xhtml" xml:lang="en" lang="en">
 <head>
  <title>
</title>
<meta http-equiv="Content-Type" content="text/html;charset=utf-8" />
  <meta name='ocr-system' content='tesseract 3.04.00' />
  <meta name='ocr-capabilities' content='ocr_page ocr_carea ocr_par ocr_line ocrx_word'/>
</head>
<body>
  <div class='ocr_page' id='page_1' title='image "./historiarumli03livyuoft_0450.png"; bbox 0 0 1960 3218; ppageno 0'>
   <div class='ocr_carea' id='block_1_1' title="bbox 340 129 1222 172">
    <p class='ocr_par' dir='ltr' id='par_1_1' title="bbox 340 129 1222 172">
     <span class='ocr_line' id='line_1_1' title="bbox 340 129 1222 172; baseline 0 -1"><span class='ocrx_word' id='word_1_1' title='bbox 340 134 424 172; x_wconf 80' lang='grc'>428</span> <span class='ocrx_word' id='word_1_2' title='bbox 853 129 1001 171; x_wconf 88' lang='lat' dir='ltr'>TITI</span> <span class='ocrx_word' id='word_1_3' title='bbox 1044 129 1222 171; x_wconf 84' lang='lat' dir='ltr'>LIVll</span> 
     </span>
    </p>
   </div>
   <div class='ocr_carea' id='block_1_2' title="bbox 132 218 1776 2415">
    <p class='ocr_par' dir='ltr' id='par_1_2' title="bbox 132 218 1776 2415">
     <span class='ocr_line' id='line_1_2' title="bbox 135 218 1738 277; baseline -0.004 -14"><span class='ocrx_word' id='word_1_4' title='bbox 135 227 235 259; x_wconf 85' lang='lat' dir='ltr'>U.C</span> <span class='ocrx_word' id='word_1_5' title='bbox 258 221 530 277; x_wconf 80' lang='lat' dir='ltr'>569.profecti.</span> <span class='ocrx_word' id='word_1_6' title='bbox 610 220 838 262; x_wconf 83' lang='lat' dir='ltr'>Marcellus</span> <span class='ocrx_word' id='word_1_7' title='bbox 878 220 1075 261; x_wconf 89' lang='lat' dir='ltr'>nuntium</span> <span class='ocrx_word' id='word_1_8' title='bbox 1116 220 1331 277; x_wconf 80' lang='lat' dir='ltr'>praemisit</span> <span class='ocrx_word' id='word_1_9' title='bbox 1372 219 1424 261; x_wconf 86' lang='lat' dir='ltr'>ad</span> <span class='ocrx_word' id='word_1_10' title='bbox 1461 219 1510 260; x_wconf 89' lang='lat' dir='ltr'>L.</span> <span class='ocrx_word' id='word_1_11' title='bbox 1541 218 1738 260; x_wconf 89' lang='lat' dir='ltr'>Porcium</span> 
     </span>
     <span class='ocr_line' id='line_1_3' title="bbox 132 271 1739 335; baseline -0.002 -15"><span class='ocrx_word' id='word_1_12' title='bbox 132 271 173 301; x_wconf 79' lang='lat' dir='ltr'>A·</span> <span class='ocrx_word' id='word_1_13' title='bbox 198 271 236 302; x_wconf 63' lang='lat' dir='ltr'>C·</span> <span class='ocrx_word' id='word_1_14' title='bbox 262 272 651 335; x_wconf 62' lang='grc'>183·1110601151116111,</span> <span class='ocrx_word' id='word_1_15' title='bbox 670 287 715 319; x_wconf 86' lang='lat' dir='ltr'>ut</span> <span class='ocrx_word' id='word_1_16' title='bbox 739 278 792 319; x_wconf 87' lang='lat' dir='ltr'>ad</span> <span class='ocrx_word' id='word_1_17' title='bbox 813 293 970 319; x_wconf 85' lang='lat' dir='ltr'>novum</span> <span class='ocrx_word' id='word_1_18' title='bbox 991 277 1209 319; x_wconf 85' lang='lat' dir='ltr'>Gallorum</span> <span class='ocrx_word' id='word_1_19' title='bbox 1233 278 1436 334; x_wconf 89' lang='lat' dir='ltr'>oppidum</span> <span class='ocrx_word' id='word_1_20' title='bbox 1458 277 1643 333; x_wconf 77' lang='lat' dir='ltr'>legiones</span> <span class='ocrx_word' id='word_1_21' title='bbox 1665 276 1739 317; x_wconf 88' lang='lat' dir='ltr'>ad-</span> 
     </span>
     <span class='ocr_line' id='line_1_4' title="bbox 134 334 1740 394; baseline -0.001 -18"><span class='ocrx_word' id='word_1_22' title='bbox 134 346 174 377; x_wconf 88' lang='lat' dir='ltr'>In</span> <span class='ocrx_word' id='word_1_23' title='bbox 193 346 334 394; x_wconf 56' lang='lat' dir='ltr'>Venetia</span> <span class='ocrx_word' id='word_1_24' title='bbox 346 345 542 378; x_wconf 89' lang='lat' dir='ltr'>moveret.</span> <span class='ocrx_word' id='word_1_25' title='bbox 596 336 857 378; x_wconf 88' lang='lat' dir='ltr'>Advenienti</span> <span class='ocrx_word' id='word_1_26' title='bbox 879 336 1039 377; x_wconf 91' lang='lat' dir='ltr'>consuli</span> <span class='ocrx_word' id='word_1_27' title='bbox 1060 336 1174 377; x_wconf 82' lang='lat' dir='ltr'>Galli</span> <span class='ocrx_word' id='word_1_28' title='bbox 1187 351 1275 377; x_wconf 90' lang='lat' dir='ltr'>sese</span> <span class='ocrx_word' id='word_1_29' title='bbox 1298 335 1564 377; x_wconf 88' lang='lat' dir='ltr'>dediderunt.</span> <span class='ocrx_word' id='word_1_30' title='bbox 1618 334 1740 375; x_wconf 91' lang='lat' dir='ltr'>Duo-</span> 
     </span>
     <span class='ocr_line' id='line_1_5' title="bbox 134 389 1739 462; baseline -0.002 -26"><span class='ocrx_word' id='word_1_31' title='bbox 134 389 333 462; x_wconf 53' lang='lat' dir='ltr'>(sialpsede-</span> <span class='ocrx_word' id='word_1_32' title='bbox 346 394 484 436; x_wconf 88' lang='lat' dir='ltr'>decim</span> <span class='ocrx_word' id='word_1_33' title='bbox 518 394 648 435; x_wconf 83' lang='lat' dir='ltr'>millia</span> <span class='ocrx_word' id='word_1_34' title='bbox 680 403 934 435; x_wconf 88' lang='lat' dir='ltr'>armatorum</span> <span class='ocrx_word' id='word_1_35' title='bbox 968 402 1097 435; x_wconf 87' lang='lat' dir='ltr'>erant.</span> <span class='ocrx_word' id='word_1_36' title='bbox 1161 393 1360 449; x_wconf 83' lang='lat' dir='ltr'>Plerique</span> <span class='ocrx_word' id='word_1_37' title='bbox 1394 409 1508 435; x_wconf 89' lang='lat' dir='ltr'>arma</span> <span class='ocrx_word' id='word_1_38' title='bbox 1543 407 1596 434; x_wconf 82' lang='lat' dir='ltr'>ex</span> <span class='ocrx_word' id='word_1_39' title='bbox 1631 391 1739 447; x_wconf 81' lang='lat' dir='ltr'>agris</span> 
     </span>
     <span class='ocr_line' id='line_1_6' title="bbox 132 442 1740 508; baseline -0.002 -14"><span class='ocrx_word' id='word_1_40' title='bbox 132 443 205 505; x_wconf 43' lang='lat'>{12²1}</span> <span class='ocrx_word' id='word_1_41' title='bbox 231 442 304 462; x_wconf 32' lang='grc' dir='ltr'>οων</span> <span class='ocrx_word' id='word_1_42' title='bbox 345 462 464 508; x_wconf 85' lang='lat' dir='ltr'>rapta</span> <span class='ocrx_word' id='word_1_43' title='bbox 483 452 705 494; x_wconf 82' lang='lat' dir='ltr'>habebant.</span> <span class='ocrx_word' id='word_1_44' title='bbox 770 451 833 493; x_wconf 88' lang='lat' dir='ltr'>Ea</span> <span class='ocrx_word' id='word_1_45' title='bbox 860 467 981 508; x_wconf 80' lang='lat' dir='ltr'>aegre</span> <span class='ocrx_word' id='word_1_46' title='bbox 1013 452 1269 508; x_wconf 89' lang='lat' dir='ltr'>patientibus</span> <span class='ocrx_word' id='word_1_47' title='bbox 1299 452 1349 493; x_wconf 88' lang='lat' dir='ltr'>iis</span> <span class='ocrx_word' id='word_1_48' title='bbox 1380 451 1588 507; x_wconf 83' lang='lat' dir='ltr'>adempta,</span> <span class='ocrx_word' id='word_1_49' title='bbox 1611 464 1740 506; x_wconf 87' lang='lat' dir='ltr'>quae-</span> 
     </span>
     <span class='ocr_line' id='line_1_7' title="bbox 346 507 1740 567; baseline -0.002 -16"><span class='ocrx_word' id='word_1_50' title='bbox 346 526 428 566; x_wconf 92' lang='lat' dir='ltr'>que</span> <span class='ocrx_word' id='word_1_51' title='bbox 450 509 531 551; x_wconf 83' lang='lat' dir='ltr'>alia</span> <span class='ocrx_word' id='word_1_52' title='bbox 551 520 623 551; x_wconf 90' lang='lat' dir='ltr'>aut</span> <span class='ocrx_word' id='word_1_53' title='bbox 643 510 894 567; x_wconf 83' lang='lat' dir='ltr'>populantes</span> <span class='ocrx_word' id='word_1_54' title='bbox 924 525 1043 565; x_wconf 81' lang='lat' dir='ltr'>agros</span> <span class='ocrx_word' id='word_1_55' title='bbox 1072 518 1310 565; x_wconf 88' lang='lat' dir='ltr'>rapuerant,</span> <span class='ocrx_word' id='word_1_56' title='bbox 1333 519 1405 550; x_wconf 90' lang='lat' dir='ltr'>aut</span> <span class='ocrx_word' id='word_1_57' title='bbox 1425 524 1566 550; x_wconf 89' lang='lat' dir='ltr'>seeum</span> <span class='ocrx_word' id='word_1_58' title='bbox 1589 507 1740 549; x_wconf 89' lang='lat' dir='ltr'>attule-</span> 
     </span>
     <span class='ocr_line' id='line_1_8' title="bbox 344 566 1740 623; baseline -0.003 -14"><span class='ocrx_word' id='word_1_59' title='bbox 344 577 449 609; x_wconf 84' lang='lat' dir='ltr'>rant.</span> <span class='ocrx_word' id='word_1_60' title='bbox 524 568 592 609; x_wconf 92' lang='lat' dir='ltr'>De</span> <span class='ocrx_word' id='word_1_61' title='bbox 638 568 703 609; x_wconf 90' lang='lat' dir='ltr'>his</span> <span class='ocrx_word' id='word_1_62' title='bbox 748 568 872 609; x_wconf 91' lang='lat' dir='ltr'>rebus</span> <span class='ocrx_word' id='word_1_63' title='bbox 912 568 985 623; x_wconf 91' lang='lat' dir='ltr'>qui</span> <span class='ocrx_word' id='word_1_64' title='bbox 1026 575 1315 623; x_wconf 79' lang='lat' dir='ltr'>quererentur,</span> <span class='ocrx_word' id='word_1_65' title='bbox 1357 567 1515 623; x_wconf 77' lang='lat' dir='ltr'>legatos</span> <span class='ocrx_word' id='word_1_66' title='bbox 1559 566 1740 607; x_wconf 87' lang='lat' dir='ltr'>Romam</span> 
     </span>
     <span class='ocr_line' id='line_1_9' title="bbox 344 621 1739 680; baseline -0.003 -13"><span class='ocrx_word' id='word_1_67' title='bbox 344 626 559 667; x_wconf 88' lang='lat' dir='ltr'>miserunt.</span> <span class='ocrx_word' id='word_1_68' title='bbox 642 625 879 667; x_wconf 88' lang='lat' dir='ltr'>Introducti</span> <span class='ocrx_word' id='word_1_69' title='bbox 913 625 955 665; x_wconf 90' lang='lat' dir='ltr'>in</span> <span class='ocrx_word' id='word_1_70' title='bbox 990 633 1183 666; x_wconf 86' lang='lat' dir='ltr'>senatum</span> <span class='ocrx_word' id='word_1_71' title='bbox 1219 639 1243 665; x_wconf 86' lang='lat' dir='ltr'>a</span> <span class='ocrx_word' id='word_1_72' title='bbox 1279 621 1516 666; x_wconf 84' lang='lat' dir='ltr'>C.Valerio</span> <span class='ocrx_word' id='word_1_73' title='bbox 1547 632 1739 680; x_wconf 85' lang='lat' dir='ltr'>praetore</span> 
     </span>
     <span class='ocr_line' id='line_1_10' title="bbox 344 681 1741 740; baseline -0.003 -15"><span class='ocrx_word' id='word_1_74' title='bbox 344 692 644 740; x_wconf 81' lang='lat' dir='ltr'>exposuerunt,</span> <span class='ocrx_word' id='word_1_75' title='bbox 681 690 693 708; x_wconf 84' lang='lat'>‘</span> <span class='ocrx_word' id='word_1_76' title='bbox 709 683 776 733; x_wconf 83' lang='lat' dir='ltr'>Se,</span> <span class='ocrx_word' id='word_1_77' title='bbox 799 690 1023 739; x_wconf 86' lang='lat' dir='ltr'>superante</span> <span class='ocrx_word' id='word_1_78' title='bbox 1055 682 1100 722; x_wconf 90' lang='grc'>111</span> <span class='ocrx_word' id='word_1_79' title='bbox 1125 681 1264 723; x_wconf 87' lang='lat' dir='ltr'>Gallia</span> <span class='ocrx_word' id='word_1_80' title='bbox 1290 681 1575 731; x_wconf 89' lang='lat' dir='ltr'>multitudine,</span> <span class='ocrx_word' id='word_1_81' title='bbox 1598 681 1741 737; x_wconf 86' lang='lat' dir='ltr'>inopia</span> 
     </span>
     <span class='ocr_line' id='line_1_11' title="bbox 346 738 1741 798; baseline -0.003 -15"><span class='ocrx_word' id='word_1_82' title='bbox 346 746 536 783; x_wconf 86' lang='lat' dir='ltr'>‘coaetos</span> <span class='ocrx_word' id='word_1_83' title='bbox 575 742 663 798; x_wconf 80' lang='lat' dir='ltr'>agri</span> <span class='ocrx_word' id='word_1_84' title='bbox 703 750 746 782; x_wconf 88' lang='lat' dir='ltr'>et</span> <span class='ocrx_word' id='word_1_85' title='bbox 786 748 984 796; x_wconf 80' lang='lat' dir='ltr'>egestate,</span> <span class='ocrx_word' id='word_1_86' title='bbox 1019 740 1073 781; x_wconf 85' lang='lat' dir='ltr'>ad</span> <span class='ocrx_word' id='word_1_87' title='bbox 1108 739 1394 796; x_wconf 89' lang='lat' dir='ltr'>quaerendam</span> <span class='ocrx_word' id='word_1_88' title='bbox 1431 739 1574 780; x_wconf 88' lang='lat' dir='ltr'>sedem</span> <span class='ocrx_word' id='word_1_89' title='bbox 1608 738 1741 794; x_wconf 90' lang='lat' dir='ltr'>Alpes</span> 
     </span>
     <span class='ocr_line' id='line_1_12' title="bbox 346 796 1741 855; baseline -0.003 -15"><span class='ocrx_word' id='word_1_90' title='bbox 346 805 667 855; x_wconf 76' lang='lat' dir='ltr'>‘transgressos:</span> <span class='ocrx_word' id='word_1_91' title='bbox 712 814 819 855; x_wconf 87' lang='lat' dir='ltr'>quae</span> <span class='ocrx_word' id='word_1_92' title='bbox 856 798 1015 839; x_wconf 82' lang='lat' dir='ltr'>inculta</span> <span class='ocrx_word' id='word_1_93' title='bbox 1049 812 1125 854; x_wconf 90' lang='lat' dir='ltr'>per</span> <span class='ocrx_word' id='word_1_94' title='bbox 1160 797 1409 838; x_wconf 84' lang='lat' dir='ltr'>solitudines</span> <span class='ocrx_word' id='word_1_95' title='bbox 1443 797 1648 845; x_wconf 88' lang='lat' dir='ltr'>viderent,</span> <span class='ocrx_word' id='word_1_96' title='bbox 1681 796 1741 837; x_wconf 90' lang='lat' dir='ltr'>ibi</span> 
     </span>
     <span class='ocr_line' id='line_1_13' title="bbox 345 854 1740 912; baseline -0.003 -14"><span class='ocrx_word' id='word_1_97' title='bbox 345 862 357 880; x_wconf 84' lang='lat'>‘</span> <span class='ocrx_word' id='word_1_98' title='bbox 370 858 458 898; x_wconf 90' lang='lat' dir='ltr'>sine</span> <span class='ocrx_word' id='word_1_99' title='bbox 481 857 607 898; x_wconf 89' lang='lat' dir='ltr'>ullius</span> <span class='ocrx_word' id='word_1_100' title='bbox 627 857 781 898; x_wconf 86' lang='lat' dir='ltr'>iniuria</span> <span class='ocrx_word' id='word_1_101' title='bbox 801 855 1051 897; x_wconf 88' lang='lat' dir='ltr'>consedisse.</span> <span class='ocrx_word' id='word_1_102' title='bbox 1099 854 1319 912; x_wconf 90' lang='lat' dir='ltr'>Oppidum</span> <span class='ocrx_word' id='word_1_103' title='bbox 1333 870 1503 912; x_wconf 90' lang='lat' dir='ltr'>quoque</span> <span class='ocrx_word' id='word_1_104' title='bbox 1521 854 1740 895; x_wconf 86' lang='lat' dir='ltr'>aedificare</span> 
     </span>
     <span class='ocr_line' id='line_1_14' title="bbox 346 910 1742 971; baseline -0.003 -15"><span class='ocrx_word' id='word_1_105' title='bbox 346 915 580 971; x_wconf 74' lang='lat' dir='ltr'>‘coepisset</span> <span class='ocrx_word' id='word_1_106' title='bbox 620 914 736 971; x_wconf 89' lang='lat' dir='ltr'>quod</span> <span class='ocrx_word' id='word_1_107' title='bbox 771 913 977 955; x_wconf 90' lang='lat' dir='ltr'>indicium</span> <span class='ocrx_word' id='word_1_108' title='bbox 1011 921 1130 964; x_wconf 89' lang='lat' dir='ltr'>esset,</span> <span class='ocrx_word' id='word_1_109' title='bbox 1168 928 1247 954; x_wconf 87' lang='lat' dir='ltr'>nec</span> <span class='ocrx_word' id='word_1_110' title='bbox 1283 928 1394 969; x_wconf 78' lang='lat' dir='ltr'>agro,</span> <span class='ocrx_word' id='word_1_111' title='bbox 1429 927 1507 954; x_wconf 86' lang='lat' dir='ltr'>nec</span> <span class='ocrx_word' id='word_1_112' title='bbox 1540 911 1634 953; x_wconf 89' lang='lat' dir='ltr'>urbi</span> <span class='ocrx_word' id='word_1_113' title='bbox 1666 910 1742 952; x_wconf 91' lang='lat' dir='ltr'>ulli</span> 
     </span>
     <span class='ocr_line' id='line_1_15' title="bbox 345 970 1742 1027; baseline -0.003 -13"><span class='ocrx_word' id='word_1_114' title='bbox 345 973 456 1014; x_wconf 81' lang='lat' dir='ltr'>‘vim</span> <span class='ocrx_word' id='word_1_115' title='bbox 486 972 683 1014; x_wconf 84' lang='lat' dir='ltr'>allaturos</span> <span class='ocrx_word' id='word_1_116' title='bbox 712 972 886 1014; x_wconf 83' lang='lat' dir='ltr'>venisse.</span> <span class='ocrx_word' id='word_1_117' title='bbox 951 971 1103 1027; x_wconf 87' lang='lat' dir='ltr'>Nuper</span> <span class='ocrx_word' id='word_1_118' title='bbox 1130 970 1193 1012; x_wconf 92' lang='lat' dir='ltr'>M.</span> <span class='ocrx_word' id='word_1_119' title='bbox 1213 970 1442 1012; x_wconf 85' lang='lat' dir='ltr'>Claudium</span> <span class='ocrx_word' id='word_1_120' title='bbox 1474 970 1528 1011; x_wconf 89' lang='lat' dir='ltr'>ad</span> <span class='ocrx_word' id='word_1_121' title='bbox 1558 985 1600 1011; x_wconf 91' lang='lat' dir='ltr'>se</span> <span class='ocrx_word' id='word_1_122' title='bbox 1632 984 1742 1010; x_wconf 91' lang='lat' dir='ltr'>nun-</span> 
     </span>
     <span class='ocr_line' id='line_1_16' title="bbox 345 1028 1738 1084; baseline -0.003 -12"><span class='ocrx_word' id='word_1_123' title='bbox 345 1030 477 1072; x_wconf 85' lang='lat' dir='ltr'>‘tium</span> <span class='ocrx_word' id='word_1_124' title='bbox 509 1031 681 1080; x_wconf 87' lang='lat' dir='ltr'>misisse,</span> <span class='ocrx_word' id='word_1_125' title='bbox 703 1029 861 1072; x_wconf 89' lang='lat' dir='ltr'>bellum</span> <span class='ocrx_word' id='word_1_126' title='bbox 883 1044 926 1070; x_wconf 93' lang='lat' dir='ltr'>se</span> <span class='ocrx_word' id='word_1_127' title='bbox 949 1044 1045 1070; x_wconf 90' lang='lat' dir='ltr'>cum</span> <span class='ocrx_word' id='word_1_128' title='bbox 1066 1029 1129 1079; x_wconf 80' lang='lat' dir='ltr'>iis,</span> <span class='ocrx_word' id='word_1_129' title='bbox 1153 1029 1198 1069; x_wconf 92' lang='lat' dir='ltr'>ni</span> <span class='ocrx_word' id='word_1_130' title='bbox 1219 1028 1488 1078; x_wconf 87' lang='lat' dir='ltr'>dederentur,</span> <span class='ocrx_word' id='word_1_131' title='bbox 1510 1036 1738 1084; x_wconf 81' lang='lat' dir='ltr'>gesturum.</span> 
     </span>
     <span class='ocr_line' id='line_1_17' title="bbox 345 1084 1772 1144; baseline -0.004 -14"><span class='ocrx_word' id='word_1_132' title='bbox 345 1093 358 1111; x_wconf 91' lang='lat'>‘</span> <span class='ocrx_word' id='word_1_133' title='bbox 374 1087 442 1138; x_wconf 87' lang='lat' dir='ltr'>Se,</span> <span class='ocrx_word' id='word_1_134' title='bbox 465 1098 633 1138; x_wconf 86' lang='lat' dir='ltr'>certam,</span> <span class='ocrx_word' id='word_1_135' title='bbox 656 1088 732 1130; x_wconf 89' lang='lat' dir='ltr'>etsi</span> <span class='ocrx_word' id='word_1_136' title='bbox 754 1103 841 1129; x_wconf 90' lang='lat' dir='ltr'>non</span> <span class='ocrx_word' id='word_1_137' title='bbox 863 1087 1106 1144; x_wconf 86' lang='lat' dir='ltr'>speciosam,</span> <span class='ocrx_word' id='word_1_138' title='bbox 1124 1102 1284 1143; x_wconf 85' lang='lat' dir='ltr'>pacem,</span> <span class='ocrx_word' id='word_1_139' title='bbox 1303 1101 1429 1143; x_wconf 89' lang='lat' dir='ltr'>quam</span> <span class='ocrx_word' id='word_1_140' title='bbox 1451 1086 1610 1127; x_wconf 87' lang='lat' dir='ltr'>incerta</span> <span class='ocrx_word' id='word_1_141' title='bbox 1628 1084 1739 1135; x_wconf 88' lang='lat' dir='ltr'>belli,</span> <span class='ocrx_word' id='word_1_142' title='bbox 1753 1092 1772 1122; x_wconf 90' lang='lat'>8</span> 
     </span>
     <span class='ocr_line' id='line_1_18' title="bbox 346 1143 1773 1203; baseline -0.004 -15"><span class='ocrx_word' id='word_1_143' title='bbox 346 1150 678 1203; x_wconf 87' lang='lat' dir='ltr'>‘praeoptantes,</span> <span class='ocrx_word' id='word_1_144' title='bbox 700 1145 910 1187; x_wconf 87' lang='lat' dir='ltr'>dedidisse</span> <span class='ocrx_word' id='word_1_145' title='bbox 942 1160 985 1186; x_wconf 90' lang='lat' dir='ltr'>se</span> <span class='ocrx_word' id='word_1_146' title='bbox 1016 1144 1132 1201; x_wconf 88' lang='lat' dir='ltr'>prius</span> <span class='ocrx_word' id='word_1_147' title='bbox 1161 1145 1206 1185; x_wconf 90' lang='lat' dir='ltr'>in</span> <span class='ocrx_word' id='word_1_148' title='bbox 1236 1144 1379 1194; x_wconf 86' lang='lat' dir='ltr'>fidem,</span> <span class='ocrx_word' id='word_1_149' title='bbox 1402 1159 1528 1200; x_wconf 87' lang='lat' dir='ltr'>quam</span> <span class='ocrx_word' id='word_1_150' title='bbox 1554 1143 1596 1183; x_wconf 90' lang='lat' dir='ltr'>in</span> <span class='ocrx_word' id='word_1_151' title='bbox 1623 1151 1773 1199; x_wconf 90' lang='lat' dir='ltr'>pote-9</span> 
     </span>
     <span class='ocr_line' id='line_1_19' title="bbox 346 1202 1742 1260; baseline -0.003 -15"><span class='ocrx_word' id='word_1_152' title='bbox 346 1208 533 1254; x_wconf 85' lang='lat' dir='ltr'>‘statem,</span> <span class='ocrx_word' id='word_1_153' title='bbox 556 1204 701 1260; x_wconf 88' lang='lat' dir='ltr'>populi</span> <span class='ocrx_word' id='word_1_154' title='bbox 725 1203 921 1245; x_wconf 86' lang='lat' dir='ltr'>Romani.</span> <span class='ocrx_word' id='word_1_155' title='bbox 984 1203 1086 1244; x_wconf 87' lang='lat' dir='ltr'>Post</span> <span class='ocrx_word' id='word_1_156' title='bbox 1106 1217 1261 1259; x_wconf 89' lang='lat' dir='ltr'>paucos</span> <span class='ocrx_word' id='word_1_157' title='bbox 1283 1202 1385 1252; x_wconf 86' lang='lat' dir='ltr'>dies,</span> <span class='ocrx_word' id='word_1_158' title='bbox 1408 1202 1539 1243; x_wconf 87' lang='lat' dir='ltr'>iussos</span> <span class='ocrx_word' id='word_1_159' title='bbox 1570 1210 1613 1242; x_wconf 91' lang='lat' dir='ltr'>et</span> <span class='ocrx_word' id='word_1_160' title='bbox 1643 1215 1742 1256; x_wconf 83' lang='lat' dir='ltr'>agro</span> 
     </span>
     <span class='ocr_line' id='line_1_20' title="bbox 346 1261 1741 1316; baseline -0.003 -13"><span class='ocrx_word' id='word_1_161' title='bbox 346 1267 413 1304; x_wconf 91' lang='lat' dir='ltr'>‘et</span> <span class='ocrx_word' id='word_1_162' title='bbox 436 1262 537 1303; x_wconf 92' lang='lat' dir='ltr'>urbe</span> <span class='ocrx_word' id='word_1_163' title='bbox 560 1262 778 1312; x_wconf 88' lang='lat' dir='ltr'>decedere,</span> <span class='ocrx_word' id='word_1_164' title='bbox 802 1276 891 1302; x_wconf 89' lang='lat' dir='ltr'>sese</span> <span class='ocrx_word' id='word_1_165' title='bbox 914 1261 1062 1302; x_wconf 85' lang='lat' dir='ltr'>tacitos</span> <span class='ocrx_word' id='word_1_166' title='bbox 1084 1261 1210 1309; x_wconf 83' lang='lat' dir='ltr'>abire,</span> <span class='ocrx_word' id='word_1_167' title='bbox 1226 1276 1311 1316; x_wconf 86' lang='lat' dir='ltr'>quo</span> <span class='ocrx_word' id='word_1_168' title='bbox 1334 1269 1537 1301; x_wconf 88' lang='lat' dir='ltr'>terrarum</span> <span class='ocrx_word' id='word_1_169' title='bbox 1558 1266 1741 1315; x_wconf 87' lang='lat' dir='ltr'>possent,</span> 
     </span>
     <span class='ocr_line' id='line_1_21' title="bbox 347 1316 1744 1374; baseline -0.004 -13"><span class='ocrx_word' id='word_1_170' title='bbox 347 1321 415 1361; x_wconf 92' lang='grc'><strong>(111</strong></span> <span class='ocrx_word' id='word_1_171' title='bbox 437 1320 578 1361; x_wconf 89' lang='lat' dir='ltr'>animo</span> <span class='ocrx_word' id='word_1_172' title='bbox 600 1320 818 1361; x_wconf 86' lang='lat' dir='ltr'>habuisse:</span> <span class='ocrx_word' id='word_1_173' title='bbox 853 1334 967 1359; x_wconf 86' lang='lat' dir='ltr'>arma</span> <span class='ocrx_word' id='word_1_174' title='bbox 988 1318 1143 1359; x_wconf 89' lang='lat' dir='ltr'>deinde</span> <span class='ocrx_word' id='word_1_175' title='bbox 1172 1318 1264 1367; x_wconf 88' lang='lat' dir='ltr'>sibi,</span> <span class='ocrx_word' id='word_1_176' title='bbox 1287 1327 1330 1358; x_wconf 89' lang='lat' dir='ltr'>et</span> <span class='ocrx_word' id='word_1_177' title='bbox 1359 1326 1570 1374; x_wconf 89' lang='lat' dir='ltr'>postremo</span> <span class='ocrx_word' id='word_1_178' title='bbox 1602 1316 1744 1358; x_wconf 85' lang='lat' dir='ltr'>omnia</span> 
     </span>
     <span class='ocr_line' id='line_1_22' title="bbox 347 1374 1743 1433; baseline -0.004 -14"><span class='ocrx_word' id='word_1_179' title='bbox 347 1378 464 1428; x_wconf 87' lang='lat' dir='ltr'>‘alia,</span> <span class='ocrx_word' id='word_1_180' title='bbox 489 1393 596 1433; x_wconf 86' lang='lat' dir='ltr'>quae</span> <span class='ocrx_word' id='word_1_181' title='bbox 627 1378 785 1419; x_wconf 88' lang='lat' dir='ltr'>ferrent</span> <span class='ocrx_word' id='word_1_182' title='bbox 815 1384 1086 1433; x_wconf 81' lang='lat' dir='ltr'>agerentque,</span> <span class='ocrx_word' id='word_1_183' title='bbox 1113 1376 1320 1431; x_wconf 86' lang='lat' dir='ltr'>adempta.</span> <span class='ocrx_word' id='word_1_184' title='bbox 1386 1374 1517 1417; x_wconf 87' lang='lat' dir='ltr'>Orare</span> <span class='ocrx_word' id='word_1_185' title='bbox 1549 1389 1592 1415; x_wconf 90' lang='lat' dir='ltr'>se</span> <span class='ocrx_word' id='word_1_186' title='bbox 1623 1388 1743 1415; x_wconf 88' lang='lat' dir='ltr'>sena-</span> 
     </span>
     <span class='ocr_line' id='line_1_23' title="bbox 347 1431 1743 1492; baseline -0.004 -15"><span class='ocrx_word' id='word_1_187' title='bbox 347 1440 463 1476; x_wconf 87' lang='lat' dir='ltr'>‘tum</span> <span class='ocrx_word' id='word_1_188' title='bbox 495 1435 784 1492; x_wconf 88' lang='lat' dir='ltr'>populumque</span> <span class='ocrx_word' id='word_1_189' title='bbox 817 1435 1073 1483; x_wconf 85' lang='lat' dir='ltr'>Romanum,</span> <span class='ocrx_word' id='word_1_190' title='bbox 1106 1449 1159 1474; x_wconf 92' lang='grc'>116</span> <span class='ocrx_word' id='word_1_191' title='bbox 1192 1434 1237 1473; x_wconf 88' lang='grc'>111</span> <span class='ocrx_word' id='word_1_192' title='bbox 1270 1448 1313 1474; x_wconf 87' lang='grc'>56</span> <span class='ocrx_word' id='word_1_193' title='bbox 1348 1432 1543 1474; x_wconf 83' lang='lat' dir='ltr'>innoxios</span> <span class='ocrx_word' id='word_1_194' title='bbox 1579 1431 1743 1472; x_wconf 91' lang='lat' dir='ltr'>deditos</span> 
     </span>
     <span class='ocr_line' id='line_1_24' title="bbox 346 1489 1744 1549; baseline -0.004 -15"><span class='ocrx_word' id='word_1_195' title='bbox 346 1494 572 1543; x_wconf 90' lang='lat' dir='ltr'>‘acerbius,</span> <span class='ocrx_word' id='word_1_196' title='bbox 596 1509 723 1549; x_wconf 85' lang='lat' dir='ltr'>quam</span> <span class='ocrx_word' id='word_1_197' title='bbox 748 1493 792 1533; x_wconf 92' lang='lat' dir='ltr'>in</span> <span class='ocrx_word' id='word_1_198' title='bbox 818 1492 969 1541; x_wconf 87' lang='lat' dir='ltr'>hostes,</span> <span class='ocrx_word' id='word_1_199' title='bbox 993 1491 1224 1532; x_wconf 83' lang='lat' dir='ltr'>saevirent.’</span> <span class='ocrx_word' id='word_1_200' title='bbox 1285 1489 1400 1531; x_wconf 89' lang='lat' dir='ltr'>Huic</span> <span class='ocrx_word' id='word_1_201' title='bbox 1423 1490 1602 1531; x_wconf 85' lang='lat' dir='ltr'>orationi</span> <span class='ocrx_word' id='word_1_202' title='bbox 1624 1504 1744 1530; x_wconf 88' lang='lat' dir='ltr'>sena-</span> 
     </span>
     <span class='ocr_line' id='line_1_25' title="bbox 346 1547 1743 1607; baseline -0.004 -15"><span class='ocrx_word' id='word_1_203' title='bbox 346 1559 413 1592; x_wconf 87' lang='lat' dir='ltr'>tus</span> <span class='ocrx_word' id='word_1_204' title='bbox 443 1551 502 1591; x_wconf 84' lang='lat' dir='ltr'>ita</span> <span class='ocrx_word' id='word_1_205' title='bbox 531 1550 776 1607; x_wconf 86' lang='lat' dir='ltr'>responderi</span> <span class='ocrx_word' id='word_1_206' title='bbox 804 1549 944 1590; x_wconf 84' lang='lat' dir='ltr'>iussit:</span> <span class='ocrx_word' id='word_1_207' title='bbox 981 1555 992 1573; x_wconf 83' lang='grc'><strong>(</strong></span> <span class='ocrx_word' id='word_1_208' title='bbox 1007 1548 1161 1604; x_wconf 85' lang='lat' dir='ltr'>Neque</span> <span class='ocrx_word' id='word_1_209' title='bbox 1185 1548 1276 1588; x_wconf 88' lang='lat' dir='ltr'>illos</span> <span class='ocrx_word' id='word_1_210' title='bbox 1297 1557 1408 1589; x_wconf 82' lang='lat' dir='ltr'>reete</span> <span class='ocrx_word' id='word_1_211' title='bbox 1430 1547 1588 1597; x_wconf 83' lang='lat' dir='ltr'>fecisse,</span> <span class='ocrx_word' id='word_1_212' title='bbox 1611 1561 1743 1602; x_wconf 89' lang='lat' dir='ltr'>quum</span> 
     </span>
     <span class='ocr_line' id='line_1_26' title="bbox 346 1604 1745 1663; baseline -0.004 -14"><span class='ocrx_word' id='word_1_213' title='bbox 346 1609 415 1649; x_wconf 91' lang='grc'><strong>(111</strong></span> <span class='ocrx_word' id='word_1_214' title='bbox 447 1608 613 1649; x_wconf 80' lang='lat' dir='ltr'>Italiam</span> <span class='ocrx_word' id='word_1_215' title='bbox 639 1608 846 1657; x_wconf 89' lang='lat' dir='ltr'>venerint,</span> <span class='ocrx_word' id='word_1_216' title='bbox 876 1607 1165 1663; x_wconf 86' lang='lat' dir='ltr'>oppidumque</span> <span class='ocrx_word' id='word_1_217' title='bbox 1198 1606 1243 1646; x_wconf 90' lang='lat' dir='ltr'>in</span> <span class='ocrx_word' id='word_1_218' title='bbox 1276 1605 1412 1647; x_wconf 88' lang='lat' dir='ltr'>alieno</span> <span class='ocrx_word' id='word_1_219' title='bbox 1444 1621 1555 1661; x_wconf 75' lang='lat' dir='ltr'>agro,</span> <span class='ocrx_word' id='word_1_220' title='bbox 1588 1604 1745 1645; x_wconf 89' lang='lat' dir='ltr'>nullius</span> 
     </span>
     <span class='ocr_line' id='line_1_27' title="bbox 347 1662 1745 1722; baseline -0.004 -15"><span class='ocrx_word' id='word_1_221' title='bbox 347 1671 359 1689; x_wconf 94' lang='grc'><strong>(</strong></span> <span class='ocrx_word' id='word_1_222' title='bbox 374 1667 559 1707; x_wconf 83' lang='lat' dir='ltr'>Romani</span> <span class='ocrx_word' id='word_1_223' title='bbox 581 1666 859 1722; x_wconf 75' lang='lat' dir='ltr'>magistratus,</span> <span class='ocrx_word' id='word_1_224' title='bbox 882 1665 955 1720; x_wconf 90' lang='lat' dir='ltr'>qui</span> <span class='ocrx_word' id='word_1_225' title='bbox 987 1665 1026 1706; x_wconf 91' lang='lat' dir='ltr'>ei</span> <span class='ocrx_word' id='word_1_226' title='bbox 1057 1664 1296 1720; x_wconf 89' lang='lat' dir='ltr'>provinciae</span> <span class='ocrx_word' id='word_1_227' title='bbox 1324 1672 1546 1719; x_wconf 84' lang='lat' dir='ltr'>praeesset,</span> <span class='ocrx_word' id='word_1_228' title='bbox 1570 1662 1745 1719; x_wconf 89' lang='lat' dir='ltr'>permis-</span> 
     </span>
     <span class='ocr_line' id='line_1_28' title="bbox 347 1720 1744 1778; baseline -0.004 -13"><span class='ocrx_word' id='word_1_229' title='bbox 347 1729 432 1774; x_wconf 84' lang='lat' dir='ltr'>‘su,</span> <span class='ocrx_word' id='word_1_230' title='bbox 456 1724 677 1765; x_wconf 84' lang='lat' dir='ltr'>aedificare</span> <span class='ocrx_word' id='word_1_231' title='bbox 706 1724 845 1765; x_wconf 87' lang='lat' dir='ltr'>conati</span> <span class='ocrx_word' id='word_1_232' title='bbox 873 1723 979 1763; x_wconf 85' lang='lat' dir='ltr'>sint:</span> <span class='ocrx_word' id='word_1_233' title='bbox 1013 1738 1153 1778; x_wconf 86' lang='lat' dir='ltr'>neque</span> <span class='ocrx_word' id='word_1_234' title='bbox 1183 1723 1346 1762; x_wconf 86' lang='lat' dir='ltr'>senatui</span> <span class='ocrx_word' id='word_1_235' title='bbox 1378 1721 1555 1777; x_wconf 85' lang='lat' dir='ltr'>placere,</span> <span class='ocrx_word' id='word_1_236' title='bbox 1579 1720 1744 1761; x_wconf 86' lang='lat' dir='ltr'>deditos</span> 
     </span>
     <span class='ocr_line' id='line_1_29' title="bbox 347 1778 1773 1839; baseline -0.005 -16"><span class='ocrx_word' id='word_1_237' title='bbox 347 1788 358 1805; x_wconf 89' lang='grc'><strong>(</strong></span> <span class='ocrx_word' id='word_1_238' title='bbox 372 1782 553 1839; x_wconf 87' lang='lat' dir='ltr'>spoliari.</span> <span class='ocrx_word' id='word_1_239' title='bbox 616 1782 766 1837; x_wconf 87' lang='lat' dir='ltr'>Itaque</span> <span class='ocrx_word' id='word_1_240' title='bbox 788 1796 831 1822; x_wconf 91' lang='lat' dir='ltr'>se</span> <span class='ocrx_word' id='word_1_241' title='bbox 853 1796 949 1822; x_wconf 88' lang='lat' dir='ltr'>cum</span> <span class='ocrx_word' id='word_1_242' title='bbox 972 1780 1021 1821; x_wconf 86' lang='lat' dir='ltr'>iis</span> <span class='ocrx_word' id='word_1_243' title='bbox 1041 1780 1200 1836; x_wconf 77' lang='lat' dir='ltr'>legatos</span> <span class='ocrx_word' id='word_1_244' title='bbox 1217 1779 1270 1819; x_wconf 87' lang='lat' dir='ltr'>ad</span> <span class='ocrx_word' id='word_1_245' title='bbox 1286 1779 1500 1820; x_wconf 88' lang='lat' dir='ltr'>consulem</span> <span class='ocrx_word' id='word_1_246' title='bbox 1523 1778 1741 1826; x_wconf 81' lang='lat' dir='ltr'>missuros3</span> <span class='ocrx_word' id='word_1_247' title='bbox 1761 1793 1773 1814; x_wconf 85' lang='grc' dir='ltr'>ῐ</span> 
     </span>
     <span class='ocr_line' id='line_1_30' title="bbox 347 1835 1741 1896; baseline -0.004 -15"><span class='ocrx_word' id='word_1_248' title='bbox 347 1845 359 1863; x_wconf 90' lang='grc'><strong>(</strong></span> <span class='ocrx_word' id='word_1_249' title='bbox 372 1840 459 1896; x_wconf 91' lang='lat' dir='ltr'>qui,</span> <span class='ocrx_word' id='word_1_250' title='bbox 475 1840 509 1880; x_wconf 90' lang='lat' dir='ltr'>si</span> <span class='ocrx_word' id='word_1_251' title='bbox 525 1839 712 1889; x_wconf 86' lang='lat' dir='ltr'>redeant,</span> <span class='ocrx_word' id='word_1_252' title='bbox 730 1839 844 1880; x_wconf 91' lang='lat' dir='ltr'>unde</span> <span class='ocrx_word' id='word_1_253' title='bbox 861 1838 1067 1887; x_wconf 86' lang='lat' dir='ltr'>venerint,</span> <span class='ocrx_word' id='word_1_254' title='bbox 1083 1837 1224 1878; x_wconf 86' lang='lat' dir='ltr'>omnia</span> <span class='ocrx_word' id='word_1_255' title='bbox 1239 1837 1289 1877; x_wconf 89' lang='lat' dir='ltr'>iis</span> <span class='ocrx_word' id='word_1_256' title='bbox 1311 1852 1384 1877; x_wconf 88' lang='lat' dir='ltr'>sua</span> <span class='ocrx_word' id='word_1_257' title='bbox 1404 1835 1524 1877; x_wconf 87' lang='lat' dir='ltr'>reddi</span> <span class='ocrx_word' id='word_1_258' title='bbox 1546 1835 1741 1883; x_wconf 85' lang='lat' dir='ltr'>iubeant3</span> 
     </span>
     <span class='ocr_line' id='line_1_31' title="bbox 348 1892 1745 1954; baseline -0.005 -15"><span class='ocrx_word' id='word_1_259' title='bbox 348 1898 532 1954; x_wconf 82' lang='lat' dir='ltr'>‘quique</span> <span class='ocrx_word' id='word_1_260' title='bbox 560 1897 754 1954; x_wconf 87' lang='lat' dir='ltr'>protinus</span> <span class='ocrx_word' id='word_1_261' title='bbox 785 1904 884 1937; x_wconf 88' lang='lat' dir='ltr'>eant</span> <span class='ocrx_word' id='word_1_262' title='bbox 912 1904 1024 1936; x_wconf 82' lang='lat' dir='ltr'>trans</span> <span class='ocrx_word' id='word_1_263' title='bbox 1047 1895 1192 1951; x_wconf 88' lang='lat' dir='ltr'>Alpes,</span> <span class='ocrx_word' id='word_1_264' title='bbox 1216 1903 1258 1935; x_wconf 92' lang='lat' dir='ltr'>et</span> <span class='ocrx_word' id='word_1_265' title='bbox 1287 1894 1542 1935; x_wconf 88' lang='lat' dir='ltr'>denuntient</span> <span class='ocrx_word' id='word_1_266' title='bbox 1570 1892 1745 1933; x_wconf 87' lang='lat' dir='ltr'>Gallicis</span> 
     </span>
     <span class='ocr_line' id='line_1_32' title="bbox 348 1950 1745 2011; baseline -0.004 -15"><span class='ocrx_word' id='word_1_267' title='bbox 348 1955 554 2011; x_wconf 85' lang='lat' dir='ltr'>‘populis,</span> <span class='ocrx_word' id='word_1_268' title='bbox 596 1954 913 1996; x_wconf 87' lang='lat' dir='ltr'>multitudinem</span> <span class='ocrx_word' id='word_1_269' title='bbox 961 1968 1079 1994; x_wconf 87' lang='lat' dir='ltr'>suam</span> <span class='ocrx_word' id='word_1_270' title='bbox 1120 1952 1236 1993; x_wconf 89' lang='lat' dir='ltr'>domi</span> <span class='ocrx_word' id='word_1_271' title='bbox 1277 1951 1533 1993; x_wconf 83' lang='lat' dir='ltr'>contineant.</span> <span class='ocrx_word' id='word_1_272' title='bbox 1611 1950 1745 2006; x_wconf 86' lang='lat' dir='ltr'>Alpes</span> 
     </span>
     <span class='ocr_line' id='line_1_33' title="bbox 348 2008 1776 2069; baseline -0.005 -14"><span class='ocrx_word' id='word_1_273' title='bbox 348 2020 503 2069; x_wconf 86' lang='lat' dir='ltr'>‘prope</span> <span class='ocrx_word' id='word_1_274' title='bbox 526 2011 908 2069; x_wconf 81' lang='lat' dir='ltr'>inexsuperabilem</span> <span class='ocrx_word' id='word_1_275' title='bbox 936 2011 1065 2052; x_wconf 90' lang='lat' dir='ltr'>finem</span> <span class='ocrx_word' id='word_1_276' title='bbox 1098 2011 1141 2050; x_wconf 90' lang='lat' dir='ltr'>in</span> <span class='ocrx_word' id='word_1_277' title='bbox 1174 2008 1313 2050; x_wconf 88' lang='lat' dir='ltr'>medio</span> <span class='ocrx_word' id='word_1_278' title='bbox 1344 2024 1455 2050; x_wconf 87' lang='lat' dir='ltr'>esse:</span> <span class='ocrx_word' id='word_1_279' title='bbox 1490 2024 1576 2050; x_wconf 90' lang='lat' dir='ltr'>non</span> <span class='ocrx_word' id='word_1_280' title='bbox 1598 2008 1776 2063; x_wconf 73' lang='lat' dir='ltr'>utiquez</span> 
     </span>
     <span class='ocr_line' id='line_1_34' title="bbox 348 2065 1746 2126; baseline -0.004 -14"><span class='ocrx_word' id='word_1_281' title='bbox 348 2072 424 2112; x_wconf 85' lang='lat' dir='ltr'>‘iis</span> <span class='ocrx_word' id='word_1_282' title='bbox 446 2070 596 2112; x_wconf 90' lang='lat' dir='ltr'>melius</span> <span class='ocrx_word' id='word_1_283' title='bbox 617 2071 718 2120; x_wconf 88' lang='lat' dir='ltr'>fore,</span> <span class='ocrx_word' id='word_1_284' title='bbox 737 2085 863 2126; x_wconf 87' lang='lat' dir='ltr'>quam</span> <span class='ocrx_word' id='word_1_285' title='bbox 880 2069 954 2125; x_wconf 92' lang='lat' dir='ltr'>qui</span> <span class='ocrx_word' id='word_1_286' title='bbox 976 2084 1044 2110; x_wconf 88' lang='lat' dir='ltr'>eas</span> <span class='ocrx_word' id='word_1_287' title='bbox 1064 2068 1189 2125; x_wconf 87' lang='lat' dir='ltr'>primi</span> <span class='ocrx_word' id='word_1_288' title='bbox 1210 2067 1374 2123; x_wconf 80' lang='lat' dir='ltr'>pervias</span> <span class='ocrx_word' id='word_1_289' title='bbox 1394 2066 1615 2108; x_wconf 57' lang='lat' dir='ltr'>fecissent?</span> <span class='ocrx_word' id='word_1_290' title='bbox 1661 2065 1746 2106; x_wconf 93' lang='lat' dir='ltr'>Le-</span> 
     </span>
     <span class='ocr_line' id='line_1_35' title="bbox 347 2123 1746 2185; baseline -0.004 -15"><span class='ocrx_word' id='word_1_291' title='bbox 347 2130 433 2185; x_wconf 82' lang='lat' dir='ltr'>gati</span> <span class='ocrx_word' id='word_1_292' title='bbox 470 2129 584 2169; x_wconf 88' lang='lat' dir='ltr'>missi</span> <span class='ocrx_word' id='word_1_293' title='bbox 616 2128 665 2169; x_wconf 91' lang='lat' dir='ltr'>L.</span> <span class='ocrx_word' id='word_1_294' title='bbox 691 2128 840 2169; x_wconf 87' lang='lat' dir='ltr'>Furius</span> <span class='ocrx_word' id='word_1_295' title='bbox 874 2127 1108 2183; x_wconf 87' lang='lat' dir='ltr'>Purpureo,</span> <span class='ocrx_word' id='word_1_296' title='bbox 1145 2125 1197 2174; x_wconf 75' lang='lat' dir='ltr'>Q.</span> <span class='ocrx_word' id='word_1_297' title='bbox 1218 2124 1450 2175; x_wconf 83' lang='lat' dir='ltr'>Minucius,</span> <span class='ocrx_word' id='word_1_298' title='bbox 1488 2125 1537 2165; x_wconf 88' lang='lat' dir='ltr'>L.</span> <span class='ocrx_word' id='word_1_299' title='bbox 1558 2123 1746 2165; x_wconf 87' lang='lat' dir='ltr'>Manlius</span> 
     </span>
     <span class='ocr_line' id='line_1_36' title="bbox 349 2182 1746 2239; baseline -0.004 -11"><span class='ocrx_word' id='word_1_300' title='bbox 349 2187 569 2229; x_wconf 88' lang='lat' dir='ltr'>Acidinus.</span> <span class='ocrx_word' id='word_1_301' title='bbox 636 2186 762 2236; x_wconf 85' lang='lat' dir='ltr'>Galli,</span> <span class='ocrx_word' id='word_1_302' title='bbox 792 2185 967 2226; x_wconf 87' lang='lat' dir='ltr'>redditis</span> <span class='ocrx_word' id='word_1_303' title='bbox 1000 2184 1206 2232; x_wconf 86' lang='grc'><strong>011111111115,</strong></span> <span class='ocrx_word' id='word_1_304' title='bbox 1237 2198 1346 2239; x_wconf 88' lang='lat' dir='ltr'>quae</span> <span class='ocrx_word' id='word_1_305' title='bbox 1378 2183 1466 2224; x_wconf 89' lang='lat' dir='ltr'>sine</span> <span class='ocrx_word' id='word_1_306' title='bbox 1498 2182 1746 2237; x_wconf 86' lang='lat' dir='ltr'>cuiusquam</span> 
     </span>
     <span class='ocr_line' id='line_1_37' title="bbox 201 2239 1746 2296; baseline -0.004 -11"><span class='ocrx_word' id='word_1_307' title='bbox 201 2246 269 2285; x_wconf 90' lang='grc'>55.</span> <span class='ocrx_word' id='word_1_308' title='bbox 348 2244 502 2285; x_wconf 87' lang='lat' dir='ltr'>iniuria</span> <span class='ocrx_word' id='word_1_309' title='bbox 551 2244 776 2293; x_wconf 87' lang='lat' dir='ltr'>habebant,</span> <span class='ocrx_word' id='word_1_310' title='bbox 819 2242 941 2284; x_wconf 88' lang='lat' dir='ltr'>Italia</span> <span class='ocrx_word' id='word_1_311' title='bbox 981 2250 1260 2283; x_wconf 82' lang='lat' dir='ltr'>excesserunt.</span> <span class='ocrx_word' id='word_1_312' title='bbox 1331 2240 1501 2296; x_wconf 75' lang='lat' dir='ltr'>Legatis</span> <span class='ocrx_word' id='word_1_313' title='bbox 1543 2239 1746 2280; x_wconf 82' lang='lat' dir='ltr'>Romanis</span> 
     </span>
     <span class='ocr_line' id='line_1_38' title="bbox 350 2294 1746 2358; baseline -0.006 -15"><span class='ocrx_word' id='word_1_314' title='bbox 350 2302 619 2358; x_wconf 84' lang='lat' dir='ltr'>Transalpini</span> <span class='ocrx_word' id='word_1_315' title='bbox 640 2301 785 2358; x_wconf 89' lang='lat' dir='ltr'>populi</span> <span class='ocrx_word' id='word_1_316' title='bbox 806 2301 989 2357; x_wconf 81' lang='lat' dir='ltr'>benigne</span> <span class='ocrx_word' id='word_1_317' title='bbox 1012 2299 1330 2356; x_wconf 87' lang='lat' dir='ltr'>responderunt.</span> <span class='ocrx_word' id='word_1_318' title='bbox 1387 2294 1579 2340; x_wconf 82' lang='lat' dir='ltr'>Seniores</span> <span class='ocrx_word' id='word_1_319' title='bbox 1601 2310 1746 2337; x_wconf 87' lang='lat' dir='ltr'>eorum</span> 
     </span>
     <span class='ocr_line' id='line_1_39' title="bbox 349 2353 1746 2415; baseline -0.005 -15"><span class='ocrx_word' id='word_1_320' title='bbox 349 2360 522 2401; x_wconf 88' lang='lat' dir='ltr'>nimiam</span> <span class='ocrx_word' id='word_1_321' title='bbox 556 2359 773 2400; x_wconf 87' lang='lat' dir='ltr'>lenitatem</span> <span class='ocrx_word' id='word_1_322' title='bbox 810 2358 956 2415; x_wconf 87' lang='lat' dir='ltr'>populi</span> <span class='ocrx_word' id='word_1_323' title='bbox 989 2357 1173 2399; x_wconf 72' lang='lat' dir='ltr'>Romani</span> <span class='ocrx_word' id='word_1_324' title='bbox 1207 2356 1474 2412; x_wconf 74' lang='lat' dir='ltr'>castigarum,</span> <span class='ocrx_word' id='word_1_325' title='bbox 1504 2353 1645 2410; x_wconf 85' lang='lat' dir='ltr'>‘quod</span> <span class='ocrx_word' id='word_1_326' title='bbox 1675 2367 1746 2394; x_wconf 92' lang='grc'>605</span> 
     </span>
    </p>
   </div>
   <div class='ocr_carea' id='block_1_3' title="bbox 351 2510 1747 2937">
    <p class='ocr_par' dir='ltr' id='par_1_3' title="bbox 352 2510 1747 2594">
     <span class='ocr_line' id='line_1_40' title="bbox 395 2510 1634 2554; baseline -0.006 -9"><span class='ocrx_word' id='word_1_327' title='bbox 395 2516 413 2545; x_wconf 75' lang='lat'>8</span> <span class='ocrx_word' id='word_1_328' title='bbox 437 2517 513 2545; x_wconf 73' lang='lat' dir='ltr'>Nan</span> <span class='ocrx_word' id='word_1_329' title='bbox 539 2515 728 2554; x_wconf 52' lang='lat' dir='ltr'>speciosam]</span> <span class='ocrx_word' id='word_1_330' title='bbox 766 2515 885 2545; x_wconf 84' lang='lat' dir='ltr'>Parum</span> <span class='ocrx_word' id='word_1_331' title='bbox 914 2514 1026 2543; x_wconf 81' lang='lat' dir='ltr'>hones·</span> <span class='ocrx_word' id='word_1_332' title='bbox 1072 2514 1180 2549; x_wconf 76' lang='lat' dir='ltr'>bebat,</span> <span class='ocrx_word' id='word_1_333' title='bbox 1196 2516 1232 2542; x_wconf 85' lang='lat' dir='ltr'>ut</span> <span class='ocrx_word' id='word_1_334' title='bbox 1248 2512 1318 2542; x_wconf 82' lang='lat' dir='ltr'>infr.</span> <span class='ocrx_word' id='word_1_335' title='bbox 1337 2510 1387 2549; x_wconf 79' lang='lat'>56.</span> <span class='ocrx_word' id='word_1_336' title='bbox 1406 2513 1504 2549; x_wconf 74' lang='lat' dir='ltr'>patet.</span> <span class='ocrx_word' id='word_1_337' title='bbox 1529 2510 1634 2541; x_wconf 66' lang='lat' dir='ltr'>Cnmv.</span> 
     </span>
     <span class='ocr_line' id='line_1_41' title="bbox 352 2550 1747 2594; baseline -0.005 -7"><span class='ocrx_word' id='word_1_338' title='bbox 352 2562 428 2588; x_wconf 77' lang='lat' dir='ltr'>tam.</span> <span class='ocrx_word' id='word_1_339' title='bbox 454 2558 560 2587; x_wconf 58' lang='lat' dir='ltr'>(tumn</span> <span class='ocrx_word' id='word_1_340' title='bbox 1114 2566 1129 2585; x_wconf 74' lang='lat'><strong>2</strong></span> <span class='ocrx_word' id='word_1_341' title='bbox 1154 2558 1231 2585; x_wconf 71' lang='grc' dir='ltr'>ΔΝηη</span> <span class='ocrx_word' id='word_1_342' title='bbox 1254 2556 1366 2594; x_wconf 72' lang='lat' dir='ltr'>ulique</span> <span class='ocrx_word' id='word_1_343' title='bbox 1390 2552 1447 2591; x_wconf 69' lang='lat' dir='ltr'>iis]</span> <span class='ocrx_word' id='word_1_344' title='bbox 1482 2552 1604 2591; x_wconf 76' lang='lat' dir='ltr'>Utique</span> <span class='ocrx_word' id='word_1_345' title='bbox 1629 2550 1747 2588; x_wconf 75' lang='lat' dir='ltr'>Gallis,</span> 
     </span>
    </p>

    <p class='ocr_par' dir='ltr' id='par_1_4' title="bbox 351 2594 1747 2807">
     <span class='ocr_line' id='line_1_42' title="bbox 394 2594 1747 2641; baseline -0.004 -12"><span class='ocrx_word' id='word_1_346' title='bbox 394 2610 413 2641; x_wconf 84' lang='lat'>9</span> <span class='ocrx_word' id='word_1_347' title='bbox 437 2601 539 2629; x_wconf 71' lang='lat' dir='ltr'>Prius</span> <span class='ocrx_word' id='word_1_348' title='bbox 566 2601 601 2629; x_wconf 67' lang='grc'><strong>111,</strong></span> <span class='ocrx_word' id='word_1_349' title='bbox 620 2601 733 2638; x_wconf 69' lang='lat' dir='ltr'>fidem,</span> <span class='ocrx_word' id='word_1_350' title='bbox 755 2610 851 2639; x_wconf 73' lang='lat' dir='ltr'>quam</span> <span class='ocrx_word' id='word_1_351' title='bbox 878 2600 913 2628; x_wconf 73' lang='lat' dir='ltr'>in</span> <span class='ocrx_word' id='word_1_352' title='bbox 942 2603 1027 2637; x_wconf 76' lang='lat' dir='ltr'>pole-</span> <span class='ocrx_word' id='word_1_353' title='bbox 1073 2597 1103 2626; x_wconf 88' lang='lat' dir='ltr'>in</span> <span class='ocrx_word' id='word_1_354' title='bbox 1129 2601 1293 2636; x_wconf 77' lang='lat' dir='ltr'>posterum</span> <span class='ocrx_word' id='word_1_355' title='bbox 1311 2597 1412 2635; x_wconf 79' lang='lat' dir='ltr'>Alpes</span> <span class='ocrx_word' id='word_1_356' title='bbox 1432 2594 1747 2633; x_wconf 73' lang='lat' dir='ltr'>trausgredieutibus,</span> 
     </span>
     <span class='ocr_line' id='line_1_43' title="bbox 351 2636 1747 2680; baseline -0.005 -7"><span class='ocrx_word' id='word_1_357' title='bbox 351 2643 480 2680; x_wconf 74' lang='lat' dir='ltr'>statem]</span> <span class='ocrx_word' id='word_1_358' title='bbox 508 2643 556 2671; x_wconf 78' lang='lat' dir='ltr'>Ac</span> <span class='ocrx_word' id='word_1_359' title='bbox 580 2642 713 2680; x_wconf 80' lang='lat' dir='ltr'>proinde</span> <span class='ocrx_word' id='word_1_360' title='bbox 732 2640 862 2671; x_wconf 76' lang='lat' dir='ltr'>tractari</span> <span class='ocrx_word' id='word_1_361' title='bbox 881 2640 1028 2671; x_wconf 77' lang='lat' dir='ltr'>debuisse</span> <span class='ocrx_word' id='word_1_362' title='bbox 1073 2640 1160 2670; x_wconf 84' lang='lat' dir='ltr'>haud</span> <span class='ocrx_word' id='word_1_363' title='bbox 1176 2640 1342 2669; x_wconf 86' lang='lat' dir='ltr'>meliorem</span> <span class='ocrx_word' id='word_1_364' title='bbox 1360 2642 1475 2668; x_wconf 80' lang='lat' dir='ltr'>sortem</span> <span class='ocrx_word' id='word_1_365' title='bbox 1494 2639 1572 2674; x_wconf 84' lang='lat' dir='ltr'>fore,</span> <span class='ocrx_word' id='word_1_366' title='bbox 1585 2647 1681 2676; x_wconf 79' lang='lat' dir='ltr'>quam</span> <span class='ocrx_word' id='word_1_367' title='bbox 1697 2636 1747 2673; x_wconf 82' lang='lat' dir='ltr'>iis,</span> 
     </span>
     <span class='ocr_line' id='line_1_44' title="bbox 354 2679 1746 2724; baseline -0.005 -9"><span class='ocrx_word' id='word_1_368' title='bbox 354 2689 389 2715; x_wconf 85' lang='lat' dir='ltr'>ut</span> <span class='ocrx_word' id='word_1_369' title='bbox 419 2684 582 2724; x_wconf 79' lang='lat' dir='ltr'>supplices</span> <span class='ocrx_word' id='word_1_370' title='bbox 612 2684 665 2723; x_wconf 81' lang='lat' dir='ltr'>qui</span> <span class='ocrx_word' id='word_1_371' title='bbox 705 2685 801 2714; x_wconf 82' lang='lat' dir='ltr'>fidem</span> <span class='ocrx_word' id='word_1_372' title='bbox 840 2683 1026 2713; x_wconf 81' lang='lat' dir='ltr'>habuissent</span> <span class='ocrx_word' id='word_1_373' title='bbox 1070 2682 1124 2720; x_wconf 85' lang='lat' dir='ltr'>qui</span> <span class='ocrx_word' id='word_1_374' title='bbox 1143 2682 1238 2721; x_wconf 84' lang='lat' dir='ltr'>primi</span> <span class='ocrx_word' id='word_1_375' title='bbox 1256 2693 1312 2721; x_wconf 84' lang='lat' dir='ltr'>per</span> <span class='ocrx_word' id='word_1_376' title='bbox 1328 2692 1381 2712; x_wconf 78' lang='lat' dir='ltr'>eas</span> <span class='ocrx_word' id='word_1_377' title='bbox 1394 2681 1476 2711; x_wconf 78' lang='lat' dir='ltr'>viam</span> <span class='ocrx_word' id='word_1_378' title='bbox 1491 2681 1522 2710; x_wconf 88' lang='lat' dir='ltr'>iu</span> <span class='ocrx_word' id='word_1_379' title='bbox 1538 2680 1670 2710; x_wconf 77' lang='lat' dir='ltr'>Italiam</span> <span class='ocrx_word' id='word_1_380' title='bbox 1687 2679 1746 2709; x_wconf 87' lang='lat' dir='ltr'>sibi</span> 
     </span>
     <span class='ocr_line' id='line_1_45' title="bbox 355 2723 1746 2765; baseline -0.005 -7"><span class='ocrx_word' id='word_1_381' title='bbox 355 2727 523 2764; x_wconf 74' lang='lat' dir='ltr'>Romanis,</span> <span class='ocrx_word' id='word_1_382' title='bbox 539 2738 602 2757; x_wconf 86' lang='grc'><strong>11011</strong></span> <span class='ocrx_word' id='word_1_383' title='bbox 623 2730 660 2756; x_wconf 82' lang='lat' dir='ltr'>ut</span> <span class='ocrx_word' id='word_1_384' title='bbox 681 2737 797 2763; x_wconf 81' lang='lat' dir='ltr'>servos,</span> <span class='ocrx_word' id='word_1_385' title='bbox 814 2725 846 2755; x_wconf 89' lang='grc'>111</span> <span class='ocrx_word' id='word_1_386' title='bbox 863 2736 943 2765; x_wconf 80' lang='lat' dir='ltr'>quos</span> <span class='ocrx_word' id='word_1_387' title='bbox 959 2736 1025 2754; x_wconf 88' lang='grc'><strong>0111-</strong></span> <span class='ocrx_word' id='word_1_388' title='bbox 1070 2725 1280 2763; x_wconf 76' lang='lat' dir='ltr'>aperuissent.</span> <span class='ocrx_word' id='word_1_389' title='bbox 1307 2724 1416 2754; x_wconf 67' lang='lat' dir='ltr'>Dum.</span> <span class='ocrx_word' id='word_1_390' title='bbox 1471 2723 1651 2754; x_wconf 79' lang='lat' dir='ltr'>Crevierius</span> <span class='ocrx_word' id='word_1_391' title='bbox 1677 2732 1746 2761; x_wconf 81' lang='lat' dir='ltr'>par-</span> 
     </span>
     <span class='ocr_line' id='line_1_46' title="bbox 353 2767 1747 2807; baseline -0.004 -7"><span class='ocrx_word' id='word_1_392' title='bbox 353 2770 407 2801; x_wconf 59' lang='grc'><strong>11111</strong></span> <span class='ocrx_word' id='word_1_393' title='bbox 424 2770 512 2800; x_wconf 80' lang='lat' dir='ltr'>licita</span> <span class='ocrx_word' id='word_1_394' title='bbox 528 2770 640 2800; x_wconf 83' lang='lat' dir='ltr'>forent.</span> <span class='ocrx_word' id='word_1_395' title='bbox 665 2769 770 2800; x_wconf 65' lang='lat' dir='ltr'>Cum.</span> <span class='ocrx_word' id='word_1_396' title='bbox 1072 2767 1205 2798; x_wconf 74' lang='lat' dir='ltr'>ticulum</span> <span class='ocrx_word' id='word_1_397' title='bbox 1223 2779 1319 2807; x_wconf 78' lang='lat' dir='ltr'>quam</span> <span class='ocrx_word' id='word_1_398' title='bbox 1337 2767 1507 2797; x_wconf 80' lang='lat' dir='ltr'>delendam</span> <span class='ocrx_word' id='word_1_399' title='bbox 1527 2768 1647 2802; x_wconf 80' lang='lat' dir='ltr'>censet,</span> <span class='ocrx_word' id='word_1_400' title='bbox 1663 2774 1747 2803; x_wconf 82' lang='lat' dir='ltr'>quae</span> 
     </span>
    </p>

    <p class='ocr_par' dir='ltr' id='par_1_5' title="bbox 354 2807 1747 2937">
     <span class='ocr_line' id='line_1_47' title="bbox 402 2807 1747 2849; baseline -0.005 -6"><span class='ocrx_word' id='word_1_401' title='bbox 402 2823 412 2843; x_wconf 92' lang='lat'>1</span> <span class='ocrx_word' id='word_1_402' title='bbox 440 2814 493 2843; x_wconf 70' lang='lat' dir='ltr'>Ad</span> <span class='ocrx_word' id='word_1_403' title='bbox 512 2813 686 2849; x_wconf 73' lang='lat' dir='ltr'>consulem]</span> <span class='ocrx_word' id='word_1_404' title='bbox 717 2822 759 2841; x_wconf 74' lang='lat' dir='ltr'>sc.</span> <span class='ocrx_word' id='word_1_405' title='bbox 780 2811 827 2841; x_wconf 90' lang='lat' dir='ltr'>M.</span> <span class='ocrx_word' id='word_1_406' title='bbox 840 2809 1027 2846; x_wconf 70' lang='lat' dir='ltr'>Claudium,</span> <span class='ocrx_word' id='word_1_407' title='bbox 1071 2821 1089 2840; x_wconf 84' lang='lat' dir='ltr'>a</span> <span class='ocrx_word' id='word_1_408' title='bbox 1116 2810 1235 2849; x_wconf 68' lang='lat' dir='ltr'>Sigonii</span> <span class='ocrx_word' id='word_1_409' title='bbox 1258 2821 1356 2840; x_wconf 76' lang='lat' dir='ltr'>manu</span> <span class='ocrx_word' id='word_1_410' title='bbox 1380 2810 1411 2839; x_wconf 87' lang='lat' dir='ltr'>in</span> <span class='ocrx_word' id='word_1_411' title='bbox 1437 2812 1624 2839; x_wconf 83' lang='lat' dir='ltr'>contextum</span> <span class='ocrx_word' id='word_1_412' title='bbox 1648 2807 1747 2844; x_wconf 83' lang='lat' dir='ltr'>veuit,</span> 
     </span>
     <span class='ocr_line' id='line_1_48' title="bbox 354 2852 1652 2894; baseline -0.003 -10"><span class='ocrx_word' id='word_1_413' title='bbox 354 2855 406 2894; x_wconf 77' lang='lat' dir='ltr'>qui</span> <span class='ocrx_word' id='word_1_414' title='bbox 436 2855 610 2886; x_wconf 79' lang='lat' dir='ltr'>exercitum</span> <span class='ocrx_word' id='word_1_415' title='bbox 644 2855 675 2884; x_wconf 88' lang='lat' dir='ltr'>in</span> <span class='ocrx_word' id='word_1_416' title='bbox 707 2854 850 2885; x_wconf 72' lang='lat' dir='ltr'>Galliam</span> <span class='ocrx_word' id='word_1_417' title='bbox 880 2854 1026 2883; x_wconf 70' lang='lat' dir='ltr'>duxerat.</span> <span class='ocrx_word' id='word_1_418' title='bbox 1073 2854 1127 2884; x_wconf 78' lang='lat' dir='ltr'>sed</span> <span class='ocrx_word' id='word_1_419' title='bbox 1146 2852 1433 2884; x_wconf 81' lang='lat' dir='ltr'>Drakenborchius</span> <span class='ocrx_word' id='word_1_420' title='bbox 1447 2861 1518 2882; x_wconf 82' lang='lat' dir='ltr'>eam</span> <span class='ocrx_word' id='word_1_421' title='bbox 1535 2854 1652 2881; x_wconf 80' lang='lat' dir='ltr'>tuctur.</span> 
     </span>
     <span class='ocr_line' id='line_1_49' title="bbox 356 2896 1027 2937; baseline -0.006 -8"><span class='ocrx_word' id='word_1_422' title='bbox 356 2899 448 2929; x_wconf 80' lang='lat' dir='ltr'>Alter</span> <span class='ocrx_word' id='word_1_423' title='bbox 469 2899 579 2929; x_wconf 78' lang='lat' dir='ltr'>consul</span> <span class='ocrx_word' id='word_1_424' title='bbox 603 2898 735 2937; x_wconf 80' lang='lat' dir='ltr'>Ligures</span> <span class='ocrx_word' id='word_1_425' title='bbox 753 2896 949 2936; x_wconf 79' lang='lat' dir='ltr'>provinciam</span> <span class='ocrx_word' id='word_1_426' title='bbox 973 2896 1027 2926; x_wconf 81' lang='lat' dir='ltr'>ha-</span> 
     </span>
    </p>
   </div>
  </div>
 </body>
</html>
