1960 3218
557 139 684 183 LIB.
718 140 962 183 XXXVII.
1006 141 1154 183 CAP.
1192 143 1256 185 17.
1523 144 1606 187 279

207 230 307 273 inde
344 231 582 280 distantem,
616 231 788 287 petiere,
822 231 997 272 navibus
1032 231 1084 272 ab
1118 232 1327 273 maritima
1360 233 1402 273 vi
1434 240 1600 274 tutum:

207 289 282 331 sed
313 289 419 330 altae
450 289 619 344 insuper
649 288 927 330 imminebant
957 304 1094 344 rupes,
1127 304 1230 345 quas
1261 289 1453 332 celeriter
1482 290 1602 347 oppi-

206 347 319 397 dani,
338 346 559 402 assumptis
576 346 700 402 regiis
721 345 936 396 militibus,
955 361 1060 402 quos
1082 347 1125 387 in
1147 346 1355 403 praesidio
1376 348 1600 398 habebant,

207 413 421 460 ceperunt.
485 403 700 445 Adversus
721 418 825 459 quos
848 403 1006 454 Livius,
1029 419 1273 460 quanquam
1304 414 1424 446 erant
1454 406 1602 462 iniqua

206 477 253 503 ac
275 461 460 502 difficilia
490 461 542 502 ad
573 461 709 502 exitus
730 461 833 510 loca,
858 460 1017 502 Issaeos
1039 461 1260 503 auxiliares
1281 470 1325 503 et
1349 462 1601 519 Smyrnaeo-

204 534 298 560 rum
319 519 539 575 expeditos
569 519 740 560 iuvenes
774 519 895 560 misit.
958 518 1008 569 Ii,
1031 519 1132 560 dum
1154 519 1378 561 missilibus
1399 521 1535 576 primo
1557 529 1600 561 et

204 577 400 618 adversus
431 592 585 633 paucos
616 576 776 618 levibus
807 577 1124 618 excursionibus
1152 577 1431 618 lacessebatur
1451 578 1597 634 magis,

204 650 331 691 quam
363 635 673 684 conserebatur,
704 649 859 690 pugna,
889 634 1179 676 sustinuerunt
1211 644 1449 677 certamen:
1484 645 1599 691 post-

203 707 328 748 quam
361 692 500 748 plures
530 693 581 733 ab
613 693 714 733 urbe
747 692 985 742 affluebant,
1014 702 1056 733 et
1087 693 1169 733 iam
1201 693 1337 734 omnis
1368 692 1597 735 multitudo

202 750 508 800 effundebatur,
539 750 662 791 timor
692 750 861 791 incessit
892 750 1075 799 Livium,
1108 766 1161 791 ne
1193 759 1234 791 et
1266 750 1487 792 auxiliares
1518 751 1598 792 cir-

201 808 555 858 cumvenirentur,
579 817 621 849 et
642 808 817 848 navibus
838 808 964 849 etiam
995 808 1046 849 ab
1073 816 1182 848 terra
1202 807 1436 864 perieulum
1459 817 1593 851 esset:

170 865 259 908 5ita
286 881 371 906 non
400 865 553 906 milites
581 865 728 915 solum,
751 865 825 907 sed
856 866 982 906 etiam
1014 865 1181 907 navales
1211 866 1356 915 socios,
1388 867 1597 922 remigum

202 924 380 973 turbam,
403 924 556 979 quibus
578 923 755 979 quisque
788 933 950 979 poterat
976 923 1081 973 telis,
1104 932 1283 964 armatos
1314 923 1358 964 in
1389 924 1596 980 proelium

201 980 359 1022 eduxit.
423 981 535 1021 Tum
568 996 737 1037 quoque
770 996 923 1036 anceps
955 996 1098 1037 pugna
1128 981 1230 1030 fuit3
1269 996 1408 1038 neque
1443 982 1596 1023 milites

201 1037 335 1078 solum
358 1038 531 1094 aliquot,
553 1039 627 1079 sed
649 1038 698 1079 L.
722 1038 926 1094 Apustius
948 1038 1221 1079 tumultuario
1247 1039 1406 1095 proelio
1428 1039 1592 1081 cecidit.

200 1095 418 1137 Postremo
441 1105 581 1137 tamen
602 1096 682 1137 fusi
703 1096 920 1152 fugatique
943 1105 1041 1137 sunt
1063 1096 1198 1152 Lycii,
1221 1107 1347 1152 atque
1376 1097 1419 1137 in
1448 1097 1595 1138 urbem

199 1153 426 1209 compulsi:
460 1163 501 1195 et
519 1153 701 1195 Romani
719 1169 814 1195 cum
832 1153 946 1194 haud
963 1154 1183 1195 incruenta
1200 1154 1374 1195 victoria
1395 1154 1447 1195 ad
1468 1169 1595 1196 naves

198 1211 426 1252 redierunt.
489 1211 595 1252 Inde
618 1211 661 1251 in
685 1211 724 1252 T
727 1211 978 1252 elmissicum
1001 1211 1177 1267 profecti
1200 1211 1352 1261 sinum,
1371 1212 1443 1268 qui
1465 1211 1594 1253 latere

198 1284 283 1309 uno
308 1268 489 1318 Cariam,
509 1269 640 1310 altero
661 1268 836 1325 Lyciam
860 1269 1080 1324 contingit,
1100 1269 1251 1310 omisso
1273 1279 1427 1310 conatu
1444 1269 1596 1311 Patara

197 1326 375 1381 amplius
411 1326 616 1375 tentandi,
654 1326 813 1367 Rhodii
849 1325 1022 1367 domum
1059 1326 1219 1367 dimissi
1257 1335 1366 1368 sunt.
1433 1327 1593 1377 Livius,

196 1392 506 1439 praetervectus
528 1384 688 1434 Asiam,
712 1384 755 1424 in
781 1383 1004 1424 Graeciam
1030 1384 1270 1434 transmisit,
1294 1393 1354 1435 ut,
1377 1385 1594 1426 conventis

199 1440 477 1497 Scipionibus,
507 1442 581 1498 qui
615 1450 705 1483 tum
741 1441 851 1482 circa
881 1441 1145 1483 Thessaliam
1181 1450 1313 1492 eraut,
1346 1442 1391 1483 in
1428 1441 1595 1484 Italiam

197 1499 416 1541 traiiceret.

254 1556 476 1607 Aemilius,
493 1566 716 1615 postquam
739 1558 909 1599 omissas
931 1558 974 1598 in
997 1557 1131 1614 Lycia
1148 1573 1226 1607 res,
1245 1566 1288 1600 et
1304 1558 1474 1600 Livium
1496 1574 1593 1615 pro-

193 1614 351 1656 fectum
373 1615 417 1656 in
438 1615 603 1657 Italiam
625 1616 834 1672 cognovit,
857 1631 989 1672 quum
1011 1616 1098 1672 ipse
1121 1616 1172 1657 ab
1195 1615 1377 1672 Epheso,
1400 1616 1591 1673 repulsus

196 1681 457 1729 tempestate,
485 1674 601 1714 irrito
632 1673 802 1730 incepto
833 1672 1003 1714 Samum
1038 1673 1286 1723 revertisset,
1310 1683 1431 1731 turpe
1464 1684 1589 1725 ratus,

1619 238 1718 271 [LO.
1741 240 1815 280 561.

1616 283 1657 315 A.
1681 284 1719 315 C.
1745 293 1814 324 190.

1673 1556 1737 1598 17.

1605 1612 1766 1645 Aemilius

1604 1660 1673 1686 tota
1689 1657 1790 1688 classe

1604 1699 1777 1738 proficisci-

195 1740 353 1772 tentata
373 1731 523 1773 frustra
544 1731 694 1772 Patara
715 1746 815 1781 csse,
839 1731 1046 1787 proficisci
1069 1747 1119 1772 eo
1142 1740 1229 1772 tota
1250 1731 1391 1782 classe,
1415 1740 1457 1774 et
1478 1747 1591 1773 sum-
1603 1745 1656 1771 tur
1670 1742 1704 1772 in
1721 1743 1784 1783 Ly-

193 1802 262 1829 ma
288 1789 329 1829 vi
360 1789 530 1845 aggredi
559 1789 706 1830 urbem
737 1789 893 1830 statuit.
957 1788 1157 1830 Miletum
1188 1798 1230 1830 et
1261 1799 1444 1831 ceteram
1475 1806 1591 1831 oram

192 1846 398 1888 sociorum
432 1847 721 1904 praetervecti,
754 1847 797 1887 in
832 1846 1114 1903 Bargylietico
1146 1847 1241 1888 sinu
1272 1848 1588 1890 exscensionem

192 1903 246 1944 ad
268 1903 427 1945 Iassum
452 1905 653 1946 fecerunt.
718 1904 881 1945 Urbem
910 1905 1071 1961 regium
1105 1906 1278 1946 tenebat
1307 1906 1587 1962 praesidium:

193 1976 339 2017 agrum
375 1962 484 2004 circa
518 1963 702 2003 Romani
742 1962 950 2003 hostiliter
985 1962 1231 2018 depopulati
1272 1972 1380 2005 sunt.
1447 1963 1591 2005 Missis

193 2018 362 2070 deinde,
386 2021 459 2075 qui
482 2036 556 2076 per
577 2020 786 2075 colloquia
813 2020 1052 2075 principum
1084 2029 1127 2061 et
1158 2021 1476 2077 magistratuum
1499 2030 1591 2063 ten-

195 2084 331 2117 tarent
361 2078 534 2127 animos,
563 2086 784 2134 postquam
814 2077 920 2117 nihil
950 2078 993 2117 in
1027 2085 1233 2133 potestate
1260 2094 1335 2120 sua
1361 2078 1591 2135 responde-

194 2142 292 2174 runt
322 2150 423 2183 esse,
451 2135 503 2176 ad
535 2136 679 2177 urbem
710 2134 1038 2191 oppugnandam
1070 2135 1198 2177 ducit.
1264 2136 1396 2177 Erant
1428 2136 1591 2178 Iassen-

193 2191 300 2232 sium
333 2192 496 2233 exsules
529 2208 624 2233 cum
656 2192 882 2234 Romanis:
917 2192 946 2234 ii
972 2192 1214 2249 frequentes
1248 2193 1440 2235 Rhodios
1472 2209 1589 2236 orare

193 2248 448 2300 institerunt,
474 2256 484 2273 ‘
503 2249 570 2291 Ne
600 2250 759 2299 urbem,
782 2258 824 2291 et
852 2249 1031 2291 vicinam
1064 2250 1155 2300 sibi,
1189 2259 1231 2292 et
1259 2261 1493 2307 cognatam,
1526 2252 1590 2292 in-

195 2311 205 2328 ‘
222 2307 391 2347 noxiam
414 2308 549 2363 perire
572 2308 768 2348 sinerent.
827 2306 915 2348 Sibi
938 2308 1074 2349 exsilii
1095 2308 1253 2349 nullam
1277 2309 1399 2351 aliam
1423 2324 1590 2351 causam

194 2369 205 2387 ‘
223 2379 324 2414 csse,
340 2380 466 2421 quam
485 2365 611 2406 fidem
629 2381 727 2421 erga
743 2365 968 2406 Romanos.
1024 2365 1186 2407 Eadem
1204 2366 1245 2407 vi
1266 2367 1490 2422 regiorum,
1507 2382 1591 2423 qua

194 2421 233 2462 ‘i
267 2422 298 2462 si
321 2422 429 2478 pulsi
452 2423 547 2473 sint,
570 2423 703 2464 teneri
727 2438 809 2472 eos,
833 2423 905 2479 qui
928 2423 972 2463 in
994 2424 1096 2464 urbe
1120 2434 1328 2466 maneant.
1384 2425 1591 2466 Omnium

194 2485 204 2502 ‘
222 2437 474 2521 Iiissensium
497 2496 624 2521 unam
646 2490 832 2522 mentem
855 2496 957 2530 csse,
972 2489 1019 2521 ut
1040 2481 1283 2522 servitutem
1305 2482 1462 2538 regiam
1484 2483 1590 2523 effu-

194 2538 394 2591 ‘gerent.’
455 2538 628 2588 Rhodii,
656 2538 758 2581 moti
786 2538 993 2596 precibuS,
1019 2538 1212 2581 Eumene
1239 2539 1365 2582 etiam
1397 2555 1494 2596 rege
1527 2555 1590 2582 as-

192 2694 257 2723 lum
275 2692 444 2731 legendum
462 2703 529 2723 esse
545 2693 690 2725 coniecit.
734 2695 868 2725 I'lmllns
912 2706 950 2726 ac
972 2695 1117 2735 remiges,
1135 2695 1297 2726 interdum
1320 2696 1440 2727 milites
1463 2696 1593 2727 tuendis

192 2740 300 2765 autem
314 2736 387 2764 urbs
402 2739 433 2765 et
452 2740 572 2775 portus,
583 2737 719 2776 Scylace
735 2742 767 2767 ct
784 2738 868 2767 Stra-
914 2738 1049 2768 navibus
1075 2738 1230 2768 attributi.
1270 2739 1309 2769 cf.
1334 2750 1418 2778 supr.
1447 2739 1512 2770 xxi.
1541 2750 1591 2780 49.

194 2779 276 2807 boue
307 2778 452 2814 testibus,
487 2779 610 2808 Pataris
642 2779 762 2809 vicinus
797 2780 868 2811 fuit.
914 2781 946 2811 Si
971 2781 1055 2820 prior
1076 2791 1185 2811 sensus
1206 2781 1258 2811 hic
1282 2782 1387 2812 locum
1406 2782 1514 2815 habet,
1531 2782 1591 2812 hoc

195 2821 304 2852 Domi.
916 2825 1107 2860 membrum,
1129 2825 1284 2862 remissum
1311 2825 1449 2859 turbam,
1475 2824 1593 2855 inutile

239 2872 254 2901 5
274 2864 416 2892 Nau-ales
431 2864 704 2903 socios,2·e11n'5flm1
722 2866 865 2903 turbam]
913 2866 1170 2896 additamentum
1189 2870 1256 2902 est3
1285 2866 1309 2895 si
1335 2866 1499 2906 posterior,
1523 2867 1591 2903 lego

197 2907 339 2937 Narnlcs
363 2906 437 2936 socii
464 2905 623 2936 interdum
652 2912 724 2937 suut
753 2912 870 2938 nautae
914 2913 943 2939 et
960 2910 1114 2947 renn‘ymn
1131 2910 1266 2940 turbam.
1291 2910 1396 2940 Citssv.

1605 1784 1698 1817 ciam.
