1960 3218
348 126 401 164 38
861 121 1011 164 ΤΙΤΙ
1051 120 1234 163 LIVII

143 222 187 254 U.
205 220 243 253 C.
267 213 585 269 552.absumpto,
607 212 683 254 sub
712 212 875 254 tumulo
906 213 951 254 in
980 213 1172 270 proxima
1191 213 1366 270 planitie
1387 213 1589 263 consedit,
1610 214 1747 271 prima

142 266 182 317 A,-
207 265 244 312 C·
268 273 339 312 ²09·
352 271 445 312 luce
477 271 738 326 insequentis
758 271 843 311 diei
867 271 1029 312 hostem
1062 286 1339 327 aggressurus.
1404 271 1489 313 Sed
1511 271 1655 313 Aetoli
1675 287 1747 313 eo-

143 308 287 346 rugmnt
302 317 336 336 m
354 328 452 370 dem
472 343 639 384 pavore,
662 344 747 384 quo
768 343 843 369 sua
863 337 996 370 castra
1022 328 1291 384 reliquerant,
1313 337 1437 370 nocte
1465 328 1657 385 proxima
1682 329 1748 370 di-

143 350 338 422 ffixixoffilila—
356 386 486 442 spersi
513 386 724 442 fugerunt.
787 385 981 426 Maximo
1003 386 1096 426 usui
1117 386 1197 426 fuit
1218 386 1509 443 Amynander,
1532 402 1617 442 quo
1639 386 1747 427 duce

143 434 303 466 manibus.
357 443 631 492 Athamanes,
660 443 859 484 itinerum
894 442 1032 498 periti,
1061 443 1233 484 summis
1268 444 1480 484 montibus
1514 458 1591 500 per
1624 443 1780 485 calles9

356 501 521 556 ignotos
549 500 823 556 sequentibus
843 515 913 541 eos
934 500 1122 541 hostibus
1143 500 1187 541 in
1209 500 1422 542 Aetoliam
1442 501 1747 557 perduxerunt.

358 558 461 599 Non
492 558 551 598 ita
581 557 734 599 multos
764 558 808 598 in
840 557 1027 613 dispersa
1051 558 1151 613 fuga
1177 573 1291 599 error
1318 558 1460 600 intulit
1480 559 1525 599 in
1547 558 1761 605 Macedo-,

356 631 459 656 num
492 615 667 671 equites,
690 630 796 670 quos
825 614 918 656 luce
949 615 1084 670 prima
1111 615 1346 672 Philippus,
1370 625 1416 657 ut
1440 616 1651 657 desertum
1684 624 1752 657 tu-

357 673 519 713 mulum
540 673 657 721 vidit,
680 672 734 713 ad
755 672 1014 727 carpendum
1036 672 1217 713 hostium
1240 688 1391 729 agmen
1412 673 1536 714 misit.

208 733 278 772 43.
416 730 500 771 Per
521 746 591 771 eos
612 730 701 771 dies
723 739 765 771 et
788 729 1079 784 Athenagoras
1100 730 1238 786 regius
1259 731 1504 786 praefectus,
1528 730 1752 772 Dardanos

356 788 606 844 recipientes
639 802 681 828 se
715 788 760 827 in
793 788 898 828 fines
928 787 1117 843 adeptus,
1146 796 1403 843 postremum
1436 803 1585 844 agmen
1616 788 1753 844 primo

145 844 293 876 Dardani
358 845 561 886 turbavit:
590 844 703 893 dein,
725 852 945 900 postquam
971 844 1162 885 Dardani
1182 846 1391 886 conversis
1412 846 1539 902 signis
1561 845 1752 886 direxere

145 888 232 962 ξιξ-18
247 889 330 919 mul·
357 903 502 951 aciem,
536 917 671 957 aequa
700 917 844 957 pugna
873 901 982 942 iusto
1012 902 1170 957 proelio
1203 911 1301 943 erat.
1367 903 1454 944 Ubi
1486 918 1626 944 rursus
1656 918 1753 958 pro-

357 959 506 1000 cedere
533 959 723 999 Dardani
756 959 1004 1014 coepissent,
1034 959 1177 1014 equite
1210 967 1253 1000 et
1284 959 1366 1000 levi
1397 969 1605 1001 armatura
1632 960 1751 1016 regii,

356 1016 520 1057 nullum
544 1016 635 1056 talis
657 1015 802 1057 auxilii
823 1031 957 1071 genus
978 1015 1180 1058 habentes
1202 1016 1437 1067 Dardano-Q
1461 1026 1653 1058 oneratos
1674 1017 1754 1058 im-

357 1073 580 1115 mobilibus
606 1073 742 1122 armis,
765 1074 997 1114 vexabant:
1032 1082 1074 1115 et
1099 1073 1190 1114 loca
1219 1074 1309 1130 ipsa
1336 1074 1602 1116 adiuvabant.
1668 1074 1754 1116 Oc-

357 1131 431 1171 cisi
452 1131 653 1186 perpauci
674 1139 784 1179 sunt,
806 1130 947 1186 plures
967 1129 1186 1180 vulnerati,
1210 1139 1355 1187 captus
1380 1147 1518 1182 nemo,
1542 1132 1642 1188 quia
1666 1146 1753 1173 non

357 1188 570 1229 excedunt
598 1196 754 1229 temere
783 1187 1000 1229 ordinibus
1027 1187 1124 1238 suis,
1148 1187 1221 1229 sed
1242 1188 1463 1230 confertim
1484 1198 1527 1231 et
1547 1197 1751 1245 pugnant,

357 1253 399 1286 et
425 1246 593 1286 cedunt.

415 1302 480 1343 Ita
515 1303 669 1343 damna
705 1303 900 1344 Romano
937 1311 1108 1360 accepta
1139 1304 1261 1354 bello,
1296 1304 1458 1345 duabus
1493 1320 1569 1360 per
1600 1319 1753 1360 oppor-

357 1368 477 1401 tunas
514 1360 806 1416 expeditiones
846 1361 1036 1402 coercitis
1075 1362 1283 1417 gentibus,
1318 1362 1557 1403 restituerat
1589 1362 1753 1418 Philip-

355 1432 446 1472 pus,
483 1418 650 1473 incepto
681 1417 791 1467 forti,
826 1433 913 1458 non
946 1433 1145 1474 prospero
1179 1418 1313 1459 solum
1349 1429 1516 1460 eventu.
1591 1419 1754 1460 Minuit

354 1474 509 1515 deinde
543 1475 582 1516 ei
612 1475 718 1516 forte
752 1475 890 1516 oblata
922 1490 986 1516 res
1019 1475 1201 1516 hostium
1233 1476 1483 1517 Aetolorum
1513 1491 1750 1518 numerum.

362 1530 516 1587 Scopas
536 1532 731 1588 princeps
752 1533 900 1588 gentis,
923 1533 974 1573 ab
992 1532 1253 1574 Alexandria
1273 1548 1426 1589 magno
1448 1550 1544 1575 cum
1565 1534 1752 1590 pondere
1769 1552 1782 1575 1

359 1589 448 1628 auri
470 1590 520 1630 ab
542 1604 638 1644 rege
661 1589 904 1630 Ptolemaeo
926 1590 1086 1639 missus,
1109 1605 1182 1631 sex
1203 1591 1334 1632 millia
1353 1591 1543 1647 peditum
1567 1600 1610 1633 et
1630 1592 1786 1647 quin-2

147 1652 342 1700 Aetolorum
357 1655 506 1701 gentos
528 1647 692 1702 equites
714 1647 907 1687 mercede
930 1647 1161 1688 conductos
1184 1648 1431 1704 Aegyptum
1453 1649 1604 1690 avexit.
1659 1648 1754 1690 Nec

144 1698 294 1766 Ἐγξῐῖῖῑζῧ
312 1705 344 1724 ¹¹¹
358 1718 410 1743 ex
440 1704 657 1744 iuventute
684 1704 932 1744 Aetolorum
955 1719 1211 1760 quemquam
1240 1705 1488 1761 reliquisset,
1519 1707 1561 1747 ni
1593 1707 1755 1747 Damo-

146 1747 333 1811 a„.ee‘³c{ff‚¹¹n¹
357 1760 496 1810 oritus,
527 1776 640 1801 nunc
672 1760 784 1810 belli,
812 1761 927 1816 quod
960 1762 1144 1810 instaret,
1178 1777 1291 1803 nunc
1318 1763 1482 1804 futurae
1516 1763 1754 1805 solitudinis

355 1817 598 1866 admonens,
642 1818 870 1873 (incertum
921 1834 1020 1859 cura
1069 1819 1218 1874 gentis,
1266 1835 1320 1860 an
1371 1830 1417 1861 ut
1468 1820 1755 1862 adversaretur

358 1874 531 1930 Scopae,
558 1890 705 1930 parum
734 1875 855 1915 donis
884 1875 1040 1931 cultus)
1068 1885 1230 1932 partem
1263 1877 1475 1918 iuniorum
1509 1879 1753 1934 castigando

356 1932 471 1972 domi
503 1933 788 1973 continuisset.
853 1932 972 1974 Haec
1005 1949 1055 1974 ea
1087 1942 1241 1975 aestate
1274 1935 1324 1975 ab
1356 1935 1559 1977 Romanis
1588 1936 1753 1992 Philip-

356 2004 496 2045 poque
518 1998 645 2044 gesta.

208 2047 277 2085 44.
418 2047 573 2087 Classis
609 2063 632 2087 a
669 2048 854 2103 Corcyra
889 2048 1077 2089 eiusdem
1117 2049 1324 2105 principio
1365 2050 1529 2091 aestatis
1565 2066 1662 2092 cum
1698 2050 1748 2092 L.

145 2101 310 2181 ἐξῗῗᾶῐέὂΐῑ
357 2104 540 2160 Apustio
569 2104 705 2159 legato
738 2105 936 2160 profecta,
965 2105 1108 2147 Malea
1135 2116 1340 2162 superata,
1371 2108 1479 2149 circa
1513 2107 1752 2165 Scyllaeum

356 2162 443 2216 agri
486 2161 746 2202 Hermionici
788 2162 933 2203 Attalo
974 2163 1062 2218 regi
1102 2165 1328 2205 coniuncta
1367 2174 1440 2206 est.
1504 2165 1617 2206 Tum
1652 2180 1751 2207 vero

357 2218 684 2259 Atheniensium
717 2219 872 2267 civitas,
907 2220 974 2260 cui
1007 2220 1104 2260 odio
1133 2221 1174 2260 in
1208 2221 1454 2277 Philippum
1485 2237 1560 2277 per
1591 2231 1750 2263 metum

355 2275 437 2315 iam
459 2276 533 2316 diu
555 2276 769 2316 moderata
790 2285 889 2325 erat,
913 2276 957 2317 id
984 2292 1109 2317 omne
1137 2278 1180 2317 in
1209 2278 1354 2318 auxilii
1383 2280 1611 2334 praesentis
1632 2294 1750 2335 spem

355 2333 514 2375 effudit.
580 2332 673 2374 Nec
715 2348 901 2390 unquam
942 2334 1001 2374 ibi
1037 2334 1190 2375 desunt
1230 2334 1397 2391 linguae
1438 2345 1654 2393 promptae
1696 2336 1750 2377 ad

398 2496 417 2525 9
443 2488 510 2516 J'er
536 2488 631 2516 ealles
658 2488 779 2525 iynolos
805 2489 1026 2527 sequentibus]

1073 2498 1148 2526 gum
1167 2500 1192 2517 ει
1209 2488 1241 2518 in
1256 2489 1418 2519 vocabulis
1431 2489 1565 2520 Graecis
1581 2491 1676 2520 modo
1692 2501 1750 2530 per

356 2528 545 2557 Mcmincris
560 2531 763 2568 sequentibus
780 2530 992 2568 interpretari,
1005 2530 1028 2560 si

1075 2542 1103 2565 c,
1127 2532 1222 2560 modo
1244 2542 1300 2569 per
1323 2532 1331 2561 i
1357 2533 1488 2562 reddere
1511 2532 1749 2571 animadvertit,

355 2575 575 2609 sequerentur„
592 2581 696 2608 noque
713 2572 796 2601 enim
819 2572 911 2609 longe
928 2572 1028 2602 secuti

355 2616 439 2642 sunt.
494 2613 647 2642 Similiter
677 2624 761 2652 supr.
790 2614 832 2644 ix.
865 2617 910 2643 18.
941 2616 1029 2644 vietis

354 2655 600 2691 Almwaelrmibm,
610 2655 628 2685 i.
638 2666 663 2685 o.
677 2655 701 2685 si
715 2655 787 2685 victi
801 2660 915 2686 essent.
938 2656 1027 2687 Gito-

356 2706 428 2726 ww.

402 2748 410 2767 1
432 2740 482 2767 Ab
493 2740 713 2777 .·1le’.1¹a¹1‹l›·ia]
729 2741 937 2771 Alemmdrea
953 2751 1026 2771 asue-

353 2781 482 2810 toritatc
508 2782 644 2819 plurium
668 2783 759 2812 codd.
784 2783 921 2821 reposuit
942 2783 1025 2813 Bek-

354 2823 420 2857 ker,
471 2824 588 2852 Verum
621 2824 771 2854 Priscian.
797 2825 828 2855 in
857 2825 1025 2855 (lraunma-

353 2865 417 2895 tica
440 2876 495 2895 sua
518 2865 546 2896 ii.
567 2876 595 2903 p.
615 2868 685 2904 587.
704 2867 836 2897 Latinos
852 2867 1025 2906 diphthon-

1074 2577 1106 2602 οἱ
1126 2573 1257 2602 nomina.
1277 2574 1401 2603 urbium
1420 2575 1636 2609 .›1le.1·andria,
1651 2577 1677 2604 A
1685 2576 1748 2606 lenz*-

1074 2616 1209 2649 amlrea,
1219 2617 1405 2651 Antiochia,
1418 2618 1609 2655 .›11zte'oclzca‚
1620 2618 1748 2657 aliaque

1073 2657 1189 2687 similia
1207 2658 1329 2688 recitat.

1116 2709 1131 2730 2
1156 2701 1202 2729 Et
1228 2702 1417 2740 quinaentos
1442 2702 1580 2741 equites]
1622 2702 1747 2733 Nume-

1072 2751 1143 2771 rum
1164 2743 1354 2781 qtcinqenaeos
1370 2745 1591 2782 reponendum
1609 2745 1746 2776 coniecit

1072 2784 1266 2821 Gronovius,
1279 2789 1335 2815 aut
1352 2785 1375 2815 si
1394 2786 1505 2821 muris,
1517 2788 1613 2824 mille,
1624 2787 1746 2827 quippe

1072 2831 1163 2856 notas
1198 2827 1381 2857 huiusmodi
1415 2830 1595 2859 numerales
1626 2829 1746 2860 librarii

1070 2869 1254 2908 saepissime
1270 2870 1442 2902 omiserint.
1476 2872 1518 2904 cf.
1532 2882 1616 2912 supr.
1637 2881 1685 2912 14.
