1960 3218
565 147 694 189 LIB.
728 146 994 188 XXXVIII.
1042 148 1188 189 CAP.
1224 152 1291 190 58.
1548 150 1630 191 375

227 237 239 256 ‘
255 248 421 276 manere
436 252 446 284 3
474 251 552 277 nec
570 252 613 277 se
629 236 787 292 gratiae
802 237 1069 292 quaerendae
1083 252 1207 278 causa
1220 237 1448 293 quicquam
1462 238 1597 280 facere
1617 247 1627 272 :
1644 247 1688 280 U.
1706 250 1744 281 C.
1767 250 1841 290 565·

225 291 326 332 ‘sed
357 292 401 333 in
427 309 555 349 quem
585 309 798 335 carcerem
829 309 948 350 reges
977 304 1020 335 et
1050 295 1321 350 imperatores
1341 295 1525 337 hostium
1546 296 1625 338 du-
1639 292 1680 323 A.
1704 293 1742 324 C.
1768 294 1838 333 187.

223 353 235 371 ‘
250 358 417 391 centem
439 350 610 392 vidisset
626 352 674 392 P.
692 351 955 401 AfrIcanum,
975 352 1019 392 in
1041 367 1137 393 eum
1160 368 1202 393 se
1222 352 1391 393 fratrem
1414 354 1504 395 eius
1525 354 1624 395 duci

222 411 335 448 ‘non
367 409 631 464 passurumz’
661 418 868 458 senatum,
891 425 942 450 eo
963 409 1031 450 die
1053 409 1158 450 forte
1184 419 1434 451 coenantem
1464 412 1508 452 in
1540 412 1623 454 Ca-

218 463 379 519 pitolio,
412 467 735 516 consurrexisse,
769 475 811 508 et
841 467 1008 522 petisse,
1041 476 1088 508 ut
1118 467 1228 508 inter
1259 468 1403 524 epulas
1427 468 1622 511 Graccho

219 521 348 562 filiam
378 523 603 565 Africanus
635 524 940 580 desponderet:
977 525 1130 581 quibus
1165 525 1224 566 ita
1259 526 1368 567 inter
1404 526 1620 582 publicum

218 579 405 621 sollenne
428 582 689 637 sponsalibus
711 582 788 623 rite
811 582 942 632 factis,
966 598 1098 638 quum
1119 598 1162 624 se
1185 583 1359 624 domum
1382 584 1618 640 recepisset,

220 635 462 693 Scipionem
485 638 694 681 Aemiliae
726 639 848 681 uxori
874 639 1042 690 dixisse,
1072 639 1201 681 filiam
1232 656 1275 681 se
1309 641 1513 682 minorem
1546 641 1620 682 de-

215 695 455 750 spondisse:
490 712 623 752 quum
654 697 737 747 illa,
767 697 1028 739 muliebriter
1060 697 1394 754 indignabunda,
1424 699 1533 739 nihil
1565 699 1617 740 de

216 753 431 794 communi
466 754 553 797 filia
588 770 730 796 seeum
764 755 1060 805 consultatum,
1091 756 1326 806 adiecisset,
1358 772 1458 806 11011,
1488 757 1522 797 51
1549 756 1589 798 T
1591 757 1615 798 i.

219 808 412 852 Graccho
446 811 575 862 daret,
609 822 827 869 expertem
865 813 1028 854 consilii
1060 813 1254 855 debuisse
1289 822 1465 855 matrem
1499 829 1615 864 esse3

214 866 371 909 laetum
397 868 639 926 Scipionem
661 880 746 912 tam
768 870 967 912 concordi
993 870 1163 920 iudicio,
1187 871 1226 912 ei
1255 871 1335 927 ipsi
1364 871 1618 928 desponsam

215 926 490 982 respondisse.
555 927 675 970 Haec
701 928 754 970 de
786 937 904 970 tanto
935 929 1036 978 viro,
1061 944 1302 985 quanquam
1336 938 1379 970 et
1407 929 1617 985 opinioni-

214 982 304 1032 bus,
322 993 365 1025 et
385 987 671 1027 monumentis
692 986 907 1028 literarum
928 987 1151 1036 variarent,
1175 987 1450 1042 proponenda
1470 997 1601 1029 erant.

273 1040 445 1083 Iudiciis
482 1059 506 1084 a
539 1043 592 1092 Q.
618 1044 822 1085 Terentio
857 1052 1047 1100 praetore
1084 1045 1291 1100 perfectis,
1332 1044 1540 1086 Hostilius
1573 1054 1617 1087 et
1693 1049 1761 1088 58.

181 1097 364 1140 9Furius
400 1100 600 1150 damnati,
633 1102 808 1157 praedes
840 1102 989 1142 eodem
1021 1101 1090 1142 dic
1123 1102 1413 1158 quaestoribus
1446 1103 1615 1144 urbanis

212 1155 433 1198 dederunt.
500 1158 654 1215 Scipio,
678 1175 810 1215 quum
833 1159 1121 1209 contenderet,
1146 1175 1328 1209 omnem,
1348 1175 1475 1215 quam
1497 1176 1615 1202 acce·
1629 1170 1829 1211 L.Scipi01‘n

211 1214 354 1269 pisset,
377 1216 601 1271 pecuniam
632 1217 676 1257 in
708 1217 866 1258 aerario
888 1232 989 1266 0550,
1012 1232 1091 1258 nec
1123 1233 1165 1258 se
1196 1218 1424 1273 quicquam
1454 1218 1614 1273 publici
1628 1224 1788 1286 {arcerem

211 1271 378 1322 habere,
402 1273 445 1313 in
466 1273 633 1316 vincula
653 1274 751 1315 duci
783 1283 845 1315 051
875 1284 1060 1330 coeptus.
1123 1275 1170 1316 P.
1195 1274 1335 1331 Scipio
1358 1275 1516 1317 Nasica
1542 1267 1702 1331 tri-{13¹
1718 1258 1807 1288 iube-

210 1329 346 1370 bunos
368 1330 606 1387 appellavit,
627 1332 944 1388 orationemque
967 1332 1115 1372 habuit
1135 1332 1305 1388 plenam
1321 1333 1428 1374 veris
1450 1333 1614 1375 decori-

211 1386 301 1437 bus,
324 1403 409 1429 non
435 1390 717 1430 communiter
748 1389 874 1430 modo
907 1389 1130 1430 Corneliae
1157 1390 1307 1446 gentis,
1338 1390 1413 1431 sed
1444 1391 1611 1447 proprie

210 1443 390 1487 familiae
423 1462 533 1488 51130.
599 1453 610 1470 ‘
624 1447 826 1488 Parentes
848 1462 943 1488 suos
965 1456 1007 1488 et
1028 1447 1075 1488 P.
1095 1447 1286 1488 Africani
1308 1463 1355 1488 ac
1378 1447 1427 1489 L.
1450 1448 1612 1505 Scipio-
1624 1463 1824 1495 Defenditur

212 1507 224 1525 ‘
236 1503 314 1553 nis,
337 1504 411 1560 qui
431 1504 476 1544 in
498 1519 707 1546 carcerem
729 1505 967 1554 duceretur,
991 1505 1116 1546 fuisse
1142 1506 1221 1547 Cn.
1243 1514 1286 1546 et
1307 1505 1354 1547 P.
1378 1505 1609 1562 Scipiones,
1623 1518 1642 1538 st
1659 1507 1792 1539 Nasica.

212 1560 482 1602 ‘clarissimos
503 1562 624 1603 viros.
688 1562 785 1612 Eos,
810 1577 942 1618 quum
971 1577 1047 1618 per
1075 1563 1235 1619 aliquot
1263 1579 1395 1604 annos
1426 1563 1470 1604 111
1504 1574 1613 1606 terra

212 1617 458 1675 ‘Hispania,
493 1619 690 1661 adversus
722 1620 874 1661 multos
896 1620 1139 1661 Poenorum
1164 1620 1538 1677 Hispanorumque
1570 1631 1613 1664 et

211 1680 223 1698 ‘
236 1675 365 1717 duces
387 1686 429 1718 et
450 1677 673 1728 exercitus,
692 1678 875 1719 nominis
899 1678 1083 1718 Romani
1104 1678 1257 1719 famam
1279 1679 1505 1728 auxissent,
1524 1695 1610 1721 non

212 1733 346 1775 ‘bello
381 1734 528 1784 solum,
566 1735 640 1776 sed
675 1735 790 1791 quod
832 1735 1047 1776 Romanae
1085 1737 1387 1791 temperantiae
1423 1736 1610 1793 fideique

211 1792 449 1847 ‘specimen
472 1792 553 1833 illis
583 1794 780 1849 gentibus
802 1793 1030 1842 dedissent,
1054 1793 1107 1834 ad
1129 1804 1367 1834 extremum
1389 1794 1513 1835 ambo
1534 1810 1610 1851 pro

211 1850 450 1906 ‘republica
470 1860 603 1892 morte
627 1851 882 1892 occubuisse.
950 1850 1097 1899 Quum
1118 1850 1285 1892 illorum
1304 1852 1413 1892 tueri
1434 1851 1609 1908 gloriam

211 1908 410 1963 ‘posteris
435 1908 531 1949 satis
553 1918 672 1958 esset,
696 1909 743 1949 P.
762 1908 1011 1949 Africanum
1043 1917 1208 1950 tantum
1240 1917 1434 1965 paternas
1465 1925 1610 1966 super-

211 1965 364 2006 ‘avisse
387 1965 543 2016 laudes,
567 1975 614 2007 ut
636 1966 763 2007 fidem
784 1967 943 2015 fecerit,
967 1981 1053 2007 non
1079 1967 1283 2022 sanguine
1312 1967 1510 2017 humano,
1535 1967 1610 2009 sed

211 2030 220 2046 ‘
235 2023 362 2079 stirpe
385 2023 527 2064 divina
547 2033 683 2064 satum
705 2040 748 2065 se
771 2039 871 2065 esse.
926 2023 974 2064 L.
998 2023 1252 2079 Scipionem,
1271 2024 1323 2064 de
1342 2040 1427 2080 quo
1449 2034 1608 2080 agatur,

211 2081 314 2135 ‘(ut,
338 2096 444 2136 quae
468 2081 510 2121 in
536 2081 757 2137 Hispania,
781 2097 888 2137 quae
920 2081 964 2121 111
995 2081 1152 2130 Africa,
1175 2097 1307 2137 quum
1340 2081 1500 2137 legatus
1528 2082 1609 2123 fra-

211 2138 308 2178 ‘tris
330 2147 450 2187 essct,
473 2138 677 2193 gessisset,
710 2139 1046 2195 praetereantur)
1068 2139 1283 2180 consulein
1315 2149 1357 2180 et
1378 2140 1429 2180 ab
1461 2149 1609 2182 senatu

211 2195 411 2251 ‘dignum
435 2196 582 2246 visum,
606 2197 672 2237 cui
696 2206 814 2237 extra
835 2205 989 2237 sortem
1014 2196 1117 2237 Asia
1137 2196 1353 2252 provincia
1377 2206 1419 2238 et
1451 2197 1607 2238 bellum

212 2259 331 2294 ‘cum
371 2253 585 2294 Antiocho
623 2269 719 2310 rege
755 2254 1073 2302 deeerncretur3
1118 2264 1160 2294 01
1191 2269 1214 2294 a
1244 2254 1381 2304 fratre,
1414 2255 1482 2295 cui
1515 2264 1608 2311 post

211 2310 341 2352 ‘duos
374 2311 614 2353 consulatus
650 2326 954 2367 censuramque
990 2321 1032 2352 01
1070 2311 1330 2367 triumphum
1367 2312 1527 2368 legatus
1563 2313 1608 2353 111

210 2368 382 2410 ‘Asiam
406 2369 496 2410 iret.
560 2368 637 2419 Ibi,
662 2385 714 2410 110
738 2369 985 2425 magnitudo
1016 2378 1057 2410 et
1085 2368 1285 2424 splendor
1315 2369 1441 2425 legati
1474 2369 1608 2410 laudi-

210 2426 310 2467 ‘bus
342 2426 524 2468 0011511115
555 2428 752 2476 officeret,
784 2427 889 2468 sorte
923 2427 979 2467 ita
1010 2426 1218 2476 incidisse,
1245 2436 1304 2476 111,
1337 2443 1422 2482 quo
1454 2427 1522 2468 die
1554 2428 1608 2468 ad

211 2489 222 2506 ‘
236 2483 500 2540 Magnesiam
523 2485 652 2541 signis
673 2485 833 2526 collatis
856 2484 905 2525 L.
926 2484 1067 2539 Scipio
1086 2484 1348 2525 Antiochum
1371 2484 1605 2534 devicisset,

210 2546 359 2597 ‘aeger
380 2542 427 2583 P.
447 2541 588 2598 Scipio
612 2542 764 2584 Elaeae
790 2542 954 2583 dierum
987 2541 1147 2597 aliquot
1172 2543 1240 2583 vla
1269 2543 1441 2583 abesset.
1506 2542 1605 2584 Non

209 2598 358 2639 ‘fuisse
392 2599 597 2640 minorem
631 2616 728 2641 eum
765 2601 1013 2649 exercitum,
1051 2615 1176 2655 quam
1211 2599 1476 2649 Hannibalis,
1510 2616 1606 2641 cum

211 2661 222 2679 ‘
236 2671 320 2711 quo
341 2656 385 2696 in
408 2656 553 2697 Africa
573 2666 681 2699 esset
702 2667 949 2714 pugnatum.
1014 2657 1301 2698 Hannibalem
1333 2658 1514 2698 cundem
1542 2658 1607 2697 fu-

211 2714 314 2754 ‘isse
337 2713 446 2754 inter
467 2713 619 2756 multos
647 2715 749 2757 alios
781 2715 916 2772 regios
938 2715 1078 2765 duces,
1102 2715 1176 2771 qui
1208 2715 1434 2770 imperator
1455 2715 1606 2755 Punici

252 2877 272 2904 9
290 2865 448 2901 I'racdes]
464 2864 884 2903 l‘rues,cstfideiussoi·,qui
931 2865 996 2896 sive
1014 2865 1111 2895 fidem
1129 2865 1272 2896 damnati
1292 2870 1440 2905 praestat.
1467 2866 1576 2898 Domi.

209 2906 241 2938 in
256 2907 351 2938 causa
370 2906 553 2947 pecuniaria
570 2906 750 2946 periculum
765 2906 886 2944 iudicii,
