1960 3218
371 145 422 185 78
898 140 1046 183 T1T1
1083 141 1262 182 LIVII

163 242 204 273 U.
223 242 261 274 C.
283 250 321 283 55
327 254 356 283 5·
370 231 632 282 Aetolorum,
674 240 717 273 et
765 230 930 273 Achaei
976 231 1075 280 duo,
1118 231 1367 272 Aristaenus
1413 239 1456 271 et
1496 229 1762 286 Xenophon.

159 286 198 316 A.
223 285 260 317 C.
287 296 354 327 ¹97·
369 288 487 331 Inter
513 290 590 331 hos
623 289 854 339 Romanus,
882 289 935 330 ad
963 297 1199 330 extremum
1233 289 1331 329 litus
1358 303 1611 344 progressus,
1633 303 1764 344 quum

367 363 443 389 rex
467 348 512 388 in
537 363 703 404 proram
727 348 844 388 navis
871 347 916 387 in
942 347 1103 388 ancoris
1132 347 1278 388 stantis
1306 346 1583 402 processisset,
1609 352 1620 369 ⁶
1636 346 1798 387 Com-8

367 411 379 429 ⁶
398 406 589 456 modius,’
630 406 781 462 inquit,
817 405 873 446 ‘si
906 406 949 445 in
980 415 1132 446 terram
1164 404 1402 461 egrediaris,
1435 419 1488 445 ex
1525 404 1764 460 propinquo

369 469 381 487 ⁶
393 464 581 505 dicamus
601 464 645 504 in
666 464 813 513 vicem,
837 463 1167 519 audiamusque.⁷
1230 463 1375 511 Quum
1397 477 1472 503 rex
1493 462 1700 502 facturum
1721 477 1764 502 se

367 522 411 562 id
441 532 636 578 negaret3
681 527 693 545 ⁶
713 522 854 570 Quem
891 521 1089 570 tandem,’
1119 520 1257 577 inquit
1292 520 1531 569 Quinctius,
1567 519 1765 561 ‘times?’

368 579 442 620 Ad
463 580 542 621 hoc
567 579 636 621 ille
665 580 845 636 superbo
871 588 912 620 et
940 579 1054 635 regio
1083 579 1248 620 animo:
1285 578 1539 619 ‘Weminem
1566 577 1766 634 equidem

369 643 379 661 ⁶
393 638 535 688 timeo,
558 647 725 694 praeter
740 638 841 679 deos
862 636 1138 678 immortales:
1173 652 1259 678 non
1276 636 1463 677 omnium
1483 644 1622 676 autem
1638 635 1764 676 credo

369 696 509 745 ‘fidei,
533 712 638 752 quos
660 696 769 737 circa
795 705 834 737 te
856 695 992 744 video,
1017 705 1143 750 atque
1170 694 1359 736 omnium
1387 694 1559 734 minime
1585 693 1761 735 Aetolis.

369 759 381 777 ⁶
397 753 516 795 Istud
538 754 738 810 quidem,'
759 755 817 795 ait
840 752 1071 802 Romanus,
1097 759 1195 808 ‘par
1215 752 1410 794 omnibus
1430 751 1664 808 periculum
1687 759 1762 801 est,

369 817 380 834 ⁶
396 812 469 867 qui
491 827 587 853 cum
610 812 727 853 hoste
750 812 803 853 ad
824 811 1080 867 colloquium
1102 810 1446 866 congrediuntur,
1470 809 1503 850 si
1524 809 1640 850 nulla
1660 809 1796 859 fides9

369 875 380 893 ⁶
396 870 458 911 sit.
524 869 625 911 Non
656 870 823 919 tamen,’
851 869 991 925 inquit
1018 884 1105 918 rex,
1137 874 1148 892 ⁶
1165 869 1216 909 T.
1240 868 1429 917 Quincti,
1460 882 1534 923 par
1562 867 1763 923 perfidiae

368 928 627 983 ‘praemium
659 936 733 976 est,
766 928 799 968 si
829 926 975 967 fraude
1004 935 1161 981 agatur,
1192 925 1415 981 Philippus
1443 934 1485 966 et
1516 925 1761 966 Phaeneas:

367 991 533 1041 ‘neque
563 986 676 1026 enim
705 1000 838 1041 aeque
870 984 1096 1025 difficulter
1118 983 1262 1025 Aetoli
1290 992 1524 1039 praetorem
1553 982 1694 1032 alium,
1717 998 1764 1024 ac

369 1048 380 1066 ⁶
398 1043 655 1084 Macedones
683 1058 824 1099 regem
853 1043 896 1083 in
926 1057 1065 1083 meum
1095 1042 1235 1083 locum
1263 1041 1544 1082 substituant.’
1606 1039 1766 1081 Secun-

220 1107 287 1144 33.
367 1100 469 1141 dum
498 1101 601 1142 haec
629 1101 842 1143 silentium
870 1100 961 1141 fuit.
1028 1100 1174 1148 Quum
1207 1099 1425 1140 Romanus
1454 1114 1550 1140 eum
1580 1113 1765 1154 aequum

159 1168 355 1217 Legqspacis
368 1168 557 1200 censeret
577 1160 758 1216 priorem
787 1159 941 1208 dicere,
965 1158 1038 1214 qui
1059 1158 1230 1214 petisset
1251 1157 1531 1213 colloquium3
1565 1171 1653 1205 rex,
1676 1156 1765 1197 eius

159 1212 314 1285 ῙΙἾᾞῙΡΡΟ
367 1232 455 1258 esse
477 1218 659 1273 priorem
688 1217 933 1266 orationem,
957 1217 1029 1272 qui
1052 1216 1169 1257 daret
1194 1215 1307 1272 pacis
1337 1215 1463 1271 leges,
1486 1230 1571 1255 non
1594 1215 1667 1270 qui
1696 1229 1765 1255 ac-

157 1264 207 1284 tm
224 1266 271 1286 ae.
366 1275 548 1331 ciperet,
583 1285 672 1316 tum
696 1275 926 1324 Romanus,
952 1280 963 1298 ⁶
983 1274 1225 1330 Simplicem
1253 1288 1370 1314 suam
1393 1273 1624 1314 orationem
1646 1287 1733 1313 esse
1752 1288 1761 1313 :

368 1339 379 1356 ⁶
393 1349 442 1374 ea
463 1333 576 1374 enim
593 1349 635 1375 se
653 1333 877 1382 dicturum,
897 1348 1004 1389 quae
1027 1333 1070 1373 ni
1088 1332 1203 1381 fiant,
1222 1331 1338 1372 nulla
1358 1331 1409 1372 sit
1430 1330 1544 1387 pacis
1561 1329 1761 1371 conditio.

368 1397 380 1415 ⁶
396 1391 663 1433 Deducenda
680 1407 733 1432 ex
754 1391 948 1432 omnibus
966 1390 1168 1431 Graeciae
1190 1389 1427 1431 civitatibus
1448 1388 1535 1444 regi
1557 1387 1765 1444 praesidia

368 1455 379 1472 ⁶
396 1464 507 1491 esse:
541 1450 726 1505 captivos
747 1458 789 1490 et
811 1449 1042 1504 transfugas
1063 1448 1184 1489 sociis
1204 1447 1349 1503 populi
1379 1447 1562 1487 Romani
1583 1445 1765 1487 redden-

369 1512 380 1531 ⁶
396 1507 497 1548 dos:
531 1507 790 1549 restituenda
814 1507 1017 1548 Romanis
1045 1521 1094 1547 ea
1121 1505 1279 1562 Illyrici
1308 1505 1410 1554 loca,
1433 1520 1540 1560 quae
1570 1512 1664 1560 post
1691 1518 1764 1559 pa-

369 1571 484 1606 ⁶cem
506 1565 550 1606 in
574 1565 703 1621 Epiro
724 1566 875 1606 factam
897 1572 1163 1620 occupasset:
1199 1562 1442 1604 Ptolemaeo
1465 1562 1553 1617 regi
1576 1561 1764 1618 Aegypti

368 1629 379 1646 ⁶
392 1622 628 1664 reddendas
645 1624 781 1673 urbes,
800 1638 902 1679 quas
918 1631 1011 1679 post
1034 1621 1315 1677 Philopatoris
1336 1619 1568 1661 Ptolemaei
1585 1629 1763 1660 mortem

367 1687 379 1704 ⁶
391 1690 644 1737 occupasset.
711 1681 814 1723 Suas
830 1680 1060 1737 populique
1085 1679 1268 1721 Romani
1285 1678 1548 1719 conditiones
1564 1677 1638 1718 has
1654 1692 1761 1718 esse:

368 1745 379 1762 ⁶
394 1747 582 1780 ceterum
603 1748 646 1780 et
667 1739 873 1781 sociorum
896 1738 1030 1779 audiri
1052 1737 1262 1794 postulata
1282 1751 1428 1778 verum
1450 1735 1566 1777 esse.’
1626 1734 1763 1776 Attali

365 1796 474 1852 regis
505 1797 679 1853 legatus,
710 1797 879 1838 ‘Naves
907 1796 1189 1851 captivosque,
1219 1810 1327 1851 quae
1356 1794 1410 1835 ad
1441 1792 1599 1834 Chium
1627 1792 1764 1834 navali
1782 1813 1793 1833 1

368 1861 380 1878 ⁶
392 1854 550 1910 proelio
567 1864 688 1911 capta
700 1863 850 1904 essent,
866 1863 908 1896 et
925 1853 1245 1909 Nicephorium,
1264 1851 1528 1907 Venerisque
1543 1850 1761 1907 templum,
1778 1867 1794 1887 2

368 1919 500 1968 “quae
541 1913 758 1969 spoliasset
796 1920 1118 1967 evastassetque,
1161 1926 1236 1967 pro
1283 1909 1536 1965 incorruptis
1576 1908 1764 1950 restitui.'

368 1970 527 2012 Rhodii
564 1971 766 2012 Peraeam
796 1970 932 2026 (regio
965 1978 1027 2010 est
1059 1968 1312 2010 continentis
1343 1967 1538 2009 adversus
1568 1966 1761 2016 insulam,

366 2037 553 2069 vetustae
575 2044 718 2070 eorum
750 2027 943 2083 ditionis)
963 2027 1221 2083 repetebant,
1245 2025 1595 2082 postulabantque
1619 2030 1762 2080 ‘prae-

369 2085 497 2127 ‘sidia
517 2086 671 2127 deduci
693 2087 744 2127 ab
766 2086 892 2136 Iasso,
916 2094 958 2126 et
980 2084 1200 2141 Bargyliis,
1223 2093 1266 2125 et
1288 2083 1614 2124 Euromensium
1643 2082 1759 2131 urbe,

368 2150 379 2167 ⁶
396 2153 438 2185 et
458 2144 501 2184 in
532 2144 812 2200 Hellesponto
844 2143 962 2185 Sesto
985 2152 1110 2199 atque
1142 2142 1309 2199 Abydo,
1333 2150 1375 2182 et
1402 2139 1654 2182 Perinthum
1677 2139 1793 2196 By-3

369 2208 380 2225 ⁶
397 2202 543 2242 zantiis
564 2203 608 2242 in
630 2202 794 2258 antiqui
815 2201 1036 2242 formulam
1059 2200 1158 2240 iuris
1179 2200 1354 2249 restitui,
1373 2206 1415 2239 et
1435 2197 1601 2239 liberari
1622 2197 1764 2238 omnia

368 2260 521 2300 ‘Asiae
550 2260 736 2315 emporia
764 2259 1020 2315 portusque.’
1081 2257 1243 2298 Achaei
1272 2255 1525 2298 Corinthum
1555 2263 1598 2295 et
1624 2255 1762 2309 Argos

366 2318 623 2373 repetebant.
687 2317 862 2357 Praetor
898 2315 1150 2357 Aetolorum
1191 2314 1409 2355 Phaeneas
1445 2327 1577 2368 quum
1613 2311 1761 2352 eadem

365 2375 464 2424 fere,
502 2390 609 2430 quae
648 2374 843 2423 Romani,
878 2382 925 2414 ut
963 2372 1143 2414 Graecia
1178 2371 1465 2419 decederetur,
1499 2369 1760 2425 postulasset,

366 2432 726 2488 redderenturque
744 2431 907 2473 Aetolis
928 2431 1063 2479 uerS,
1087 2445 1194 2485 quae
1212 2428 1426 2485 quondam
1447 2427 1547 2468 iuris
1569 2442 1615 2468 ac
1637 2426 1761 2467 ditio-

408 2571 426 2601 8
451 2571 665 2610 Commodius]
686 2572 822 2610 Supple,
837 2573 909 2607 erit,
927 2570 976 2600 vel
986 2570 1040 2606 sa·
1132 2578 1145 2598 2
1164 2569 1412 2607 Nicephorium]
1437 2567 1551 2597 Strabo
1564 2566 1630 2596 xiii.
1645 2577 1675 2606 p.
1690 2565 1761 2605 624.

365 2616 436 2645 cies.
1088 2611 1322 2650 Nicephorium
1341 2611 1450 2639 lucum
1464 2610 1504 2639 ad
1518 2610 1713 2648 Pergamum
1730 2610 1762 2640 in

409 2667 428 2697 9
451 2658 487 2685 Si
513 2657 606 2686 vulla
627 2657 712 2695 fides
738 2657 795 2693 sit]
839 2656 891 2685 Ita
916 2664 1042 2694 quoquc
1088 2654 1164 2684 Asia
1183 2654 1223 2683 ab
1242 2654 1390 2683 Eumene
1412 2662 1484 2691 rege
1507 2652 1690 2691 plantatum
1714 2662 1762 2683 as-

368 2699 538 2730 Bekkerus
555 2699 696 2737 reposuit
712 2699 775 2728 fide
792 2698 930 2737 plurium
949 2698 1041 2727 codd.
1087 2696 1169 2726 serit.
1196 2696 1370 2726 (immitis.

370 2743 478 2781 Vulgo
495 2752 533 2771 ex
552 2741 735 2771 coniectura
752 2740 881 2771 (leleuii
899 2746 934 2771 ¹ul
951 2741 1042 2770 nulla
1131 2748 1147 2777 3
1173 2740 1218 2769 ,Εἰ
1232 2739 1426 2769 Perinthum
1444 2739 1633 2777 Byzantiis]
1674 2737 1761 2777 Sigo-

360 2786 445 2824 fides
459 2786 500 2814 sit
517 2784 640 2824 legitur.
1088 2781 1159 2812 nius
1174 2782 1368 2812 I’ert'ntlzmn
1392 2779 1575 2811 emendavit
1596 2790 1653 2819 pro
1678 2780 1762 2819 vulg.

416 2837 426 2857 1
454 2828 508 2857 Ad
532 2827 648 2857 Chium
675 2827 786 2857 navali
812 2825 948 2865 prm-lin]
993 2826 1044 2855 De
1090 2825 1290 2864 l’anopolim.
1320 2823 1393 2853 Vox
1406 2823 1763 2862 l’ae’rinlhmnaPolyb.

369 2880 432 2909 quo
445 2869 547 2899 obiter
562 2869 684 2899 mentio
700 2869 784 2899 lacta
798 2872 843 2899 cst
860 2879 943 2908 supr.
955 2868 1043 2898 xxxi.
1090 2867 1166 2897 xvii.
1185 2876 1211 2898 2.
1237 2871 1268 2897 ct
1293 2866 1384 2897 Livio
1410 2866 1478 2905 ipso
1502 2865 1574 2896 infr.
1586 2864 1696 2896 xxxiii.
1711 2873 1760 2903 30.

373 2922 418 2950 14.
448 2913 488 2943 cf.
509 2912 622 2951 Polyb.
640 2911 704 2942 xvi.
724 2921 750 2941 2.
768 2917 797 2941 et
820 2921 865 2949 ¹4·
1093 2910 1247 2940 firmatur.
