1960 3218
168 238 213 269 U.
230 237 268 269 C.
291 246 362 278 555.

165 281 206 312 A.
230 282 268 312 C.
295 289 362 322 197.

165 587 332 619 Minucius

164 631 197 661 in
213 634 324 662 monte

164 674 293 704 Albano
309 673 361 704 tri-

165 717 312 756 uniphat.

227 1161 293 1199 24.

161 1215 313 1247 Comitia.

160 1801 359 1832 Macedones

160 1843 257 1883 legati
275 1845 340 1875 Ro-

159 1896 240 1917 mae.

381 145 459 183 106
898 141 1046 183 ΤΙΤΙ
1083 141 1264 183 LIVII

376 232 517 282 ducti3
551 233 660 274 inter
681 249 798 289 quos,
822 233 1008 289 quidam,
1035 233 1319 274 Hamilcarem
1350 233 1503 275 ducem
1533 235 1804 280 Poenoru1n9

376 290 514 340 fuisse,
541 299 729 332 auctores
760 300 868 332 sunt.
935 290 1139 332 Ceterum
1162 291 1293 347 magis
1315 292 1359 332 in
1380 307 1422 332 se
1445 293 1652 333 convertit
1672 308 1772 334 ocu—

376 347 436 389 los
461 347 815 390 Cremonensium
837 348 1266 404 Placentinorumque
1298 348 1543 390 colonorum
1568 350 1689 391 turba
1708 351 1772 406 pi-
1788 368 1800 389 1

376 405 594 456 leatorum‚
618 421 786 447 currum
808 406 1090 462 sequentium.
1145 405 1265 447 Tulit
1284 406 1329 446 in
1351 406 1566 462 triumpho
1588 407 1772 449 ducenta

376 463 548 519 triginta
580 472 741 520 septem
772 463 903 504 millia
933 471 975 504 et
1005 464 1259 519 quingentos
1293 464 1410 513 aeris,
1444 465 1606 519 argenti
1642 465 1771 520 bigati

375 522 641 577 septuaginta
661 537 813 562 novem
836 521 988 562 millia:
1020 530 1299 577 septuagenos
1320 522 1425 562 aeris
1446 518 1648 563 militibus
1666 521 1772 563 divi-

375 579 449 620 sit:
484 579 642 635 duplex
671 579 806 634 equiti
836 578 1171 634 centurionique.
1239 578 1292 626 Q.
1310 578 1528 620 Minucius
1550 579 1696 620 consul
1716 579 1769 620 de

376 636 603 692 Liguribus
632 636 833 692 Boiisque
864 635 998 677 Gallis
1030 636 1072 676 in
1105 644 1249 677 monte
1282 635 1454 678 Albano
1483 636 1768 693 triumphavit.

375 693 416 735 Is
448 694 698 750 triumphus,
723 702 770 734 ut
799 694 904 743 loco,
937 702 980 734 et
1006 693 1116 734 fama
1147 709 1288 734 rerum
1323 702 1547 750 gestarum,
1579 703 1623 735 et
1655 693 1771 750 quod

374 760 588 808 sumptum
610 767 696 792 non
718 759 934 807 erogatum
951 766 1004 792 ex
1025 751 1183 792 aerario
1205 766 1351 792 omnes
1372 752 1571 801 sciebant,
1589 752 1770 793 inhono-

373 809 499 851 ratior
518 809 620 850 fuit:
656 809 715 850 ita
735 809 876 865 signis,
899 808 1206 864 carpentisque,
1229 817 1272 849 et
1293 808 1434 864 spoliis
1458 809 1588 850 ferme
1617 824 1770 864 aequa-

372 867 454 908 bat.
517 866 729 907 Pecuniae
762 867 888 907 etiam
916 881 1047 922 prope
1079 881 1154 921 par
1180 881 1343 907 summa
1370 866 1471 907 fuit:
1511 867 1616 908 aeris
1638 876 1770 908 trans-

372 923 455 965 lata
485 924 669 965 ducenta
699 931 741 965 et
772 924 1080 979 quinquaginta
1111 932 1311 979 quattuor
1341 923 1482 973 millia,
1516 925 1676 979 argenti
1707 924 1770 965 bi-

371 981 457 1037 gati
480 981 788 1037 quinquaginta
815 981 895 1022 tria
929 980 1060 1021 millia
1090 990 1133 1021 et
1165 980 1361 1022 ducenti:
1396 981 1598 1022 militibus
1623 991 1770 1023 centu-

372 1039 644 1094 rionibusque
681 1047 723 1079 et
759 1039 972 1094 equitibus
1008 1038 1121 1079 idem
1158 1038 1202 1079 in
1239 1038 1425 1094 singulos
1461 1038 1620 1088 datum,
1655 1038 1770 1095 quod

373 1095 548 1137 dederat
568 1095 740 1151 collega.

434 1153 678 1195 Secundum
699 1153 960 1210 triumphum
978 1153 1211 1194 consularia
1232 1153 1402 1194 comitia
1422 1153 1574 1195 habita.
1626 1153 1769 1195 Creati

373 1211 564 1252 consules
595 1211 644 1252 L.
670 1211 819 1252 Furius
852 1211 1073 1267 Purpureo
1107 1219 1149 1251 et
1186 1210 1248 1251 Μ.
1283 1210 1488 1251 Claudius
1526 1210 1766 1252 Marcellus.

372 1269 593 1310 Praetores
623 1276 789 1325 postero
818 1268 886 1309 die
914 1268 1025 1317 facti,
1052 1267 1105 1316 Q.
1130 1267 1282 1309 Fabius
1304 1268 1455 1318 Buteo,
1479 1268 1545 1309 Ti.
1574 1267 1769 1324 Sempro-

372 1327 467 1367 nius
498 1326 685 1382 Longus,
713 1326 765 1374 Q.
783 1325 1001 1366 Minucius
1030 1325 1254 1375 Thermus,
1285 1324 1357 1366 Μ’.
1384 1325 1547 1367 Acilius
1579 1325 1767 1375 Glabrio,

372 1383 422 1425 L.
441 1383 646 1439 Apustius
669 1383 802 1432 Fullo,
829 1382 879 1424 C.
900 1382 1081 1423 Laelius.

432 1440 564 1482 Exitu
586 1441 674 1482 eius
696 1441 795 1482 anni
823 1440 967 1481 literae
989 1455 1013 1480 a
1034 1440 1084 1480 T.
1108 1439 1312 1488 Quinctio
1332 1449 1553 1491 venerunt,
1576 1455 1618 1481 se
1640 1440 1769 1496 signis

373 1497 535 1540 collatis
556 1514 650 1539 cum
673 1513 771 1554 rege
793 1497 993 1553 Philippo
1004 1497 1059 1550 nin
1081 1497 1299 1538 Thessalia
1319 1512 1548 1553 pugnasse:
1583 1497 1768 1539 hostium

371 1556 605 1597 exercitum
625 1556 764 1596 fusum
785 1555 1073 1611 fugatumque.
1133 1554 1229 1596 Hae
1251 1554 1395 1595 literae
1416 1555 1531 1610 prius
1553 1555 1595 1596 in
1619 1563 1768 1596 senatu

370 1629 394 1654 a
428 1613 573 1669 Sergio
601 1622 805 1669 praetore,
835 1613 990 1653 deinde
1027 1627 1080 1652 ex
1114 1612 1361 1652 auctoritate
1395 1611 1570 1653 Patrum
1599 1612 1643 1653 in
1668 1627 1769 1653 eon-

370 1671 491 1712 cione
515 1681 613 1712 sunt
640 1670 849 1712 recitatae.
916 1669 984 1711 Ob
1006 1684 1070 1710 res
1091 1684 1288 1725 prospere
1309 1666 1445 1725 gestas
1466 1670 1511 1709 in
1532 1669 1622 1711 dies
1643 1669 1768 1725 quin-

371 1744 453 1784 que
494 1728 821 1784 supplicationes
861 1727 1067 1768 decretae.
1131 1726 1257 1768 Brevi
1298 1735 1390 1782 post
1425 1727 1553 1783 legati
1589 1736 1631 1768 et
1662 1743 1686 1768 a
1714 1727 1764 1768 T.

374 1786 578 1834 Quinctio
607 1795 651 1826 et
681 1785 731 1826 ab
766 1799 865 1841 rege
894 1784 1094 1839 Philippo
1119 1792 1338 1825 venerunt.
1401 1784 1661 1825 Macedones
1694 1784 1768 1825 de-

371 1843 488 1884 ducti
517 1851 636 1884 extra
663 1843 810 1883 urbem
842 1842 886 1882 in
914 1841 1055 1882 villam
1083 1841 1319 1896 publieam3
1353 1841 1496 1896 ibique
1519 1842 1568 1882 iis
1590 1841 1704 1883 loeus
1725 1850 1767 1883 et

369 1900 500 1941 lautia
531 1900 739 1956 praebita:
779 1908 821 1940 et
852 1899 905 1940 ad
936 1898 1084 1940 aedem
1107 1898 1308 1939 Bellonae
1340 1908 1508 1939 senatus
1541 1908 1604 1939 est
1631 1899 1763 1953 datus.

370 1957 436 1999 Ibi
457 1958 571 1999 haud
592 1957 724 1998 multa
743 1957 870 1998 verba
889 1957 1009 2005 facta,
1029 1971 1161 2011 quum
1184 1955 1456 2005 Macedones,
1480 1956 1766 2011 quodcunque

370 2024 537 2057 senatus
563 2015 804 2064 censuisset,
828 2014 872 2054 id
893 2029 1035 2069 regem
1056 2013 1266 2054 facturum
1288 2028 1389 2062 esse,
1413 2013 1614 2054 dicerent.
1677 2013 1800 2055 De-4

370 2088 462 2114 cem
484 2072 611 2128 legati
632 2087 747 2113 more
770 2071 988 2120 maiorum,
1005 2086 1184 2126 quorum
1202 2085 1255 2111 ex
1277 2070 1451 2111 consilio
1469 2070 1519 2112 T.
1540 2070 1767 2119 Quinctius

370 2131 596 2186 imperator
625 2129 739 2185 leges
771 2129 885 2185 pacis
918 2128 1118 2184 Philippo
1152 2128 1283 2177 daret,
1313 2127 1496 2177 decreti3
1535 2128 1767 2169 adiectum-

371 2203 467 2243 que,
494 2196 542 2228 ut
568 2187 612 2227 in
644 2202 694 2227 eo
726 2201 902 2227 numero
932 2186 1164 2241 legatorum
1186 2185 1233 2225 P.
1254 2184 1464 2241 Sulpicius
1486 2193 1528 2226 et
1548 2185 1596 2226 P.
1613 2184 1767 2227 Villius

370 2253 520 2294 essent,
544 2245 617 2300 qui
639 2244 829 2285 consules
861 2243 1119 2299 provinciam
1148 2241 1446 2283 Macedoniam
1474 2242 1763 2284 obtinuissent.

373 2301 550 2343 Cosanis
576 2317 626 2343 eo
659 2301 727 2342 die
759 2300 1079 2357 postulantibuS,
1112 2308 1156 2340 ut
1188 2300 1265 2340 sibi
1294 2299 1538 2340 colonorum
1566 2314 1766 2341 numerus

371 2368 606 2415 augeretur,
637 2358 749 2399 mille
777 2358 925 2399 ascribi
958 2357 1082 2397 iussi:
1119 2356 1221 2396 dum
1242 2372 1296 2397 ne
1319 2357 1413 2411 quis
1442 2357 1486 2396 in
1514 2372 1659 2397 eorum
1687 2372 1766 2397 nu—

371 2432 486 2457 mero
509 2425 627 2466 esset,
651 2416 723 2471 qui
745 2424 838 2471 post
858 2415 906 2455 P.
926 2414 1175 2455 Cornelium
1198 2422 1240 2453 ct
1262 2413 1328 2454 Ti.
1348 2413 1644 2469 Sempronium
1666 2429 1766 2455 con-

371 2473 480 2514 sules
502 2473 632 2514 hostis
652 2473 808 2513 fuisset.

431 2530 544 2571 Ludi
579 2530 761 2570 Romani
798 2545 847 2570 eo
884 2544 994 2569 anno
1024 2528 1066 2567 in
1096 2528 1207 2568 circo
1238 2542 1446 2582 scenaque
1479 2528 1530 2568 ab
1562 2527 1766 2569 aedilibus

373 2587 599 2636 curulibus,
624 2587 670 2626 P.
690 2586 890 2627 Cornelio
922 2585 1116 2640 Scipione
1145 2593 1188 2625 ct
1212 2584 1292 2625 Cn.
1314 2584 1477 2625 Manlio
1500 2584 1701 2635 Vulsone,
1723 2594 1764 2626 et

1782 1837 1799 1858 2

1782 1880 1799 1910 3

414 2737 434 2768 9
460 2728 676 2757 Hamilcarem
704 2728 814 2757 (lucem
841 2727 1041 2763 Poenorum]
1090 2724 1130 2754 iv.
1154 2733 1199 2753 22.

373 2770 412 2800 cf.
430 2768 642 2808 b'up1·.xxxii.
662 2778 712 2806 30.
1133 2775 1150 2803 3
1176 2767 1222 2795 lis
1253 2766 1338 2795 locus
1369 2770 1398 2795 et
1429 2767 1550 2803 lautia]
1599 2765 1638 2796 cf.
1670 2765 1763 2803 Supr.

419 2821 429 2841 1
458 2813 674 2848 I'ileatnruml
714 2811 780 2846 Qui
810 2811 962 2840 servitute
989 2820 1042 2840 ex-
1089 2808 1198 2838 xxviii.
1217 2817 1265 2847 39.
1291 2817 1367 2837 xxx.
1390 2816 1435 2846 17.

373 2854 472 2892 empti
491 2857 589 2883 enuit.
615 2854 653 2883 cf.
671 2864 755 2891 supr.
774 2853 859 2883 xxiv.
883 2852 927 2883 16.
1133 2862 1151 2887 4
1175 2852 1288 2880 Decem
1307 2851 1421 2888 leyuli]
1449 2850 1488 2880 cf.
1506 2850 1599 2889 Supr.
1618 2859 1695 2879 xxx.
1712 2858 1762 2887 43.

417 2906 433 2925 2
458 2898 499 2926 In
531 2897 636 2925 villam
665 2897 843 2938 publicum]
882 2896 919 2925 cf.
950 2896 1042 2932 Supr.
1091 2893 1162 2923 infr.
1181 2892 1301 2922 xxxvii.
1321 2899 1370 2931 55.
1395 2892 1458 2923 xlv.
1478 2900 1526 2930 37.
