1960 3218
562 124 689 166 LIB.
723 123 945 165 XXXIX.
993 125 1140 166 CAP.
1175 128 1242 166 52.
1517 127 1600 166 425

170 216 330 267 6venit,
361 231 487 273 quem
520 223 762 272 suspectum
795 214 1000 256 Romanis
1035 223 1078 256 et
1110 224 1305 272 receptus
1335 223 1429 272 post
1458 215 1602 272 fugam
1618 223 1664 255 U.
1681 223 1719 255 C.
1743 221 1815 264 569.

203 275 408 317 Antiochi
432 273 660 322 Hannibal,
683 281 726 314 et
755 272 914 313 bellum
945 272 1142 314 adversus
1169 272 1408 314 Eumenem
1439 283 1602 315 motum
1616 267 1655 340 iis
1680 267 1814 339 C’Hfflss'

202 332 393 374 faciebat.
456 331 533 380 Ibi,
556 346 630 372 seu
651 330 751 386 quia
775 346 799 370 a
824 330 1062 371 Flaminino
1090 331 1202 372 inter
1225 339 1366 372 cetera
1390 331 1601 373 obiectum
1616 320 1743 384 ῃῃξζῗίὸ,
1761 320 1815 339 Μ’

204 391 378 432 Prusiae
401 398 500 439 erat,
518 388 735 430 hominem
756 387 960 437 omnium,
979 388 1052 443 qui
1069 388 1269 438 viverent,
1287 388 1603 430 infestissimum

203 448 361 505 populo
385 447 579 488 Romano
609 446 723 502 apud
751 461 848 487 eum
876 460 977 494 esse,
1002 446 1075 501 qui
1103 447 1261 502 patriae
1287 462 1384 488 suae
1405 447 1602 503 primum,

205 506 373 555 deinde,
395 505 535 546 fractis
566 504 655 545 eius
686 504 847 560 opibus,
872 503 1088 544 Antiocho
1117 504 1206 560 regi
1234 514 1380 545 auctor
1407 504 1506 546 belli
1531 504 1605 546 ad—

205 579 347 605 versus
374 562 579 619 populum
607 562 850 603 Romanum
875 561 1044 602 fuisset:
1079 577 1154 602 seu
1184 562 1284 618 quia
1312 562 1400 618 ipse
1422 562 1602 612 Prusias,

205 631 253 663 ut
282 621 587 678 gratificaretur
616 620 826 676 praesenti
854 619 1091 661 Flaminino
1121 620 1424 676 RomaniSque,
1456 635 1532 676 per
1562 635 1604 661 se

206 679 387 720 necandi
409 687 482 720 aut
503 678 696 719 tradendi
719 678 808 719 eius
827 677 872 717 in
892 686 1144 733 potestatem
1165 678 1388 719 consilium
1410 678 1549 734 cepit3
1583 693 1607 718 a

206 737 341 793 primo
382 736 592 792 colloquio
629 735 855 776 Flaminini
896 735 1048 776 milites
1089 735 1302 793 extemplo
1344 736 1397 777 ad
1432 736 1607 778 domum

208 794 462 836 Hannibalis
512 793 831 835 custodiendam
886 793 1000 834 missi
1050 802 1158 835 sunt.
1254 793 1430 850 Semper
1480 793 1607 835 talem

208 853 371 894 exitum
396 853 505 894 vitae
533 867 631 893 suae
660 851 877 893 Hannibal
904 861 1178 908 prospexerat
1205 852 1358 901 animo,
1384 861 1427 893 et
1449 851 1608 893 Roma-

206 926 358 951 norum
393 909 647 966 inexpiabile
685 909 830 950 odium
863 909 906 949 in
943 925 985 950 se
1020 925 1209 960 cernens,
1244 919 1287 951 et
1322 910 1423 951 fidei
1459 925 1607 967 regum

179 980 195 1012 7
209 968 314 1009 nihil
335 983 432 1010 sane
455 968 646 1010 confisus.
710 967 882 1008 Prusiae
904 983 1003 1009 vero
1024 967 1236 1009 levitatem
1261 968 1386 1009 etiam
1409 976 1608 1024 expertus

209 1035 309 1068 erat.
373 1026 601 1068 Flaminini
623 1041 793 1082 quoque
824 1025 1051 1066 adventum
1073 1025 1188 1067 velut
1212 1026 1382 1067 fatalem
1408 1026 1485 1067 sibi
1510 1026 1609 1067 hor-

208 1093 359 1125 ruerat.
424 1084 497 1126 Ad
518 1084 660 1125 omnia
680 1083 868 1139 undique
891 1083 1054 1133 infesta,
1078 1093 1124 1124 ut
1149 1084 1229 1125 iter
1249 1099 1414 1140 semper
1434 1083 1608 1140 aliquod

208 1151 502 1199 praeparatum
527 1143 650 1198 fugae
679 1142 864 1191 haberet,
887 1150 1047 1197 septem
1073 1142 1211 1183 exitus
1233 1158 1254 1183 e
1277 1142 1404 1183 domo
1424 1142 1606 1191 fecerat3

210 1209 254 1246 cst
275 1216 327 1241 ex
353 1201 402 1241 iis
428 1201 631 1256 quosdam
660 1199 859 1248 occultos,
881 1215 934 1240 ne
965 1200 1156 1241 custodia
1185 1200 1457 1256 saepirentur.
1523 1199 1609 1241 Sed

209 1273 333 1314 grave
355 1259 578 1314 imperium
601 1273 748 1313 regum
765 1257 871 1298 nihil
891 1257 1217 1313 inexploratum,
1236 1257 1351 1314 quod
1367 1257 1610 1314 investigari

208 1315 368 1365 volunt,
391 1316 530 1357 efficit.
593 1315 743 1356 Totius
769 1315 990 1356 circuitum
1012 1315 1162 1356 domus
1187 1316 1246 1357 ita
1270 1315 1470 1357 custodiis
1495 1330 1610 1357 com-

208 1373 324 1429 plexi
345 1382 455 1423 sunt,
474 1382 521 1414 ut
541 1389 668 1414 nemo
689 1372 788 1414 inde
810 1372 918 1414 elabi
938 1382 1088 1429 posset.
1138 1373 1368 1423 Hannibal,
1386 1382 1609 1430 postquam

210 1441 273 1472 est
293 1431 547 1481 nuntiatum,
566 1431 720 1472 milites
740 1431 876 1487 regios
897 1431 942 1471 in
958 1430 1164 1472 vestibulo
1181 1447 1283 1481 esse,
1302 1431 1476 1488 postico,
1495 1431 1611 1487 quod

210 1489 381 1530 devium
402 1489 584 1531 maxime
606 1498 733 1545 atque
756 1489 1023 1530 occultissimi
1045 1489 1183 1530 exitus
1200 1499 1301 1539 erat,
1318 1490 1462 1546 fugere
1485 1504 1612 1530 cona-

212 1556 291 1597 tus,
326 1556 373 1587 ut
405 1547 448 1587 id
482 1562 652 1603 quoque
687 1562 862 1588 occursu
894 1546 1077 1587 militum
1110 1547 1359 1604 obsaeptum
1391 1547 1532 1597 sensit,
1568 1557 1611 1588 et

213 1605 354 1645 omnia
375 1605 483 1645 circa
504 1604 644 1646 clausa
663 1604 864 1645 custodiis
886 1604 1097 1660 dispositis
1123 1620 1224 1654 esse,
1247 1620 1472 1655 venenum,
1496 1605 1611 1661 quod

212 1662 346 1703 multo
377 1672 473 1703 ante
505 1670 798 1718 praeparatum
826 1661 880 1703 ad
909 1662 1011 1703 tales
1041 1662 1224 1704 habebat
1251 1678 1382 1712 casus,
1405 1663 1608 1719 poposcit.

214 1720 517 1769 ‘Liberemus,’
544 1720 696 1776 inquit,
732 1725 743 1743 ⁶
760 1720 959 1761 diuturna
989 1735 1088 1761 cura
1117 1720 1321 1777 populum
1353 1720 1609 1771 Romanum,

181 1784 226 1814 8‘
243 1778 413 1834 quando
441 1787 619 1819 mortem
651 1778 762 1819 senis
789 1787 1031 1834 exspectare
1060 1778 1234 1834 longum
1267 1787 1451 1819 censent.
1516 1778 1613 1820 Nec

214 1842 450 1892 ‘magnam,
488 1851 566 1877 nec
604 1835 918 1877 memorabilem
954 1851 1008 1876 ex
1043 1836 1196 1877 inermi
1229 1836 1483 1892 proditoque
1517 1836 1613 1878 Fla-

215 1895 427 1935 ‘mininus
448 1894 663 1935 victoriam
692 1893 807 1935 feret.
871 1893 1015 1935 Mores
1046 1894 1220 1950 quidem
1250 1893 1397 1951 populi
1428 1894 1612 1936 Romani

215 1957 227 1976 ‘
243 1961 449 2009 quantum
471 1952 736 2000 mutaverint,
755 1951 821 1992 vel
842 1951 910 1993 hic
927 1951 1017 1993 dies
1038 1961 1287 2008 argumento
1308 1952 1399 1993 erit.
1444 1952 1612 1994 Horum

216 2016 227 2034 ‘
243 2020 381 2066 patres
403 2009 567 2066 Pyrrho
595 2010 697 2065 regi,
720 2009 830 2050 hosti
859 2018 1029 2059 armato,
1053 2010 1287 2051 exereitum
1315 2010 1358 2050 in
1387 2009 1512 2051 Italia
1538 2010 1613 2052 ha-

216 2075 227 2092 ‘
242 2068 373 2117 benti,
392 2077 439 2108 ut
459 2083 483 2108 a
503 2083 668 2108 veneno
691 2076 868 2117 caveret,
886 2067 1212 2123 praedixerunt:
1244 2067 1289 2109 hi
1309 2067 1495 2124 legatum
1512 2084 1613 2109 con-

217 2125 436 2175 ‘sularem,
471 2126 544 2181 qui
581 2133 726 2166 auctor
758 2134 865 2166 esset
901 2125 1072 2167 Prusiae
1109 2141 1185 2182 per
1221 2125 1355 2167 scelus
1391 2126 1613 2167 occidendi

218 2190 228 2207 ‘
245 2183 433 2239 hospitiS,
456 2183 686 2224 miserunt?
748 2182 999 2224 Exsccratus
1020 2183 1176 2225 deinde
1202 2183 1246 2224 in
1268 2193 1394 2240 caput
1415 2199 1614 2240 regnum-

216 2256 298 2298 que
321 2241 507 2290 Prusiae,
531 2250 574 2282 et
606 2240 831 2296 hospitales
856 2241 957 2282 deos
982 2241 1160 2282 violatae
1192 2241 1243 2283 ab
1274 2257 1324 2282 eo
1355 2241 1456 2283 fidei
1487 2250 1613 2283 testes

215 2300 426 2349 invocans,
453 2298 652 2355 poculum
686 2298 891 2340 exhausit.
956 2298 1040 2340 Hic
1071 2299 1180 2340 vitae
1212 2300 1351 2341 exitus
1381 2299 1460 2341 fuit
1492 2299 1614 2341 Han-

216 2357 377 2398 nibalis.

185 2429 204 2459 9
277 2414 517 2472 Scipionem
546 2424 589 2456 et
616 2413 833 2471 Polybius,
863 2424 905 2456 et
928 2414 1114 2456 Rutilius
1147 2414 1227 2456 hoc
1258 2430 1370 2457 anno
1401 2424 1613 2457 mortuum
1691 2426 1759 2465 52,

260 2555 279 2585 6
304 2556 461 2595 Receptus
491 2560 563 2595 post
589 2557 709 2595 fuglam
739 2556 892 2586 Antiochi

218 2599 406 2635 Ilanm'hal]
442 2599 539 2629 Corn.
565 2599 679 2637 Nepos
706 2598 739 2628 in
765 2598 892 2628 Hanni-

220 2642 303 2675 bale,
334 2645 365 2671 et
403 2641 546 2671 Iustinus
580 2641 680 2671 xxxii.
712 2653 741 2679 4.
777 2642 895 2671 docent

221 2683 454 2721 Hannibalem,
470 2683 631 2713 Antiocho
649 2683 744 2721 victo,
758 2685 894 2714 veritum

220 2737 260 2757 nc
292 2726 449 2757 Romanis
479 2727 661 2764 dederetur,
698 2727 729 2756 in
761 2728 893 2758 Cretam

220 2769 346 2809 fugn'sse.
394 2769 487 2805 Inde,
504 2779 604 2808 quum
626 2779 659 2799 se
680 2769 821 2800 invidiae
840 2771 893 2800 ob—

221 2813 340 2843 iectum
366 2818 496 2851 propter
521 2811 636 2841 nimias
660 2822 737 2851 opes
762 2813 895 2850 videret,

220 2856 261 2885 ad
298 2855 444 2885 Prusiam
483 2854 697 2891 contendisse,
727 2855 832 2894 eique,
862 2855 895 2885 in

222 2898 307 2928 bello
323 2899 473 2929 adversus
487 2897 681 2934 Eumenem,
694 2897 806 2928 utilem
820 2908 894 2937 ope-

938 2565 1005 2586 ram
1024 2566 1167 2586 navassc.
1191 2555 1298 2587 CREv.

982 2606 998 2637 7
1022 2600 1165 2629 Prusiae
1192 2609 1266 2630 vero
1292 2599 1470 2637 levitatem]
1506 2598 1616 2629 Huius

939 2641 1020 2681 regis
1057 2642 1205 2672 servilem
1244 2642 1342 2681 plane
1381 2641 1524 2672 indolem
1562 2643 1615 2672 dc-

939 2684 1049 2715 scribit
1067 2684 1178 2715 Livius
1194 2685 1260 2714 xlv.
1277 2695 1326 2722 44.
1352 2685 1458 2715 (ἷκεν.

982 2728 1000 2757 8
1023 2729 1133 2766 Senis]
1161 2728 1255 2758 Tune
1272 2727 1421 2766 quintum
1438 2731 1470 2757 et
1486 2738 1616 2767 sexage-

939 2769 1056 2800 simum
1082 2780 1205 2800 annum
1231 2771 1347 2809 agebat
1372 2770 1550 2801 Hannibal.
1576 2771 1616 2800 cf.

940 2823 1026 2852 supr.
1044 2823 1120 2843 xxx.
1140 2813 1190 2844 28.
1215 2813 1321 2844 (ἷκεν.

983 2865 1002 2895 t)
1026 2857 1188 2893 Rutilius]
1223 2855 1288 2885 llic
1311 2855 1367 2885 ille
1391 2858 1437 2884 est
1460 2854 1506 2884 vir
1528 2864 1616 2885 sanc-

940 2898 1069 2929 tissimis
1092 2899 1245 2935 moribus,
1264 2908 1360 2937 quem
1385 2897 1480 2928 toties
1503 2897 1618 2929 Cicero
