1960 3218
617 154 744 196 LIB.

779 153 876 196 XL.

256 245 466 310 Censores
495 244 612 286 fideli
639 243 864 285 conc01dia
897 253 1090 285 senatum
1119 243 1324 299 legerunt.

913 154 1061 196 CAP.
1095 157 1162 196 51.
1507 155 1590 194 477

195 302 330 344 lectus
351 311 414 344 est
434 302 522 360 ipse
544 317 690 344 censor
711 301 774 342 Μ.
795 301 1005 343 Aemilius
1027 301 1217 356 Lepidus
1245 299 1434 356 pontifex
1457 299 1590 340 maxi·
1603 295 1643 326 A.

164 370 429 402 4mus:t1es
450 360 573 401 eiecti
598 359 651 401 de
679 369 839 400 senatu.

197 418 358 474 collega
377 417 633 474 plaetelitos.

198 476 309 517 inter
329 491 371 516 se
392 476 495 516 haec
517 475 798 516 confecerunt.

904 359 1101 400 Retinuit
1122 358 1327 414 quosdam
1348 356 1538 413 Lepidus
1566 372 1591 397 a

691 416 840 473 Opera
868 432 921 458 ex
951 416 1132 473 pecunia
1153 416 1353 457 111111110111
1374 415 1589 471 divisaque
1603 440 1715 480 legunt
1731 441 1786 472 Se

852 474 1042 530 Lepidus
1063 473 1216 514 molem
1233 473 1286 514 ad
1304 473 1589 522 Tarracinam,
1603 487 1727 558 gruum.

1638 536 1715 566 pera
1730 537 1789 566 pu-

167 534 410 589 5ingratum
446 548 563 589 opus,
601 532 717 589 quod
755 533 928 588 praedia
966 532 1149 573 habebat
1188 531 1260 580 ibi,
1302 531 1590 586 privatamque

166 591 388 647 6publicae
420 591 480 631 rei
511 591 742 646 impensam
779 591 1021 631 inseruerat.

1087 589 1321 630 Theatrum
1353 598 1395 629 et
1424 604 1474 644 pr
1477 603 1593 629 osce-

197 649 316 689 nium
338 648 391 689 ad
415 648 638 704 Apollinis,
662 648 810 690 aedem
832 647 943 688 Iovis
973 648 1018 688 in
1043 646 1268 703 Capitolio,
1291 646 1592 710 columnasque

169 707 309 748 7ci1ca
337 705 556 762 poliendas
587 706 680 748 albo
711 706 885 747 10011111ε

199 764 419 805 commode
442 764 631 829 opposita
652 764 914 813 videbantur,
937 764 1056 815 siffna
1076 763 1256 804 amovit.

919 714 960 746 01
989 706 1040 746 ab
1062 705 1127 746 his
1148 704 1368 753 columnis,
1391 719 1499 760 quae
1528 719 1594 743 111-

1299 761 1518 818 clipeaque
1540 761 1593 802 de

200 821 418 871 columnis,
442 832 483 863 et
514 838 633 878 Signa
660 822 854 862 militaria
886 800 1008 862 affixa
1039 821 1173 862 omnis
1201 820 1366 877 geneiis
1398 819 1591 876 dempsit.

200 879 263 920 Μ.
280 879 451 920 Fulvius
481 879 601 935 plura
631 890 673 921 et
701 879 867 920 maioris
895 879 1046 920 locavit
1074 894 1194 919 11303·
1201 854 1395 934 oportum
1424 887 1466 919 et
1490 877 1594 934 pilas

199 937 340 993 pontis
361 937 405 977 in
427 937 644 986 Tiberim3
678 938 830 993 quibus
851 936 945 992 pilis
967 937 1146 978 fcinices
1167 945 1260 992 post
1282 936 1443 992 aliquot
1463 950 1595 976 annos

200 995 248 1036 P.
276 994 416 1051 Scipio
448 995 672 1036 Africanus
708 1004 751 1036 et
782 994 831 1036 L.
856 994 1092 1036 Mummius
1124 1009 1315 1035 censores
1351 994 1596 1035 locaverunt

168 1060 187 1090 8
200 1052 501 1118 imponendos:

544 1053 756 1094 basilicam
791 1061 885 1109 post
921 1052 1174 1108 air-genuinas
1207 1051 1349 1093 Novas
1380 1061 1423 1092 et
1458 1052 1595 1092 forum

168 1110 483 1166 9piscatorium,
513 1111 780 1152 circumdatis
811 1088 1004 1160 tabernis,
1028 1126 1131 1167 quas
1161 1110 1354 1151 vendidit
1383 1110 1428 1150 in
1459 1110 1564 1165 priv
1552 1125 1596 1150 11-

201 1177 318 1218 tum3
352 1178 395 1210 et
414 1169 564 1217 forum,
587 1178 629 1209 et
656 1169 864 1225 porticum
896 1178 1015 1209 extra
1042 1177 1205 1224 porztrm
1226 1167 1530 1223 Τ11000111111111,
1553 1175 1596 1208 01

200 1226 322 1267 aliam
348 1235 441 1282 post
461 1201 636 1273 navalia,
664 1236 706 1267 et
737 1227 790 1267 ad
819 1227 963 1267 fanum
988 1226 1197 1274 Herculis,
1220 1235 1263 1266 01
1293 1235 1387 1281 post
1415 1225 1513 1281 Spei
1542 1225 1596 1266 ad

172 1284 391 1325 1Tiberim
423 1284 570 1325 aedem
608 1284 820 1340 Apollinis
854 1283 1028 1325 Medici.

200 1341 363 1382 mlSCUO
392 1352 605 1398 praeterea
634 1343 868 1398 pecuniam.

169 1416 186 1437 2
200 1414 351 1455 aquam
379 1399 686 1449 adducendam,
708 1399 972 1455 fornicesque
994 1399 1218 1440 faciendos.

1095 1283 1295 1324 Habuere
1337 1292 1379 1324 et
1415 1284 1459 1323 in
1499 1298 1596 1339 pro-

932 1341 1000 1382 Ex
1022 1357 1071 1382 ea
1096 1341 1376 1383 communiter
1405 1341 1596 1382 locarunt

1281 1398 1595 1455 Impedimento

200 1457 317 1513 operi
336 1457 417 1498 fuit
438 1456 500 1497 M.
521 1457 712 1497 Licinius
737 1456 924 1506 Crassus,
948 1457 1021 1513 qui
1049 1473 1125 1513 per
1148 1456 1327 1498 fundum
1353 1472 1475 1497 suum
1497 1456 1595 1497 duci

199 1529 287 1555 non
308 1523 370 1555 est
389 1529 543 1570 passus.

169 1587 187 1617 3
202 1580 472 1613 instituerunt
489 1588 498 1612 :

244 1726 261 1756 3
286 1718 391 1749 Fideli
414 1719 598 1755 concordia]
626 1718 676 1748 Ea
693 1717 875 1754 concordia,

200 1770 284 1799 quae
308 1762 458 1800 probaret
481 1771 535 1791 eos
558 1762 643 1791 bona
665 1760 728 1791 fide
750 1761 783 1790 in
807 1771 875 1800 gra-

201 1803 281 1833 tiam
298 1803 425 1834 redisse.
450 1804 557 1834 Cssssv.

244 1858 264 1884 4
286 1847 315 1876 A
355 1847 473 1885 colleya
507 1847 716 1886 praeteritos]
767 1846 875 1877 Unius

202 1888 341 1919 censoris
355 1888 509 1919 iudicium
522 1900 648 1929 neque
639 1890 680 1919 ad
693 1893 873 1919 senatorem

202 1935 315 1961 senatu
331 1933 541 1968 movendum,
557 1942 662 1971 neque
681 1933 722 1962 ad
738 1932 874 1962 aliorum

203 1973 351 2004 ordinum
369 1974 453 2005 01103
474 1976 633 2005 notandos
649 1975 787 2005 valuisse
804 1975 873 2006 Cic.

202 2027 260 2057 pro
277 2017 406 2048 Cluent.
425 2027 474 2057 43.
491 2018 642 2047 ostendit.
676 2019 876 2049 l'rczeteritos

201 2063 312 2090 autem
331 2059 490 2099 intelligo,
506 2070 585 2099 quos
600 2062 780 2099 praeterire
797 2061 874 2091 Ful-

203 2102 274 2132 vius
293 2103 415 2140 voluit;
443 2104 518 2142 quia
539 2103 627 2133 fideli
643 2103 813 2134 eoncordia
828 2113 875 2134 se-

202 2148 315 2175 natum
333 2145 445 2183 legisse
461 2145 619 2176 dicuntur.
645 2146 760 2177 Dum.

247 2196 264 2227 5
287 2189 460 2227 Ingratum
481 2190 576 2227 opus]
603 2199 646 2219 se.
665 2189 876 2226 Invidiosum,

202 2230 354 2269 quoniam
385 2231 505 2261 molem
534 2231 624 2261 illam
657 2231 789 2270 publica
818 2231 875 2262 im-

202 2283 303 2312 pensa
332 2275 487 2311 struebat,
515 2283 578 2313 quo
616 2274 716 2313 magis
753 2274 875 2305 fructus

202 2315 406 2355 praediorum
432 2327 560 2347 suorum
588 2316 722 2347 navibus
748 2317 875 2348 facilius

201 2358 391 2398 imponeret.
450 2359 573 2389 Verum
607 2370 662 2399 pro
692 2361 875 2391 inseruerat

203 2400 373 2432 Bekkerus
400 2403 475 2442 vulg

201 2449 272 2476 erat
287 2445 418 2484 recepit.

247 2485 266 2517 6
285 2488 457 2518 Theatrum
467 2492 497 2519 et
506 2489 710 2527 proscenium
723 2489 765 2518 ml
775 2489 873 2527 Apol-

204 2529 296 2567 linis]
318 2529 524 2561 Proseenium
539 2535 607 2561 erat
623 2531 776 2570 spatium,
789 2531 874 2570 quod

205 2571 374 2611 porrigitur
398 2579 472 2603 ante
499 2584 639 2604 scenam.
686 2574 725 2604 In
750 2584 799 2609 eo,
824 2574 873 2604 vel

204 2614 287 2644 inter
301 2614 382 2645 illud
404 2619 436 2645 et
451 2626 592 2653 scenam,
607 2615 787 2655 erigebatur
803 2617 873 2656 pul-

205 2656 321 2695 pitum,
341 2667 404 2696 quo
428 2658 598 2697 prodibant
622 2663 757 2697 actores,
773 2669 872 2699 quum

203 2699 329 2729 fabulas
344 2704 483 2739 agerent.
507 2701 613 2732 CREV.

250 2748 266 2781 7
289 2744 464 2774 Poliendas
489 2744 574 2781 albo]
613 2744 687 2775 Hac
716 2755 819 2782 voces,
848 2744 873 2775 si

204 2784 246 2815 ad
284 2785 391 2816 omnia
428 2786 655 2825 praecedentia
690 2788 874 2818 referendae

205 2831 290 2864 sunt,
306 2828 469 2859 Crevierio
487 2828 634 2859 videntur
649 2829 873 2860 difficultatem

205 2870 335 2907 habere,
361 2871 436 2910 quia
461 2875 539 2901 tune
565 2871 718 2910 temporis
747 2873 875 2903 nullum

203 2912 364 2944 theatrum
380 2915 505 2945 Romae
518 2914 633 2946 stabile
646 2918 677 2946 et
688 2924 874 2946 mansurum

476 2406 562 2432 atam
591 2402 762 2433 lectionem
786 2404 874 2434 insu-

606 1515 798 1555 Portoria.
818 1530 987 1570 quoque
1010 1524 1052 1556 et
1073 1514 1291 1570 vectigalia
1312 1515 1441 1555 iidem
1464 1514 1597 1554 multa

533 1571 747 1628 complura
772 1572 921 1613 sacella
951 1572 1131 1628 publica,
1155 1588 1262 1628 quae
1284 1572 1449 1613 fuerant
1470 1587 1595 1613 occuu

920 1716 1016 1747 fnisse
1034 1721 1169 1748 constat.
1216 1718 1333 1756 Itaquc
1348 1721 1405 1748 aut
1421 1718 1597 1755 theatrum,

920 1759 997 1790 lieet
1022 1770 1080 1799 pro
1107 1760 1275 1791 occasione
1300 1765 1427 1791 tantum
1454 1765 1595 1791 exstruc-

917 1806 1001 1840 tum,
1024 1803 1144 1833 maiore
1169 1809 1330 1843 apparatu
1353 1803 1417 1833 iam
1441 1804 1595 1842 praeben-

918 1846 994 1876 dum
1020 1846 1199 1883 Iocabatur,
1222 1851 1279 1877 aut
1304 1857 1398 1877 voces
1421 1847 1492 1877 albo
1512 1847 1594 1886 poli-

917 1890 1017 1919 endas
1041 1890 1208 1919 columnas
1236 1889 1344 1928 potius
1369 1894 1526 1929 spectare,
1553 1890 1594 1919 de

919 1931 1035 1971 quibus
1048 1931 1137 1971 signa
1153 1937 1263 1962 amota
1275 1932 1350 1969 siut,
1362 1932 1593 1972 intelligamus.

950 1975 968 2004 8
984 1976 1156 2005 Basilicam
1166 1980 1238 2014 post
1248 1977 1454 2014 aryentarias
1462 1976 1591 2013 Novas]

920 2017 1130 2056 Argentariae
1156 2028 1259 2048 novae
1289 2023 1321 2048 et
1351 2019 1456 2048 forum
1486 2018 1594 2048 Pisca-

918 2060 1048 2097 torium,
1075 2064 1229 2100 tanquam
1261 2061 1333 2091 loca.
1371 2060 1476 2091 vicina
1505 2070 1592 2100 supr.

919 2103 1007 2134 xxvi.
1039 2111 1088 2142 27.
1119 2107 1347 2134 memorantur.
1409 2104 1484 2134 Hoc
1521 2104 1593 2134 loco

920 2145 1134 2176 circumdatas
1148 2147 1298 2177 tabernas
1312 2146 1524 2185 intelligimus
1544 2146 1593 2176 illi

920 2188 1083 2226 basilicae,
1112 2199 1196 2228 quae
1226 2190 1351 2220 locatur
1380 2189 1592 2220 aedificanda.

921 2232 1026 2262 Cam.

961 2284 980 2314 9
1003 2276 1046 2304 In
1068 2275 1253 2314 privatam]
1292 2275 1332 2305 In
1364 2285 1457 2305 usum
1488 2274 1592 2314 priva-

918 2320 1035 2347 torum.

965 2369 976 2389 1
1003 2361 1158 2391 Habuere
1184 2365 1214 2391 et
1238 2361 1273 2390 in
1294 2362 1475 2399 promiscuo
1494 2371 1591 2400 prae-

919 2407 1005 2433 terea
1023 2404 1214 2442 pecuniam]
1242 2403 1375 2433 Praeter
1398 2414 1469 2433 eam
1494 2413 1590 2443 pecu-

919 2445 1017 2482 niam,
1042 2455 1138 2484 quam
1163 2445 1335 2476 diviserant
1358 2445 1442 2476 inter
1465 2456 1510 2482 30,
1534 2446 1589 2476 ha-

917 2488 1057 2518 buerunt
1086 2498 1214 2527 quoque
1244 2489 1386 2528 aliquam
1416 2489 1591 2519 attributae

918 2530 976 2560 sibi
1003 2531 1160 2569 pecuniae
1186 2535 1310 2570 partem
1338 2531 1369 2561 in
1399 2532 1592 2571 promiscuo,

918 2583 982 2612 qua
1019 2573 1233 2604 communiter
1269 2578 1444 2605 uterentur.
1489 2576 1591 2605 Prae-

919 2621 1005 2647 terea
1021 2620 1068 2646 est
1084 2617 1124 2646 ab
1141 2616 1281 2656 Sigonio.
1316 2617 1462 2657 Scriptus
1478 2617 1591 2648 habuit

914 2663 1089 2699 praetores.
1113 2660 1220 2690 Cnev.

962 2713 978 2733 ‘z
1004 2704 1218 2743 Fornicesque
1237 2703 1423 2741 faciendos]
1462 2702 1589 2741 Aquae-

918 2746 1034 2775 duetus
1046 2749 1177 2776 arcuato
1187 2756 1284 2785 opere
1295 2745 1465 2776 faciendos,
1483 2746 1590 2777 Cum.

963 2797 980 2827 3
1005 2790 1178 2827 Complura
1201 2789 1319 2819 sacella
1341 2788 1483 2826 publiea,
1508 2799 1589 2828 quae

910 2832 1052 2869 suerunt
1085 2835 1240 2870 occupata
1274 2841 1293 2859 (ι
1326 2831 1481 2869 prii-alis]
1524 2831 1590 2861 llic

919 2883 1048 2912 quoque
1060 2874 1253 2912 depravatus
1269 2877 1336 2902 erat
1352 2873 1453 2903 codex
1466 2872 1590 2904 unicus.

920 2915 1119 2955 Recepimus
1164 2915 1380 2946 coniecturam
1422 2915 1591 2953 Gronovii,

1387 241 1591 297 Princeps
1607 252 1650 284 U.
1668 253 1709 327 g.
1731 262 1804 294 573-

1700 320 1707 327 .
1734 304 1804 339 ¹79·

1603 398 1762 429 Censores

1604 570 1700 601 blica.
