1960 3218
355 127 439 167 456
868 124 1016 166 ΤΙΤΙ
1056 124 1235 167 LIVII

155 211 253 258 U.C
276 234 348 266 571·
363 215 533 256 ‘sectati
556 214 827 256 ceciderunt?
883 215 1012 264 Quod
1030 215 1222 273 Hispani,
1240 216 1354 273 quod
1373 216 1546 274 Galli,q
1548 217 1632 259 uod
1649 218 1744 260 Ma-

188 269 257 301 -·C
282 270 349 300 ¹·81
365 272 574 314 ‘cedones
604 273 789 314 Poenive
819 288 906 314 non
936 273 1131 324 audeant,
1160 274 1406 331 Ligustinus
1436 275 1565 317 hostis
1591 276 1744 317 vallum

367 336 379 354 ‘
397 330 638 371 Romanum
665 331 789 381 subit,
811 331 974 372 obsidet
994 331 1115 381 ultro,
1138 341 1181 373 et
1201 333 1438 389 oppugnat!
1472 349 1618 399 quem,
1634 349 1746 375 scru—

367 394 379 413 ‘
396 396 529 429 tantes
564 396 687 429 antea
718 388 861 430 devios
889 388 1028 439 saltus,
1062 389 1250 431 abditum
1280 399 1323 431 et
1352 390 1552 432 latentem
1581 392 1652 432 vix
1682 391 1747 431 in-

367 446 688 487 ‘veniebamus’
747 446 820 487 Ad
852 447 955 488 haec
986 448 1249 488 consentiens
1280 448 1533 490 reddebatur
1567 449 1746 489 militum

365 503 531 553 clam01,
565 504 747 545 ‘nullam
787 504 967 546 militum
1007 505 1172 563 culpam
1209 520 1309 555 esse,
1344 506 1494 571 quibus
1529 522 1654 547 nemo
1694 505 1748 547 ad

366 562 701 618 ‘erumpendum
741 562 907 618 signum
947 562 1139 604 dedisset.
1212 562 1346 604 Daret
1383 564 1571 620 signum:
1624 563 1749 605 intel-

366 625 378 643 (
394 619 612 669 lecturum,
642 619 822 669 eosdem,
846 620 919 675 qui
949 629 1073 661 antea
1101 620 1268 669 fuerint,
1291 629 1333 661 et
1361 599 1574 663 Romanos
1604 630 1647 663 et
1675 621 1749 662 Li-

220 688 286 726 28,
367 683 517 742 ‘'gures
538 678 650 718 esse.’
710 677 819 718 Bina
839 677 897 718 cis
927 686 1091 718 montes
1111 686 1243 718 castra
1264 677 1468 733 Ligurum
1489 689 1617 720 erant.
1681 679 1749 720 Ex

365 735 426 785 iis,
449 735 593 791 primis
613 735 773 784 diebus,
795 734 880 776 sole
902 744 1004 784 orto,
1026 735 1181 800 pariter
1201 750 1346 776 omnes
1366 737 1583 791 compositi
1613 745 1656 778 et
1684 737 1750 778 in-

365 793 511 834 structi
531 792 839 848 procedebant:
876 801 978 841 tum,
996 792 1077 833 nisi
1098 792 1287 834 exsatiati
1308 793 1402 834 cibo
1422 794 1619 850 vinoque,
1637 809 1751 835 arma

365 866 452 891 11011
487 850 719 906 capiebant.
782 850 985 906 Dispersi,
1019 850 1245 891 inordinati
1277 850 1474 900 exibant3
1517 860 1564 892 ut
1598 851 1751 907 quibus

366 923 441 964 pro
468 923 540 964 spe
568 916 727 949 certum
759 918 879 957 esset,
907 907 1047 948 hostes
1078 917 1196 949 extra
1220 907 1373 949 vallum
1403 909 1522 965 signa
1551 924 1637 950 non
1667 908 1783 950 ela-6

367 975 493 1007 turos.
555 965 771 1006 Adversus
800 965 860 1006 ita
888 965 1185 1021 incompositos
1215 981 1286 1007 eos
1315 967 1542 1017 venientes,
1571 966 1750 1008 clamore

367 1023 523 1079 pariter
553 1023 754 1073 omnium,
781 1023 855 1079 qui
884 1023 929 1064 in
960 1023 1102 1064 castris
1132 1032 1263 1073 erant,
1289 1024 1483 1065 calonum
1510 1039 1678 1080 quoque
1709 1031 1753 1065 et

367 1081 559 1131 lixarum,
582 1080 756 1130 sublato,
778 1081 902 1122 simul
923 1081 1116 1122 omnibus
1145 1082 1275 1137 portis
1296 1081 1480 1123 Romani
1510 1090 1749 1138 eruperunt.

159 1148 343 1180 Vincuntur
369 1138 595 1195 Liguribus
621 1138 762 1180 adeo
751 1138 975 1195 1mprovisa
994 1154 1058 1180 res
1078 1138 1170 1189 fuit,
1192 1148 1239 1180 ut
1258 1139 1446 1195 perinde,
1469 1155 1515 1181 30
1537 1140 1570 1180 51
1591 1139 1753 1180 insidiis

159 1192 301 1232 Ligures.
367 1196 641 1238 circumventi
660 1196 810 1246 forent,
833 1196 1101 1252 trepidarent.
1160 1196 1374 1252 Exiguum
1397 1197 1594 1253 temporis
1615 1197 1754 1253 aliqua

366 1255 499 1295 forma
518 1269 684 1311 pugnae
705 1254 795 1296 fuit.
849 1254 966 1310 Fuga
986 1254 1140 1296 deinde
1162 1255 1304 1319 effusa,
1327 1263 1369 1296 et
1388 1255 1640 1311 fugientium
1660 1269 1754 1311 pas-

367 1312 444 1353 sim
475 1312 623 1353 caedes
653 1320 751 1353 erat.
815 1311 1040 1368 Equitibus
1067 1312 1164 1353 dato
1195 1313 1327 1368 signo,
1349 1322 1397 1353 ut
1424 1312 1755 1353 conscenderent

367 1385 510 1425 equos,
543 1384 621 1411 nec
651 1370 835 1426 effugere
864 1384 1118 1425 quemquam
1147 1370 1345 1419 sinerent,
1372 1370 1416 1410 in
1447 1378 1580 1411 castra
1609 1384 1754 1411 omnes

368 1427 531 1483 trepida
549 1428 648 1483 fuga
664 1426 866 1483 compulsi
888 1435 1007 1468 sunt:
1038 1427 1192 1468 deinde
1213 1427 1312 1483 ipsis
1332 1427 1448 1468 exuti
1469 1427 1623 1468 castris.
1675 1426 1755 1468 Su-

368 1500 443 1541 pra
472 1485 715 1541 quindecim
751 1484 881 1525 millia
913 1484 1118 1540 Ligurum
1149 1499 1198 1525 eo
1232 1484 1300 1525 die
1336 1486 1482 1534 occisa,
1514 1494 1636 1540 capta
1669 1484 1755 1525 duo

368 1542 498 1583 millia
533 1551 575 1583 et
607 1542 839 1598 quingenti.
902 1541 1066 1582 Triduo
1097 1551 1191 1597 post
1227 1541 1432 1597 Ligurum
1468 1541 1756 1597 Ingaunorum

370 1615 493 1642 omne
524 1615 692 1649 nomen,
723 1599 935 1641 obsidibus
960 1599 1079 1649 datis,
1107 1600 1152 1640 in
1173 1599 1377 1640 ditionem
1398 1600 1525 1641 venit.
1590 1599 1788 1640 Guber-7

369 1666 534 1699 natores
554 1666 792 1713 nautaeque
814 1657 1050 1713 conquisiti,
1069 1657 1142 1713 qui
1162 1657 1427 1713 praedatores
1447 1657 1621 1698 fuissent
1641 1657 1757 1698 navi-
1769 1663 1789 1693 8

370 1716 460 1765 bus,
483 1724 608 1772 atque
630 1730 775 1756 omnes
795 1715 840 1756 in
861 1714 1094 1756 custodiam
1119 1715 1309 1756 coniecti.
1373 1714 1430 1756 Et
1450 1730 1474 1756 a
1497 1714 1547 1756 C.
1565 1714 1757 1755 Matieno

371 1773 593 1814 duumviro
614 1788 740 1814 naves
761 1773 850 1814 eius
873 1772 1037 1828 generis
1058 1772 1102 1812 in
1124 1772 1345 1827 Ligustina
1365 1788 1436 1813 ora
1457 1772 1628 1828 triginta
1649 1772 1756 1812 duae

372 1839 515 1887 captae
547 1840 654 1872 sunt.
718 1830 838 1871 Haec
866 1846 940 1886 qiu
969 1830 1225 1879 nuntiarent,
1248 1829 1470 1885 literasque
1493 1829 1545 1870 ad
1566 1838 1757 1870 senatum

371 1889 539 1938 ferrent,
578 1888 627 1930 L.
653 1888 851 1929 Aurelius
888 1887 1026 1936 Cotta,
1067 1886 1117 1928 C
1145 1887 1353 1943 Sulpicius
1391 1886 1538 1928 Gallus
1576 1887 1757 1927 Romam

372 1946 510 1995 missi3
543 1946 749 2002 simulque
771 1953 975 2003 peterent,
998 1953 1046 1986 ut
1062 1944 1111 1986 L.
1128 1944 1313 1986 Aemilio
1335 1945 1524 1986 confecta
1544 1944 1760 2000 provincia

374 2004 591 2053 decedere,
614 2012 657 2046 et
681 2003 888 2045 deducere
919 2017 1061 2044 secum
1092 2002 1244 2044 milites
1274 2002 1430 2052 liceret,
1460 2011 1585 2058 atque
1617 2002 1759 2043 dimit-

375 2072 474 2103 tere.
538 2062 778 2117 Utrumque
810 2061 1058 2117 permissum
1089 2062 1142 2102 ab
1170 2068 1330 2110 senatu,
1357 2068 1399 2101 et
1427 2059 1674 2116 suppliCatio
1706 2059 1760 2101 ad

375 2120 516 2160 omnia
535 2119 767 2175 pulvinaria
797 2134 872 2175 per
899 2118 1084 2159 tliduum
1106 2117 1296 2159 decreta:
1330 2118 1512 2174 iussique
1534 2127 1758 2177 praetores,

375 2177 565 2218 Petillius
600 2178 778 2218 urbanas
809 2176 1019 2217 dimittere
1056 2175 1254 2231 legiones,
1291 2175 1443 2216 Fabius
1479 2190 1599 2216 500115
1634 2184 1759 2231 atque

374 2235 536 2276 nomini
558 2235 711 2276 Latino
742 2234 952 2275 remittere
978 2233 1211 2274 delectum:
1247 2242 1290 2274 et
1310 2233 1372 2274 uti
1393 2242 1558 2289 praetor
1577 2233 1762 2274 urbanus

375 2292 614 2333 consulibus
650 2293 859 2341 scriberet,
892 2300 1081 2332 senatum
1116 2306 1298 2347 aequum
1329 2306 1511 2340 censere,
1543 2290 1761 2331 subitarios

375 2350 541 2399 milites,
564 2350 768 2391 tumultus
789 2365 912 2390 causa
932 2349 1199 2405 conscriptos,
1221 2349 1356 2405 primo
1377 2363 1545 2404 quoque
1575 2356 1760 2403 tempore

375 2407 542 2448 dimitti.

231 2477 297 2514 29,
438 2464 617 2505 Colonia
640 2464 863 2506 Graviscae
896 2480 946 2506 eo
976 2479 1087 2505 anno
1108 2463 1289 2504 deducta
1313 2470 1374 2503 est
1398 2463 1442 2502 in
1467 2477 1611 2517 agrum
1636 2461 1762 2503 Etru-

168 2532 342 2604 Grlaviscae
377 2537 506 2571 scum,
524 2522 576 2562 de
600 2522 975 2578 Tarquiniensibus
992 2521 1204 2577 quondam
1222 2528 1401 2575 captum.
1455 2519 1598 2567 Quina
1619 2519 1763 2575 iugera

170 2586 206 2604 CO
222 2585 304 2606 Ollla.

420 2677 440 2708 6
463 2679 530 2708 I'ro
549 2688 604 2717 spe
624 2682 745 2707 certum
763 2677 857 2713 esset]
886 2676 1046 2705 Emenda-
1091 2684 1190 2712 genus
1209 2675 1359 2713 loquendi
1378 2674 1470 2705 Livio
1486 2675 1638 2705 usitatum
1656 2678 1715 2713 est,
1730 2678 1763 2705 et

378 2721 498 2751 tionem
524 2719 643 2750 Mureti
669 2730 769 2758 prope
791 2723 909 2749 certum
936 2719 1049 2756 probat
1091 2718 1238 2747 ditionem
1257 2718 1382 2748 codices
1398 2718 1561 2748 exhibent.

379 2763 530 2798 Crevier„
546 2763 599 2792 sod
618 2763 779 2801 vulgatam
802 2760 972 2790 lectionem
995 2770 1044 2790 00-
1133 2760 1151 2789 8
1176 2761 1405 2799 l’7·(1e‘‹lalm·e.s·]
1461 2762 1503 2790 In
1546 2761 1762 2799 praedatoriis

379 2807 465 2836 dices
480 2809 619 2836 tuentur.
1091 2803 1329 2832 emendandum
1368 2802 1497 2833 coniicit
1535 2803 1689 2836 Crevit-r..
1726 2806 1762 2831 ut

425 2857 439 2888 7
466 2851 503 2878 ln
521 2847 686 2886 dillonem]
717 2848 915 2877 Deditionem
937 2856 975 2874 cx
997 2846 1046 2874 cd.
1092 2846 1176 2883 quod
1201 2846 1302 2875 verbis
1325 2845 1488 2884 sequentis
1510 2845 1643 2884 periodi,
1663 2855 1762 2875 naves
1801 2848 1808 2850 ’

380 2891 640 2930 Ascuris.1·cccpit
656 2890 795 2921 Crevier.
809 2890 863 2919 scd
878 2892 1048 2926 utriunque
1092 2889 1161 2918 eius
1173 2889 1313 2926 ueneris,
1331 2888 1533 2927 respondeat.
