1960 3218
169 239 213 272 U.
229 240 268 272 C.
291 247 364 280 557·

167 284 208 316 A.
231 283 270 316 C.
296 290 365 324 195.

177 1340 315 1371 Succen-

177 1383 298 1413 duntur
312 1382 353 1413 ab

177 1425 313 1456 obsessis

177 1468 293 1499 domus
307 1478 375 1498 mu-

177 1521 212 1541 ro
230 1510 364 1542 vicinae.

182 1744 361 1785 Recipiunt

180 1798 214 1819 se
225 1788 378 1823 Romani.

247 2031 315 2068 40.

190 2439 259 2468 Pax
278 2447 351 2468 cum

189 2481 221 2515 N
225 2481 327 2513 abido.

379 141 459 181 162
895 140 1046 183 ΤΙΤΙ
1086 141 1267 184 LIVII

378 239 508 274 erant.
572 231 684 273 Nam
714 241 886 289 propter
914 234 1126 290 angustias
1154 234 1236 276 loci
1265 235 1581 292 confertamque
1613 235 1779 277 turbam

379 305 467 332 non
487 289 614 332 modo
635 290 689 332 ad
710 292 945 333 emittenda
965 307 1062 334 cum
1082 307 1298 349 procursu,
1322 309 1406 349 quo
1427 293 1656 350 plurimum
1678 308 1780 334 con-
1793 312 1812 340 4

379 348 563 390 citantur
590 348 685 399 tela,
708 349 890 406 spatium
917 350 1151 392 habebant:
1185 351 1259 392 sed
1286 366 1340 392 ne
1369 362 1416 392 ut
1444 351 1497 392 de
1525 351 1659 407 gradu
1686 350 1781 405 qui-

379 405 479 447 dem
498 406 631 448 libero
653 422 700 448 ac
728 407 866 449 stabili
888 417 1151 450 conarentur.
1215 408 1364 465 Itaque
1387 425 1440 451 ex
1461 409 1636 450 adverso
1658 409 1782 449 missa

381 464 476 514 tela,
499 464 616 505 nulla
636 465 681 505 in
705 466 961 522 corporibus,
983 481 1075 507 rara
1100 466 1145 507 in
1173 467 1300 508 scutis
1327 467 1567 508 haerebant.
1631 467 1674 507 A
1702 465 1782 507 cir-

383 523 687 565 cumstantibus
709 538 762 564 ex
791 524 1074 580 superioribus
1095 524 1198 565 loeis
1226 524 1399 581 quidam
1427 524 1636 566 vulnerati
1657 531 1779 565 sunt:

383 595 483 621 mox
503 595 742 637 progressos
764 581 846 622 iam
869 582 996 623 etiam
1018 597 1071 623 ex
1094 583 1214 624 tectis
1242 598 1328 624 non
1350 582 1434 624 tela
1460 581 1597 632 modo,
1620 581 1695 623 sed
1721 589 1783 622 te-

382 637 505 694 gulae
539 653 722 694 quoque,
755 639 1023 695 inopinantes
1059 640 1346 696 perculerunt.
1412 640 1596 682 Sublatis
1626 638 1782 680 deinde

383 711 508 752 supra
528 696 665 752 capita
685 697 825 747 scutis,
848 698 1186 754 continuatisque
1204 698 1262 739 ita
1282 698 1392 740 inter
1409 713 1465 748 se,
1485 706 1531 739 ut
1549 713 1635 739 non
1656 695 1784 738 modo

383 754 437 795 ad
453 769 598 795 caecos
615 754 734 805 ictus,
758 755 832 796 scd
848 771 900 797 ne
919 756 972 797 ad
994 756 1266 797 inserendum
1283 756 1456 812 quidem
1474 771 1526 797 ex
1543 755 1783 812 propinquo

384 811 517 853 telum
547 811 628 853 loci
660 813 887 869 quiequam
920 822 1040 864 esset,
1074 814 1285 855 testudine
1316 814 1425 855 facta
1456 814 1663 855 subibant.
1728 811 1785 853 Et

385 870 543 926 primae
561 871 778 926 angustiae
801 871 1041 928 paullisper,
1065 887 1139 913 sua
1160 871 1430 928 hostiumque
1452 872 1627 913 refertae
1650 869 1783 919 turba,
1799 886 1815 919 5

385 936 638 969 tenuerunt:
671 937 896 985 postquam
920 930 961 970 in
990 931 1269 986 patentiorem
1293 930 1404 971 viam
1426 929 1539 971 urbis
1566 928 1784 985 paullatim

386 994 584 1042 urgentes
605 985 768 1028 hostem
790 1002 1042 1043 processere,
1065 1003 1151 1029 non
1174 987 1283 1029 ultra
1310 987 1371 1028 vis
1392 1002 1538 1028 eorum
1559 995 1684 1043 atque
1707 986 1785 1026 im-

384 1052 508 1100 petus
529 1043 724 1085 sustineri
744 1054 950 1101 poterant.
1017 1045 1163 1094 Quum
1192 1054 1309 1102 terga
1328 1045 1552 1087 vertissent
1572 1043 1786 1085 Lacedae-

387 1101 532 1151 monii,
558 1109 601 1143 et
629 1102 760 1144 effusa
785 1103 885 1159 fuga
916 1104 1130 1160 superiora
1157 1111 1352 1160 peterent
1377 1102 1496 1152 loca3
1531 1101 1665 1144 Nabis
1693 1101 1786 1158 qui-

386 1159 498 1209 dem,
529 1167 576 1201 ut
606 1168 728 1216 capta
758 1162 860 1202 urbe
890 1161 1116 1218 trepidans,
1144 1176 1326 1218 quanam
1352 1161 1440 1218 ipse
1469 1160 1677 1209 evaderet,
1707 1159 1787 1200 cir-

386 1219 711 1274 cumspectabat.
774 1218 1035 1276 Pythagoras
1061 1234 1193 1276 quum
1216 1219 1268 1260 ad
1297 1228 1435 1260 cetera
1462 1218 1602 1259 animo
1631 1216 1787 1259 officio-

388 1290 470 1331 que
502 1275 620 1317 dueis
647 1276 914 1332 fungebatur,
944 1287 1034 1318 tum
1066 1292 1163 1318 vero
1194 1292 1317 1326 unus,
1346 1292 1399 1317 ne
1426 1285 1645 1332 caperetur
1674 1274 1785 1323 urbs,

388 1348 513 1374 eausa
542 1333 632 1375 fuit.
699 1334 910 1376 Succendi
938 1335 1051 1376 enim
1080 1334 1272 1376 aedificia
1296 1334 1488 1390 proxima
1513 1348 1633 1374 muro
1655 1331 1784 1373 iussit.

393 1390 515 1439 Quae
545 1406 678 1448 quum
708 1401 924 1434 momento
954 1393 1153 1449 temporis
1182 1392 1389 1441 arsissent,
1416 1400 1464 1432 ut
1494 1390 1788 1432 adiuvantibus

389 1448 545 1505 ignem,
562 1449 635 1506 qui
657 1449 757 1491 alias
779 1450 832 1491 ad
849 1450 1207 1507 exstinguendum
1228 1465 1351 1506 opem
1373 1449 1480 1490 ferre
1502 1448 1649 1498 solent,
1666 1462 1787 1488 ruere

389 1506 434 1547 in
472 1506 686 1550 Romanos
719 1516 855 1549 tecta:
898 1523 977 1549 nec
1008 1507 1243 1564 tegularum
1280 1507 1407 1548 modo
1437 1507 1683 1562 fragmenta,
1714 1503 1790 1546 sed

390 1564 519 1605 etiam
541 1565 732 1606 ambusta
753 1566 881 1622 tigna,
905 1565 958 1606 ad
979 1573 1158 1606 armatos
1186 1565 1418 1621 pervenire,
1441 1573 1484 1606 et
1510 1564 1678 1605 flamma
1701 1562 1784 1604 late

389 1621 522 1672 fundi,
555 1622 694 1664 fumus
731 1632 932 1665 terrorem
965 1624 1093 1665 etiam
1129 1623 1343 1672 maiorem,
1377 1637 1505 1678 quam
1540 1620 1788 1678 periculum,

389 1679 535 1721 facere.
598 1680 749 1737 Itaque
790 1690 833 1722 et
866 1681 940 1737 qui
980 1691 1100 1722 extra
1140 1681 1286 1722 urbem
1327 1688 1446 1721 erant
1483 1679 1787 1728 Romanorum,

390 1746 482 1780 tum
513 1738 695 1781 maxime
723 1739 906 1795 impetus
936 1739 1150 1788 facientes,
1173 1753 1376 1780 recessere
1409 1753 1432 1778 a
1457 1752 1603 1778 muro:
1638 1744 1692 1786 et,
1715 1735 1787 1792 qui

391 1795 477 1837 iam
508 1795 776 1846 intraverant,
804 1812 857 1838 ne
886 1796 1085 1838 incendio
1113 1797 1164 1837 ab
1195 1805 1312 1852 tergo
1344 1796 1504 1836 oriente
1537 1793 1791 1835 interelude-

392 1861 538 1895 rentur
567 1854 618 1895 ab
650 1854 746 1904 suis,
779 1863 1030 1910 receperunt
1061 1869 1173 1895 sese:
1208 1862 1250 1894 et
1285 1852 1524 1903 Quinctius,
1553 1860 1788 1908 postquam,

394 1910 499 1967 quid
519 1911 579 1952 rei
601 1920 721 1962 esset,
738 1912 856 1962 vidit,
871 1912 1060 1968 receptui
1077 1926 1226 1953 canere
1249 1911 1379 1952 iussit.
1440 1910 1506 1952 Ita
1521 1910 1605 1951 iam
1626 1924 1650 1950 a
1671 1916 1792 1965 capta

394 1984 524 2025 prope
547 1969 649 2010 urbe
671 1970 853 2011 revocati
873 1969 1091 2011 redierunt
1111 1970 1156 2010 in
1177 1977 1319 2010 castra.

458 2026 685 2075 Quinctius
706 2027 800 2084 plus
825 2043 878 2069 ex
900 2028 1048 2069 timore
1069 2027 1266 2077 hostium,
1290 2041 1417 2082 quam
1438 2041 1492 2067 ex
1512 2040 1556 2066 re
1577 2026 1679 2081 ipsa,
1702 2023 1792 2080 spei

395 2092 555 2135 nactus,
579 2100 653 2141 per
674 2085 862 2126 triduum
883 2086 1111 2141 insequens
1136 2085 1340 2126 territavit.
1361 2099 1432 2126 eos
1445 2100 1455 2134 ;
1488 2098 1602 2124 nunc
1623 2081 1792 2139 proeliis

395 2142 651 2193 lacessendo,
686 2158 800 2184 nune
841 2143 1038 2200 operibus
1079 2142 1418 2199 intersaepiendo
1459 2140 1695 2198 quaedam3
1736 2153 1790 2180 ne

396 2200 534 2243 exitus
570 2200 623 2242 ad
654 2201 796 2257 fugam
828 2208 947 2242 esset.
1013 2200 1092 2241 His
1128 2199 1524 2242 comminationibus
1554 2196 1792 2253 compulsus

397 2266 599 2317 tyrannus
626 2258 910 2315 Pythagoram
939 2274 1079 2299 rursus
1107 2266 1312 2299 oratorem
1341 2257 1466 2306 misit,
1495 2270 1621 2312 quem
1654 2254 1792 2302 Quin-

397 2315 504 2357 ctius
544 2316 680 2372 primo
722 2325 989 2373 aspernatum
1031 2315 1234 2357 cxcedcre
1271 2315 1414 2356 castris
1448 2314 1591 2354 iussit:
1635 2311 1825 2353 deinde6

398 2373 642 2430 suppliciter
658 2383 859 2424 orantem,
878 2374 1209 2430 advolutumque
1225 2373 1415 2429 genibus,
1431 2371 1600 2413 tandem
1618 2369 1789 2411 audivit.

399 2430 543 2472 Prima
564 2431 695 2473 oratio
715 2432 796 2473 fuit
816 2432 957 2473 omnia
977 2431 1261 2488 permittentis
1282 2429 1452 2471 arbitrio
1475 2429 1788 2469 Romanorum:

398 2488 511 2537 dein,
535 2504 666 2544 quum
695 2504 745 2530 ea
764 2489 880 2531 velut
903 2504 1011 2530 vana
1031 2498 1073 2530 et
1100 2488 1188 2529 sinc
1211 2488 1365 2529 effectu
1395 2486 1501 2527 nihil
1525 2485 1795 2542 proficerent,

398 2560 449 2590 eo
485 2545 669 2588 deducta
698 2562 762 2588 res
794 2556 868 2597 est,
898 2555 946 2588 ut
976 2546 1040 2588 his
1068 2545 1393 2594 conditionibus,
1421 2558 1529 2600 quae
1557 2557 1611 2585 ex
1638 2542 1793 2598 scripto

442 2713 461 2739 4
484 2703 558 2732 Non
575 2703 662 2732 modo
679 2726 685 2734 .
700 2726 706 2732 .
722 2725 728 2732 .
745 2703 884 2741 spatium
898 2701 1072 2738 habebant]
1163 2700 1182 2731 6
1205 2700 1443 2739 Aspernalum]
1467 2700 1673 2738 Aspernacus
1691 2696 1723 2727 in
1743 2697 1793 2728 cd.

400 2745 477 2775 Non
491 2745 587 2774 modo
600 2755 679 2775 nou:
709 2748 744 2775 ut
756 2744 928 2783 saepeimu
942 2747 1073 2774 annotu-
1122 2743 1254 2774 Ascens.
1277 2742 1353 2772 anni
1380 2750 1468 2780 1513.
1492 2742 1549 2772 sed
1571 2744 1793 2781 aspernatum,

400 2787 512 2818 vimus.
540 2787 646 2818 Cum.
1119 2785 1239 2825 puriter
1259 2788 1356 2824 atque
1377 2786 1570 2824 amplarum,
1586 2793 1671 2822 supr.
1693 2781 1724 2812 ii.
1742 2791 1792 2819 40.

442 2837 458 2867 5
485 2831 616 2860 Primae
649 2831 836 2868 (azyma-tiae]
867 2840 908 2859 sc.
949 2829 1071 2867 Angus-
1118 2830 1325 2867 complffl‘um,
1347 2827 1389 2857 iii.
1413 2837 1462 2865 52·
1487 2831 1666 2866 anjwrtwn,
1689 2834 1716 2854 v.
1742 2832 1793 2871 54.

398 2872 473 2909 tiae,
489 2883 571 2911 quae
587 2876 677 2903 eraut
700 2873 729 2902 in
748 2873 851 2911 primo
870 2872 956 2902 urbis
971 2872 1071 2902 aditu.
1117 2872 1358 2910 depopulatwn,
1376 2870 1446 2900 infr.
1469 2869 1580 2899 xxxix.
1603 2876 1651 2907 53.
1670 2875 1793 2906 passwe

400 2915 508 2945 Dona.
1118 2913 1261 2944 adhiberi
1277 2923 1362 2952 supr.
1374 2912 1438 2943 viii.
1451 2912 1500 2941 28.
1512 2910 1659 2942 vidimus.
1679 2909 1792 2939 Dimu.
