1960 3218
374 167 459 206 422
889 163 1037 205 TI'rl
1075 163 1255 206 L1V11

174 266 218 298 U.
235 268 273 299 C.
295 266 367 308 569·
380 254 512 297 multa
531 254 678 305 solum,
695 255 768 296 sed
786 255 912 296 etiam
934 255 1133 312 pleraque
1155 255 1312 312 oppido
1334 271 1460 312 quam
1482 271 1607 312 parva
1627 267 1768 299 erant:
1785 272 1802 304 5

172 310 213 341 Α·
237 312 276 342 C.
301 311 369 350 183.
382 312 436 354 de
464 313 745 354 controversia
771 313 935 363 finium,
957 313 1009 354 de
1040 314 1280 355 hominibus
1310 315 1438 371 raptis
1468 315 1771 371 pecoribusque

383 371 552 421 abactis,
575 370 627 412 de
659 371 748 412 iure
780 380 852 412 aut
877 371 991 413 dicto
1014 387 1090 428 per
1116 371 1334 413 libidinem
1364 382 1436 413 aut
1463 388 1548 413 non
1570 372 1695 422 dicto,
1718 373 1805 414 de6

384 429 508 470 rebus
546 444 622 486 per
652 428 737 469 vim
773 437 846 470 aut
882 445 957 485 per
990 430 1163 486 gratiam
1201 430 1404 471 iudicatis.
1468 430 1590 471 Nihil
1622 431 1773 472 horum

383 502 523 543 neque
557 486 824 528 Demetrium
857 486 1007 528 docere
1049 487 1246 537 dilucide,
1281 503 1360 529 nec
1396 503 1437 529 se
1479 488 1576 529 satis
1611 488 1773 544 liquido

385 544 544 586 discere
570 545 620 586 ab
645 560 695 586 eo
720 554 889 586 senatus
910 560 1041 601 quum
1063 554 1253 586 cerneret
1273 560 1419 601 posse3
1452 545 1574 586 simul
1603 557 1644 587 et
1675 546 1774 587 tiro-

385 602 510 652 cinio,
532 612 574 643 et
594 603 906 659 perturbatione
933 602 1095 643 iuvenis
1119 611 1381 651 moveretur3
1415 604 1559 659 quaeri
1584 604 1701 645 iussit
1722 604 1773 644 ab

385 675 449 711 eo,
467 676 644 716 ecquem
666 659 718 701 de
740 660 804 701 his
825 660 948 701 rebus
969 660 1314 701 commentarium
1336 676 1359 701 a
1379 671 1496 717 patre
1518 662 1774 718 accepisset?

389 718 535 766 Quum
556 718 848 774 respondisset,
882 723 893 741 ⁶
909 718 1115 773 accepisse
1143 733 1186 759 se
1204 718 1234 767 ς’
1264 718 1370 758 nihil
1393 719 1508 774 prius
1532 735 1610 760 nec
1634 720 1774 775 potius

384 776 520 817 visum
541 785 615 826 est,
637 790 764 831 quam
791 775 899 831 regis
927 775 1055 831 ipsius
1081 775 1132 816 de
1158 775 1331 831 singulis
1356 791 1552 832 responsa
1572 778 1771 833 accipere.

386 833 563 875 Librum
594 833 806 889 extemplo
835 842 1142 889 poposcerunt3
1181 833 1349 883 deinde,
1372 842 1418 875 ut
1448 833 1535 890 ipse
1569 835 1772 884 recitaret,

384 891 675 948 permiserunt.
751 890 883 932 Erant
917 900 1057 932 autem
1098 890 1150 932 de
1191 891 1316 932 rebus
1355 891 1528 947 singulis
1567 892 1612 932 in
1650 892 1774 933 breve

385 957 551 990 coactae
581 964 755 991 causae:
789 958 837 990 ut
863 948 943 990 alia
968 949 1113 990 fecisse
1142 964 1184 990 se
1214 949 1447 990 secundum
1472 949 1639 991 decreta
1662 949 1775 1006 lega-

385 1015 524 1048 torum
546 1006 743 1057 doceret3
777 1006 856 1048 alia
876 1022 962 1048 non
987 1022 1061 1063 per
1081 1022 1124 1048 se
1146 1007 1319 1057 stetisse,
1342 1023 1426 1063 quo
1448 1007 1586 1048 minus
1606 1008 1773 1057 faceret,

385 1065 460 1106 sed
489 1080 564 1122 per
593 1080 664 1106 eos
694 1065 816 1121 ipsos,
839 1065 913 1121 qui
943 1074 1196 1106 accusarent.
1259 1064 1572 1124 interposuerat
1601 1074 1644 1106 et
1671 1081 1775 1122 que-

385 1122 491 1164 relas
511 1123 563 1164 de
585 1123 807 1178 iniquitate
829 1123 1106 1172 decretorum,
1129 1131 1172 1164 et
1192 1138 1318 1179 quam
1346 1138 1432 1164 non
1457 1138 1510 1164 ex
1536 1138 1669 1179 aequo
1690 1123 1775 1163 dis-

384 1189 597 1237 ceptatum
629 1180 742 1237 apud
770 1180 1005 1222 Caecilium
1032 1180 1151 1230 foret,
1174 1181 1432 1237 indigneque
1463 1181 1554 1231 sibi,
1580 1196 1659 1222 nec
1687 1180 1774 1222 ullo

383 1253 459 1280 suo
480 1239 642 1288 merito,
660 1238 904 1280 insultatum
926 1238 977 1279 ab
994 1238 1188 1279 omnibus
1208 1247 1327 1280 esset.
1376 1238 1467 1280 Has
1488 1248 1606 1280 notas
1627 1239 1775 1280 irritati

384 1297 474 1338 eius
495 1296 624 1337 animi
646 1296 814 1353 collegit
834 1305 1013 1337 senatus
1060 1296 1262 1337 Ceterum
1284 1296 1364 1338 alia
1380 1297 1595 1338 excusanti
1618 1297 1773 1346 iuveni,

386 1354 467 1396 alia
486 1354 720 1410 recipienti,
736 1354 878 1395 futura
898 1354 968 1403 ita,
991 1363 1037 1394 ut
1058 1354 1239 1395 maxime
1260 1354 1392 1395 Vellet
1406 1363 1585 1404 senatus,
1603 1370 1774 1410 respon-

168 1422 374 1461 Responsum
388 1411 477 1453 deri
496 1412 678 1468 placuit:
715 1416 726 1435 ‘
743 1411 864 1453 Nihil
891 1420 1054 1468 patrem
1082 1411 1171 1452 eius
1195 1427 1334 1468 neque
1355 1412 1521 1461 rectius,
1544 1427 1622 1453 nec
1643 1412 1775 1467 magis

171 1470 309 1497 senatus.
389 1475 400 1493 ‘
417 1470 532 1527 quod
558 1485 611 1510 ex
641 1469 856 1511 voluntate
887 1478 1055 1510 senatus
1083 1478 1203 1518 esset,
1228 1469 1386 1519 fecisse,
1410 1485 1537 1525 quam
1559 1469 1686 1526 quod,
1708 1480 1775 1510 ut-

386 1533 581 1584 ‘eunque
616 1543 665 1568 ea
695 1537 812 1584 gesta
844 1536 994 1576 essent,
1023 1542 1098 1583 per
1125 1527 1393 1568 Demetrium
1421 1527 1553 1568 filium
1585 1527 1775 1568 satisfieri

383 1591 395 1609 ‘
411 1585 608 1627 voluisset
631 1585 845 1626 Romanis.
908 1584 1049 1625 Multa
1077 1593 1119 1625 et
1146 1584 1418 1634 dissimulare,
1441 1593 1483 1626 et
1511 1585 1710 1635 oblivisci,
1733 1594 1776 1626 et

384 1649 396 1667 ‘
411 1643 498 1700 pati
519 1643 742 1700 praeterita
762 1651 954 1684 senatum
976 1657 1108 1698 posse,
1131 1652 1173 1683 et
1201 1642 1370 1684 credere
1392 1642 1532 1692 etiam,
1555 1642 1775 1684 Demetrio

384 1707 395 1724 ‘
412 1701 669 1742 credendum
691 1716 792 1742 esse.
858 1699 1062 1742 Obsidem
1083 1700 1195 1740 enim
1217 1715 1260 1741 se
1283 1701 1470 1741 animum
1492 1700 1581 1741 eius
1607 1700 1773 1751 habere,

383 1759 488 1801 ‘etsi
518 1759 625 1816 patri
656 1773 806 1814 eorpus
838 1757 1093 1799 reddiderit:
1128 1765 1170 1798 et
1202 1758 1319 1807 scire,
1354 1767 1559 1813 quantum
1591 1757 1703 1799 salva
1729 1759 1775 1799 in

383 1823 395 1841 ‘
441 1826 570 1859 atrem
596 1817 751 1873 pietate
777 1815 920 1872 possit,
943 1815 1122 1856 amicum
1152 1830 1249 1856 eum
1276 1815 1432 1871 populo
1455 1815 1649 1856 Romano
1671 1831 1771 1857 esse.

383 1833 683 1930 ‘Rlonorisque
716 1874 804 1915 eius
835 1888 959 1914 causa
987 1873 1180 1914 missuros
1207 1873 1252 1913 in
1275 1872 1569 1914 Macedoniam
1601 1873 1772 1929 legatos,

384 1938 395 1956 ‘
413 1942 472 1983 ut,
494 1933 528 1973 si
549 1932 653 1988 quid
681 1932 819 1973 minus
843 1931 997 1972 factum
1027 1931 1092 1980 sit,
1115 1945 1240 1986 quam
1263 1931 1469 1981 debuerit,
1492 1939 1580 1971 tum
1603 1946 1773 1987 quoque

384 1996 397 2014 ‘
411 1991 501 2031 sine
542 1990 706 2046 piaculo
743 2004 881 2030 rerum
922 1989 1305 2045 praetermissarum
1341 1989 1424 2029 fiat.
1489 1987 1610 2029 Velle
1647 1989 1773 2030 etiam

385 2048 565 2091 ‘sentire
600 2047 857 2104 Philippum,
890 2047 1053 2102 integra
1084 2046 1225 2087 onmia
1256 2046 1333 2087 sibi
1367 2062 1462 2087 cum
1495 2046 1651 2102 populo
1685 2046 1804 2089 R0-7

237 2113 303 2150 48.
385 2112 534 2147 ‘mano
556 2105 764 2147 Demetrii
787 2105 862 2145 filii
883 2104 1088 2145 beneficio
1110 2104 1225 2145 esse.’
1276 2103 1408 2154 Haec,
1428 2119 1534 2160 quae
1557 2104 1772 2159 augendae

175 2166 334 2215 Lacedae·
382 2163 671 2221 amplitudinis
699 2163 788 2205 eius
816 2177 940 2204 causa
959 2162 1066 2203 facta
1090 2170 1219 2211 erant,
1243 2161 1455 2219 extemplo
1483 2162 1528 2202 in
1557 2162 1771 2211 invidiam,

174 2220 352 2284 Ῑηὲζῗιᾟῖῗῖῐη
382 2237 482 2263 mox
503 2222 629 2263 etiam
651 2221 695 2261 in
716 2220 946 2277 perniciem
968 2219 1222 2261 adolescenti
1245 2228 1470 2261 verterunt.

172 2262 192 2291 p
281 2274 288 2284 ‘
316 2273 346 2285 ι’
439 2278 766 2321 Lacedaemonii
788 2278 940 2319 deinde
963 2277 1191 2318 introducti
1213 2286 1320 2318 sunt.
1374 2277 1537 2318 BIultae
1560 2285 1602 2318 et
1622 2291 1770 2332 parvae

380 2337 704 2394 disceptationes
740 2336 1024 2377 laetabantur:
1070 2335 1156 2385 sed,
1191 2350 1299 2391 quae
1335 2335 1514 2375 maxime
1548 2349 1636 2375 rem
1671 2349 1772 2374 con-

381 2395 577 2445 tinerent,
600 2402 743 2435 erant:
776 2403 915 2435 utrum
937 2393 1269 2442 restituerentur,
1288 2407 1391 2448 quos
1414 2391 1576 2432 Achaei
1598 2391 1772 2432 damna-

380 2461 538 2501 verant,
575 2467 652 2493 ncc
690 2467 770 2500 1103
812 2451 970 2506 inique,
1007 2466 1061 2491 an
1096 2451 1185 2491 iure
1222 2450 1482 2497 occidissent,
1521 2464 1626 2504 quos
1662 2450 1772 2490 occi-

380 2509 540 2550 derant.
585 2509 839 2550 Vcrtebatur
855 2518 910 2558 et,
934 2518 1072 2549 utrum
1091 2516 1308 2548 manerent
1324 2506 1367 2546 in
1388 2506 1575 2547 Achaico
1593 2506 1801 2552 concilius

379 2566 731 2615 Lacedaemonii3
765 2582 830 2616 an,
855 2576 901 2607 ut
928 2575 1024 2606 ante
1055 2565 1200 2613 fuerat,
1224 2573 1430 2604 secretum
1457 2564 1546 2605 eius
1576 2564 1698 2605 unius
1726 2565 1770 2605 in

422 2732 438 2763 5
464 2724 588 2763 Oppido
603 2733 699 2763 quam
712 2722 835 2761 parva]
862 2721 1048 2751 Admodum
1140 2727 1155 2758 ς·
1181 2722 1313 2758 Iule-(sm
1341 2722 1447 2750 omnia
1471 2721 1532 2750 sibi
1557 2731 1626 2751 cnm
1650 2721 1771 2760 populo

378 2778 485 2807 parva.
532 2766 583 2797 Sic
614 2776 698 2804 supr.
724 2764 833 2794 xxxvi.
860 2772 909 2801 25.
935 2764 1049 2802 oppido
1092 2763 1390 2802 In’ommm...f,›ssc]
1419 2764 1596 2801 Integram,
1609 2763 1769 2792 illibatam

377 2821 472 2850 qomm
489 2811 580 2839 breve
595 2808 811 2840 intervallum.
837 2807 941 2837 Clusi.
1092 2805 1150 2834 sibi
1179 2816 1252 2835 eum
1279 2807 1401 2845 populo
1428 2807 1577 2836 Romano
1603 2815 1769 2836 remanere

420 2852 439 2883 6
463 2854 530 2882 [Ἢν
551 2851 729 2887 libidinem]
757 2850 831 2880 Siue
854 2849 920 2879 ullo
941 2848 1047 2887 aequi·
1090 2847 1225 2887 gratiani
1245 2854 1275 2879 et
1291 2848 1478 2879 amicitiam.
1503 2850 1609 2879 Citissv.

377 2896 452 2925 tatis
490 2895 636 2932 legumve
673 2897 830 2932 respectu„
864 2893 917 2923 scd
954 2896 1045 2931 prout
1133 2892 1151 2918 S
1186 2891 1390 2931 Vertehalzzr]
1441 2892 1479 2921 Iu
1519 2890 1767 2923 controversiam

376 2938 556 2969 collibitum
573 2937 680 2967 animo
697 2939 788 2966 esset.
813 2936 919 2966 (ἐπῆεν.
1091 2933 1187 2964 etiam
1211 2934 1365 2965 veniebat.
1391 2935 1497 2966 Cum.
