1960 3218
525 154 651 196 LIB.
686 152 905 194 XXXVI.
954 151 1100 194 CAP.
1141 156 1203 194 15.
1483 154 1565 192 239

166 248 260 289 niae
292 246 535 303 potiundae,
558 244 790 286 exercitum
820 259 870 284 eo
892 243 1028 293 duxit,
1051 241 1286 299 praemissis
1307 242 1351 282 in
1379 242 1568 282 civitates
1585 247 1626 278 U.
1644 247 1682 291 C·
1706 246 1778 285 5⁶¹-

167 305 352 362 captivis.
418 304 473 345 Et
495 303 554 344 illi
578 317 772 359 magnam
796 301 1087 342 auctoritatem
1110 299 1222 356 apud
1250 299 1473 355 populares
1494 299 1568 339 ha·
1583 291 1620 321 Α·
1645 291 1684 321 G.
1712 298 1780 328 ¹0¹·

168 363 364 412 buerunt,
387 361 654 403 elementiam
678 375 776 415 erga
797 374 840 400 se
869 359 977 414 regis
1007 358 1426 413 munificentiamque
1453 372 1569 398 eom-

169 429 471 462 memorantes:
506 428 548 460 et
570 417 864 474 Amynander,
889 416 1007 457 cuius
1028 415 1259 472 praesentis
1281 415 1474 455 maiestas
1495 415 1570 456 ali-

170 494 274 535 quos
292 478 334 518 in
356 478 438 518 fide
456 476 744 525 continuisset,
759 475 916 516 veritus
937 489 990 515 ne
1013 473 1250 515 traderetur
1270 472 1470 529 Philippo
1487 473 1568 513 iam

169 536 331 592 pridem
355 535 477 584 hosti,
501 543 543 575 et
571 534 775 574 Romanis
798 532 945 573 merito
975 542 1074 573 tunc
1096 540 1268 587 propter
1288 530 1569 571 defectionem

170 593 355 643 infensis,
374 608 470 633 cum
493 592 671 647 coniuge
694 606 741 631 ac
763 590 903 631 liberis
925 605 1054 646 regno
1069 589 1259 638 excessit,
1280 588 1571 629 Ambraciam-

171 666 254 707 que
276 666 318 692 se
340 650 529 692 eontulit.
593 649 659 690 Ita
681 647 939 689 Athamania
967 647 1101 688 omnis
1123 647 1166 687 in
1192 647 1256 687 ius
1278 646 1570 702 ditionemque

171 708 361 765 Philippi
378 707 593 750 concessit.
660 705 834 755 Consul,
850 706 903 747 ad
925 705 1153 746 reficienda
1170 705 1350 745 maxime
1368 704 1569 753 iumenta,

173 782 280 823 quae
323 775 365 808 et
405 765 684 822 navigatione,
720 774 762 805 et
797 773 943 820 postea
975 763 1195 803 itineribus
1230 762 1402 818 fatigata
1437 771 1570 812 erant,

173 839 328 881 paucos
350 824 540 865 Larissae
563 831 747 864 moratus
769 822 871 871 dies,
895 821 1009 863 velut
1030 832 1229 862 renovato
1247 820 1411 861 modica
1429 820 1571 876 quiete

174 882 360 924 exercitu
400 882 643 923 Cranonem
677 889 740 921 est
772 895 1023 936 progressus.
1088 878 1291 919 Venienti
1332 877 1570 926 Pharsalus,

178 940 383 989 Scotussa,
426 950 468 980 et
509 939 685 988 Pherae,
723 934 917 994 quaeque
958 938 1002 978 in
1042 937 1092 977 iis
1126 936 1334 993 praesidia
1367 935 1572 977 Antiochi

174 1007 307 1048 erant,
339 997 564 1038 deduntur.
629 996 697 1037 Ex
727 996 776 1036 iis
809 995 1085 1051 interrogatis,
1120 994 1193 1051 qui
1226 1009 1395 1035 manere
1429 1009 1572 1035 seeum

175 1055 344 1105 vellent,
382 1055 495 1096 mille
536 1054 724 1096 volentes
764 1053 964 1109 Philippo
1006 1052 1154 1093 tradit:
1198 1062 1358 1093 eeteros
1391 1051 1573 1093 inermes

176 1113 492 1155 Demetriadem
530 1112 718 1153 remittit.
780 1111 1008 1152 Proernam
1044 1110 1142 1151 inde
1176 1110 1347 1166 recepit,
1386 1118 1427 1150 et
1465 1124 1572 1165 quae

143 1188 162 1214 4
177 1171 285 1212 circa
306 1187 397 1213 eam
420 1170 589 1211 castella
611 1178 740 1211 erant.
804 1169 972 1210 Ducere
995 1177 1083 1209 tum
1106 1183 1229 1224 porro
1251 1168 1295 1208 in
1317 1168 1454 1208 sinum
1479 1167 1574 1208 Ma-

176 1229 328 1270 liacum
359 1229 508 1284 coepit.
574 1227 956 1284 Appropinquante
985 1226 1186 1275 faucibus,
1216 1240 1342 1282 super
1372 1240 1475 1281 quas
1506 1225 1574 1266 siti

177 1287 411 1328 Thaumaci
433 1295 542 1335 sunt,
566 1286 729 1326 deserta
750 1285 866 1334 urbe,
890 1285 1086 1325 iuventus
1117 1284 1253 1324 omnis
1275 1294 1432 1324 armata
1454 1283 1575 1323 silvas

177 1354 220 1386 et
252 1345 400 1385 itinera
428 1344 595 1394 insedit,
619 1353 660 1384 et
689 1344 732 1383 in
758 1358 909 1398 agmen
938 1342 1179 1383 Romanum
1211 1356 1264 1382 ex
1292 1341 1576 1397 superioribus

176 1402 277 1444 locis
298 1402 533 1444 incursavit.
600 1400 762 1442 Consul
788 1400 922 1456 primo
949 1400 1128 1449 mittere,
1152 1400 1225 1455 qui
1254 1415 1306 1440 ex
1335 1399 1575 1455 propinquo

178 1460 466 1517 colloquentes
483 1460 743 1501 deterrerent
764 1474 833 1500 eos
855 1474 878 1500 a
900 1458 972 1499 tali
993 1457 1130 1498 furore
1148 1473 1156 1498 :
1190 1467 1412 1514 postquam
1436 1471 1576 1513 perse-

146 1535 162 1565 5
178 1534 319 1560 verare
341 1518 385 1558 in
407 1518 577 1574 incepto
599 1517 717 1567 vidit,
741 1517 909 1558 tribuno
931 1531 1027 1557 eum
1049 1515 1230 1556 duorum
1258 1515 1473 1571 signorum
1500 1514 1577 1554 mi-

178 1576 321 1617 litibus
342 1576 640 1625 circummisso,
663 1574 897 1616 interclusit
918 1574 971 1615 ad
987 1574 1130 1614 urbem
1154 1573 1233 1614 iter
1253 1573 1433 1622 armatis,
1451 1587 1577 1614 vacu-

178 1649 330 1690 amque
368 1649 459 1675 eam
493 1633 616 1689 cepit.
679 1633 806 1682 Tum,
839 1632 1017 1673 clamore
1050 1632 1100 1672 ab
1137 1640 1254 1686 tergo
1286 1640 1431 1686 captae
1463 1631 1577 1671 urbis

179 1691 336 1741 audito,
359 1691 656 1748 refugientium
683 1690 872 1746 undique
895 1705 948 1731 ex
973 1689 1084 1730 silvis
1112 1689 1403 1730 insidiatorum
1427 1688 1577 1729 caedes

178 1749 287 1791 facta
314 1759 387 1791 est.
451 1752 491 1791 A
521 1748 775 1790 Thaumacis
803 1748 933 1789 altero
962 1747 1029 1788 die
1059 1747 1204 1788 consul
1230 1747 1283 1787 ad
1318 1746 1577 1802 Spercheum

179 1822 345 1849 amnem
367 1807 584 1864 pervenit:
619 1807 717 1847 inde
742 1805 1061 1862 Hypataeorum
1083 1820 1202 1861 agros
1223 1805 1409 1846 vastavit.

241 1865 385 1914 Quum
419 1865 523 1906 haec
559 1865 804 1921 agebantur,
840 1858 1045 1905 Chalcide
1082 1872 1171 1904 erat
1209 1863 1459 1911 Antiochus,
1492 1862 1573 1903 iam
1657 1864 1720 1903 15.

180 1933 269 1964 tum
291 1938 480 1972 cernens,
504 1923 609 1963 nihil
630 1938 672 1964 se
695 1938 747 1963 ex
772 1921 965 1971 Graecia,
989 1931 1154 1977 praeter
1175 1936 1352 1961 amoena
1371 1919 1575 1961 Chalcide

148 1981 356 2021 6hiberna
377 1989 420 2021 et
440 1980 616 2021 infames
638 1980 818 2036 nuptias,
836 1979 999 2035 petisse.
1064 1979 1188 2019 Tunc
1208 1978 1457 2019 Aetolorum
1471 1992 1578 2018 vana

179 2038 382 2095 promissa
402 2039 590 2079 incusare
613 2048 655 2079 et
676 2038 940 2078 Thoantem:
976 2035 1263 2077 Hannibalem
1288 2051 1400 2085 vero,
1423 2051 1508 2076 non
1531 2044 1578 2076 ut

179 2095 430 2152 prudentem
454 2104 616 2137 tantum
638 2095 789 2144 virum,
813 2094 886 2135 sed
914 2109 1044 2150 prope
1075 2102 1211 2134 vatem
1240 2094 1443 2142 omnium,
1467 2107 1575 2148 quae

181 2161 270 2194 tum
292 2153 521 2203 evenirent,
544 2152 750 2194 admirari.
815 2152 883 2193 Ne
898 2160 1039 2192 tamen
1062 2160 1218 2192 temere
1235 2159 1382 2207 coepta
1399 2150 1577 2206 segnitia

180 2211 351 2267 insuper
391 2219 610 2260 everteret,
648 2210 818 2251 nuntios
858 2210 901 2250 in
938 2208 1148 2250 Aetoliam
1187 2208 1327 2258 mittit,
1364 2217 1421 2258 ut,
1460 2208 1575 2249 omni

152 2277 396 2316 7contracta
442 2269 674 2318 iuventute,
717 2267 990 2309 convenirent
1038 2266 1254 2315 Lamiam3
1307 2274 1350 2307 et
1396 2266 1483 2322 ipse
1524 2281 1574 2306 eo

181 2326 327 2367 decem
359 2325 488 2367 millia
514 2326 598 2367 fere
625 2325 816 2382 peditum
846 2340 898 2366 ex
927 2325 988 2374 iis,
1019 2324 1092 2380 qui
1118 2332 1263 2380 postea
1289 2332 1493 2364 venerant
1521 2338 1574 2364 ex

184 2384 299 2433 Asia,
334 2383 514 2440 expleta,
552 2394 594 2425 et
626 2384 791 2439 equites
824 2382 1079 2438 quingentos
1111 2381 1246 2423 duxit.
1313 2382 1412 2429 Quo
1445 2396 1577 2436 quum

183 2441 398 2497 aliquanto
425 2442 653 2498 pauciores,
677 2456 802 2498 quam
834 2455 1020 2496 unquam
1050 2448 1186 2488 antea,
1209 2439 1514 2488 convenissent,
1538 2447 1581 2479 et

183 2499 394 2555 principes
420 2499 712 2540 tantummodo
741 2514 837 2539 cum
863 2497 1006 2554 paucis
1031 2497 1254 2538 clientibus
1280 2506 1429 2545 essent,
1453 2506 1579 2552 atque

185 2555 212 2595 ii
235 2555 436 2606 dicerent,
460 2557 600 2598 omnia
628 2556 775 2598 sedulo
797 2556 848 2597 ab
874 2570 916 2596 se
938 2556 1058 2604 facta,
1082 2564 1129 2596 ut
1150 2569 1276 2610 quam
1305 2554 1506 2610 plurimos
1528 2569 1581 2595 ex

152 2612 422 2654 Scivitatibus
449 2615 533 2655 suis
558 2623 806 2663 evocarent3
840 2628 918 2654 nec
947 2613 1206 2662 auctoritate,
1229 2627 1308 2653 nec
1333 2612 1479 2668 gratia,
1502 2626 1581 2652 nec

229 2726 248 2752 4
272 2716 313 2744 ln
335 2715 441 2744 sinum
465 2716 664 2753 Asulz'ncwn]
708 2715 745 2745 In
771 2725 858 2745 oram
952 2713 971 2745 6
1000 2715 1144 2753 Insames
1169 2714 1319 2753 nuptias]
1368 2713 1464 2749 Quae
1490 2716 1581 2744 tauto

185 2757 273 2787 sinus
308 2757 441 2787 Maliaci
485 2757 776 2789 circumiaceutem.
819 2759 859 2788 cf.
906 2757 968 2795 regi
986 2767 1099 2796 parum
1117 2757 1251 2786 decorae
1267 2761 1382 2787 essent.

185 2810 271 2839 supr.
290 2810 386 2830 xxxv.
405 2807 454 2837 37.
951 2807 966 2838 7
993 2800 1152 2837 Lamiam]
1196 2799 1293 2828 Ilanc
1320 2798 1580 2828 emendationem

230 2851 246 2881 5
265 2843 342 2873 (fam
360 2843 494 2872 duorum
510 2843 691 2881 sifflzorum]
718 2843 775 2874 i.e.
791 2842 859 2872 Du·
906 2841 1030 2872 Dukeri
1054 2851 1110 2881 pro
1134 2842 1216 2881 vulg.
1242 2843 1304 2872 ι’(ιιη
1329 2841 1469 2880 reposuit
1496 2840 1581 2870 Bek-

186 2895 276 2915 orum
302 2884 551 2924 manipulorum.
584 2885 622 2915 cf.
639 2895 724 2924 supr.
747 2885 859 2915 xxxiii.
905 2885 1009 2915 kerris.

192 2937 215 2959 1.
947 2928 965 2957 8
989 2928 1057 2958 Nec
1069 2927 1260 2958 auctoritate
1272 2950 1279 2958 .
1295 2949 1301 2957 .
1316 2927 1340 2963 .]
1365 2926 1483 2965 Neque
1497 2935 1582 2956 vere-
