1960 3218
542 142 668 185 LIB.
702 141 942 183 XXXVII.
990 141 1137 184 CAP.
1171 145 1209 184 8.
1481 144 1560 185 271

179 236 294 294 quod
307 235 519 293 petebant,
534 232 738 275 aeonsule
753 233 1098 288 impetraverunt:
1132 240 1186 281 et,
1201 231 1335 272 soluta
1348 231 1566 273 obsidione
1583 242 1626 273 U.
1646 242 1682 273 C.
1707 241 1776 282 562.

180 295 446 351 Amphissae,
470 292 542 333 M'.
560 291 734 339 Acilius,
765 289 917 331 tradito
946 288 1106 330 consuli
1134 289 1334 339 exercitu,
1356 290 1568 346 provincia
1583 286 1620 315 A.
1646 286 1683 346 Cf
1710 294 1777 326 ¹90·

181 353 379 394 decessit:
413 360 455 392 et
476 349 620 391 consul
641 350 692 390 ab
715 348 941 404 Amphissa
962 346 1219 388 Thessaliam
1241 348 1405 403 repetit,
1428 357 1475 388 ut
1495 363 1569 404 per
1582 363 1655 393 Cos.
1673 360 1762 391 ducit

184 409 479 452 Macedoniam
497 407 804 461 Thraciamque
827 406 999 446 duceret
1020 405 1063 445 in
1086 405 1245 445 Asiam.
1581 404 1614 435 in
1631 403 1751 435 Asiam.

241 468 355 509 Tum
382 466 606 508 Africanus
640 464 778 505 fratri:
826 463 953 512 ‘Iter,
987 462 1102 518 quod
1134 462 1301 512 insistis,
1341 462 1389 504 L.
1417 462 1570 518 Scipio,

185 532 290 582 ‘ego
312 539 480 580 quoque
502 523 712 579 approbo:
747 521 820 562 sed
851 531 984 562 totum
1014 520 1057 561 id
1085 520 1259 561 vertitur
1286 521 1330 561 in
1359 520 1571 562 voluntate

187 583 412 638 ‘Philippi.
479 580 578 630 Qui,
616 581 649 622 si
681 580 857 636 imperio
893 588 1034 620 nostro
1071 578 1178 618 fidus
1215 588 1290 628 est,
1328 587 1371 620 et
1406 578 1495 627 iter,
1531 587 1573 620 et

187 647 482 688 ‘commeatus,
517 648 560 680 et
595 638 746 687 omnia,
785 652 890 693 quae
927 637 971 677 in
1012 636 1136 692 longo
1177 636 1325 677 itinere
1367 636 1575 677 exercitus

188 705 200 723 ‘
216 698 333 740 alunt
357 698 598 752 iuvantque,
621 696 740 737 nobis
768 694 1077 751 suppeditabit:
1112 694 1145 734 si
1173 694 1207 734 is
1234 694 1446 743 destituat,
1469 693 1575 734 nihil

189 762 291 813 ‘per
323 755 547 797 Thraciam
584 755 681 795 satis
714 762 851 795 tutum
883 752 1065 794 habebis.
1140 751 1288 808 Itaque
1321 752 1436 808 prius
1468 752 1576 807 regis

190 815 404 856 ‘animum
433 812 639 869 explorari
666 811 814 868 placet.
880 810 1051 867 Optime
1085 809 1382 866 explorabitur,
1409 810 1443 850 si
1471 809 1577 850 nihil

191 878 202 897 ‘
218 888 270 914 ex
291 881 536 928 praeparato
559 879 750 926 agentem
774 868 994 925 opprimet,
1017 868 1089 924 qui
1112 868 1325 908 mittetur.⁷
1375 868 1440 909 Ti.
1461 867 1579 909 Sem-

189 930 360 986 pronius
385 922 612 976 Gracchus,
632 927 756 983 longe
783 937 873 967 tum
898 926 1121 967 acerrimus
1146 926 1346 966 iuvenum
1368 926 1420 966 ad
1441 926 1485 966 id
1506 925 1580 966 de-

162 988 335 1036 7lectus,
358 1001 432 1042 per
461 986 680 1041 dispositos
709 1000 838 1040 equos
865 999 994 1040 prope
1024 983 1260 1024 incredibili
1288 983 1500 1025 eeleritate
1528 984 1578 1024 ab

192 1044 420 1101 Amphissa
446 1043 564 1099 (inde
595 1043 707 1084 enim
736 1052 797 1084 est
825 1042 1037 1096 dimissus)
1062 1041 1130 1082 die
1160 1042 1283 1082 tertio
1304 1041 1466 1082 Pellam
1486 1057 1580 1098 per-

192 1103 318 1144 venit.
381 1101 431 1142 In
466 1101 655 1142 convivio
689 1116 761 1142 rex
796 1108 895 1149 erat,
930 1109 972 1140 et
1006 1100 1050 1140 in
1084 1099 1262 1140 multum
1294 1099 1381 1139 vini
1417 1114 1581 1155 proees-

193 1169 326 1201 serat:
361 1175 409 1200 ea
430 1159 518 1215 ipsa
542 1159 728 1199 remissio
755 1158 883 1199 animi
909 1157 1187 1213 suspicionem
1211 1157 1405 1212 dempsit,
1428 1172 1580 1198 novare

194 1233 291 1259 eum
325 1217 549 1273 quicquam
583 1216 699 1257 velle.
765 1216 820 1256 Et
853 1225 940 1256 tum
975 1215 1147 1270 quidem
1181 1215 1354 1256 comiter
1387 1224 1581 1271 acceptus

193 1275 354 1331 hospes.
417 1274 589 1315 Postero
611 1274 678 1314 die
701 1282 956 1314 commeatus
977 1272 1180 1313 exercitui
1200 1281 1364 1328 paratos
1384 1273 1579 1328 benigne,
1598 1279 1770 1327 Philippus

194 1342 344 1389 pontes
383 1332 428 1372 in
463 1331 704 1372 fluminibus
740 1331 882 1380 factos,
920 1331 1017 1379 vias,
1054 1331 1126 1371 ubi
1163 1331 1358 1371 transitus
1394 1330 1582 1371 difficiles
1596 1328 1750 1395 effen-estu}

196 1399 327 1440 erant,
368 1389 548 1430 munitas
587 1389 703 1430 vidit.
768 1387 886 1429 Haec
927 1388 1109 1429 referens
1150 1388 1310 1438 eadem,
1345 1404 1430 1444 qua
1464 1388 1580 1437 ierat,
1596 1376 1773 1447 onfflznlssa

165 1447 406 1490 sceleritate
444 1447 696 1488 Thaumacis
737 1447 915 1488 occurrit
950 1445 1121 1487 consuli.
1185 1445 1290 1487 Inde
1330 1446 1504 1487 certiore
1542 1455 1583 1487 et
1596 1456 1653 1483 rat.

196 1506 351 1547 maiore
373 1521 445 1561 spe
467 1505 599 1546 laetus
624 1505 831 1545 exercitus
859 1504 912 1545 ad
939 1513 1181 1560 praeparata
1208 1504 1349 1545 omnia
1373 1504 1417 1544 in
1439 1503 1585 1545 Mace-

198 1563 368 1605 doniam
388 1563 590 1619 pervenit.
654 1562 885 1603 Venientes
913 1562 1028 1617 regio
1057 1570 1258 1618 apparatu
1282 1571 1325 1603 et
1348 1562 1520 1617 accepit,
1544 1572 1586 1603 et

199 1630 443 1678 prosecutus
474 1632 535 1661 est
564 1635 649 1661 rex.
713 1619 852 1660 Multa
883 1620 925 1660 in
955 1636 1004 1660 eo
1033 1630 1074 1661 et
1102 1620 1342 1669 dexteritas,
1370 1629 1412 1660 et
1440 1620 1587 1661 huma-

200 1679 308 1720 nitas
342 1679 440 1728 visa,
479 1694 585 1734 quae
622 1677 971 1719 commendabilia
1009 1677 1122 1733 apud
1157 1678 1407 1718 Africanum
1442 1686 1586 1727 erant3

201 1737 335 1778 virum
364 1737 470 1777 sieut
498 1736 551 1776 ad
581 1745 719 1776 cetera
748 1736 976 1792 egregium,
999 1735 1056 1776 ita
1084 1751 1107 1776 a
1131 1736 1339 1784 comitate,
1364 1751 1470 1791 quae
1500 1736 1588 1776 sine

201 1794 368 1835 luxuria
397 1803 515 1844 esset,
547 1809 633 1834 non
664 1809 865 1834 aversum.
928 1793 1034 1834 Inde
1068 1809 1153 1834 non
1186 1809 1261 1849 per
1293 1793 1590 1835 Macedoniam

203 1852 342 1902 modo,
379 1852 453 1893 sed
489 1851 614 1893 etiam
651 1851 887 1901 Thraciam,
925 1860 1203 1907 prosequente
1241 1860 1283 1892 et
1317 1861 1589 1907 praeparante

204 1910 345 1951 omnia
364 1909 574 1966 Philippo,
598 1908 651 1949 ad
674 1908 998 1965 Hellespontum
1021 1918 1269 1965 perventum
1291 1918 1363 1950 est.

262 1967 501 2010 Antiochus
534 1976 628 2023 post
663 1966 852 2008 navalem
888 1967 940 2007 ad
977 1966 1189 2023 Corycum
1226 1982 1423 2023 pugnam,
1459 1982 1588 2023 quum
1682 1977 1719 2014 8,

207 2034 335 2066 totam
356 2025 539 2066 hiemem
560 2025 731 2065 liberam
749 2025 793 2064 in
810 2033 1029 2080 apparatus
1046 2034 1258 2065 terrestres
1279 2025 1589 2080 maritimosque
1604 2033 1746 2063 Classem
1757 2042 1802 2063 re-

206 2082 430 2131 habuisset,
454 2082 571 2123 classi
598 2082 778 2122 maxime
807 2082 1075 2138 reparandae,
1098 2098 1150 2123 ne
1181 2090 1268 2123 tota
1288 2083 1411 2123 maris
1432 2098 1591 2138 posses-
1604 2079 1694 2148 {³5¹¹ss
1712 2076 1763 2144 ²2¹¹

207 2140 322 2181 sione
345 2139 581 2196 pelleretur,
604 2140 790 2180 intentus
810 2140 956 2180 fuerat.
1012 2139 1302 2189 Succurrebat,
1327 2145 1338 2163 ⁶
1353 2150 1592 2195 superatum
1620 2129 1667 2148 Μ
1694 2128 1739 2147 ““’

210 2202 222 2221 ‘
238 2212 294 2247 se,
317 2213 447 2253 quum
473 2197 609 2239 classis
637 2197 832 2238 abfuisset
861 2197 1137 2238 Rhodiorum.
1203 2197 1332 2245 Quod
1360 2198 1393 2237 si
1421 2213 1469 2238 ea
1490 2213 1594 2253 quo-

211 2260 321 2311 ‘que
353 2255 451 2309 (nec
487 2255 776 2295 commissuros
811 2254 1013 2304 Rhodios,
1046 2264 1092 2296 ut
1128 2255 1279 2296 iterum
1314 2255 1593 2310 morarentur)

213 2313 457 2354 ‘certamini
488 2312 660 2361 adesset,
685 2328 836 2368 magno
864 2313 941 2353 sibi
969 2313 1138 2354 navium
1166 2328 1341 2353 numero
1370 2328 1473 2368 opus
1493 2313 1593 2362 fore,

214 2376 288 2412 ‘ut
325 2370 481 2411 viribus
521 2379 563 2411 et
602 2370 891 2426 magnitudine
933 2370 1104 2411 classem
1144 2370 1325 2411 hostium
1372 2372 1595 2426 aequaret.’

212 2427 361 2484 Itaque
398 2437 439 2469 et
471 2427 753 2469 Hannibalem
786 2428 828 2468 in
863 2428 1023 2484 Syriam
1054 2428 1222 2469 miserat
1251 2428 1304 2469 ad
1334 2428 1596 2469 Phoenicum

212 2485 474 2527 arcessendas
510 2501 647 2536 naves,
682 2495 723 2526 et
756 2485 1075 2542 Polyxenidam,
1111 2501 1194 2541 quo
1230 2486 1368 2526 minus
1403 2501 1596 2542 prospere

213 2555 328 2599 gesta
357 2558 422 2584 res
455 2552 555 2592 erat,
586 2559 635 2585 eo
668 2543 832 2584 enixius
865 2552 907 2584 et
939 2559 1019 2593 eas,
1049 2559 1156 2598 quae
1189 2553 1320 2593 erant,
1346 2544 1530 2594 reficere,
1556 2553 1598 2585 et

215 2599 313 2640 alias
337 2615 479 2655 parare
508 2616 633 2642 naves
658 2601 785 2642 iussit.
848 2600 942 2657 Ipse
972 2602 1015 2642 in
1038 2601 1222 2658 Phrygia
1249 2601 1497 2651 hibernavit,
1521 2617 1598 2642 un—

184 2657 343 2712 9dique
376 2657 530 2699 auxilia
559 2674 791 2700 arcessens:
825 2660 951 2700 etiam
983 2659 1026 2699 in
1055 2658 1386 2715 Gallograeciam
1418 2659 1594 2700 miserat.

263 2806 278 2836 7
297 2799 364 2827 [ἐν
379 2798 540 2836 dispositos
556 2799 666 2837 equos]
694 2798 888 2828 I’raemissos
979 2809 998 2839 9
1027 2801 1296 2838 Galloqraeciam]
1351 2799 1525 2829 Galatiam.
1559 2800 1598 2829 cf.

219 2844 251 2871 et
275 2839 367 2870 certis
392 2839 566 2869 intervallis
588 2840 767 2879 dispositos,
787 2841 831 2870 ita
854 2844 888 2870 ut
935 2841 1004 2872 Iui'.
1028 2842 1093 2872 Sat.
1113 2842 1161 2872 vii.
1185 2841 1230 2873 16.
1251 2844 1271 2857 “
1286 2843 1396 2872 Altera
1416 2852 1494 2880 quos
1515 2843 1601 2871 nudo

221 2882 416 2921 integriequi
432 2883 581 2911 fessorum
599 2882 681 2912 vices
693 2883 887 2922 exciperent.
933 2884 1056 2914 traiecit
1081 2884 1189 2914 Gallia
1213 2886 1314 2915 talo.”
1349 2885 1387 2916 cf.
1406 2885 1490 2914 Flor.
1513 2884 1600 2924 Epit.

265 2926 284 2955 8
310 2926 517 2962 Thaumacis]
545 2924 582 2955 cf.
600 2925 692 2964 Supr.
710 2925 808 2955 xxxii.
826 2937 854 2963 4.
935 2926 964 2956 ii.
988 2936 1032 2957 11.
1057 2927 1127 2957 infr.
1146 2927 1275 2957 xxxviii.
1298 2926 1343 2958 16.
