1960 3218
539 126 667 168 LIB.
701 125 920 169 XXXIV.
969 124 1116 166 CAP.
1152 129 1219 167 29.
1505 128 1584 167 153

183 225 286 259 sent.
352 216 411 258 Hi
433 226 476 259 et
497 217 667 258 caedem
698 217 915 273 ingentem
938 215 1177 265 ediderunt,
1200 224 1243 257 et
1263 216 1471 272 dispersos
1492 232 1586 273 pas·
1601 228 1644 259 U.
1662 228 1699 259 C.
1724 235 1796 267 557·

184 276 261 317 sim
283 275 381 332 fuga
402 275 625 332 plerosque
647 275 772 316 armis
789 282 1010 315 exuerunt.
1060 273 1288 321 Quinctius
1304 274 1586 339 prope-Amy·
1600 272 1639 302 A.
1664 272 1702 303 C.
1728 279 1797 310 195·

185 333 269 374 clas
299 334 439 390 posuit
471 341 614 374 castra.
678 331 798 381 Inde,
831 347 964 388 quum
1000 331 1476 393 perpopulatus'omnla
1507 333 1587 374 cir-

153 391 392 436 9cumiecta
423 391 516 432 urbi
547 390 781 446 frequentis
812 399 855 431 et
885 389 1051 431 amoeni
1083 390 1171 445 agri
1202 389 1294 430 loca
1325 398 1446 440 esset,
1469 390 1587 432 nullo

157 466 170 487 1
185 449 268 490 iam
290 449 472 490 hostium
495 457 657 505 portam
680 447 928 497 excedente,
944 447 1075 488 movit
1096 455 1229 488 castra
1249 447 1303 488 ad
1323 448 1482 489 flumen
1500 447 1588 489 Eu-

185 515 330 548 rotam.
394 506 500 547 Inde
523 506 674 547 vallem
697 506 888 562 Taygeto
911 505 1142 546 subiectam
1171 520 1375 562 agrosque
1398 505 1452 547 ad
1474 521 1587 547 mare

186 564 446 620 pertinentes
468 572 636 605 evastat.

246 621 409 664 Eodem
440 622 526 663 fere
560 630 749 677 tempore
781 620 831 662 L.
861 620 1088 669 Quinctius
1123 621 1356 663 maritimae
1389 637 1483 663 orae
1513 637 1588 678 op-

186 679 299 736 pida,
321 680 474 736 partim
495 679 723 728 voluntate,
745 679 898 735 partim
928 688 1045 720 metu
1073 687 1147 720 aut
1170 679 1223 728 vi,
1247 679 1417 736 recepit.
1483 679 1589 721 Cer-

188 737 270 779 tior
299 737 454 779 deinde
485 737 630 787 factus,
657 737 867 794 Gythium
899 736 1104 793 oppidum
1136 736 1326 778 omnium
1361 737 1590 779 maritIma-

187 810 280 837 rum
308 810 448 837 rerum
470 795 819 837 Lacedaemoniis
840 794 1153 851 receptaculum
1175 810 1276 845 esse,
1299 810 1378 836 nec
1399 795 1544 852 procul
1566 811 1590 836 a

188 853 291 894 mari
313 862 446 895 castra
468 853 662 894 Romana
682 853 838 903 abesse,
862 853 1057 894 omnibus
1078 852 1122 894 id
1143 853 1274 909 copiis
1296 853 1467 909 aggredi
1488 869 1590 895 con-

1667 623 1733 661 29.

188 911 334 953 stituit.
380 911 483 953 Erat
504 927 555 952 eo
577 920 764 967 tempore
786 910 924 952 valida
945 911 1056 960 urbs,
1075 919 1117 952 et
1139 911 1412 953 multitudine
1434 912 1589 953 civium
1603 922 1763 962 Gythium

158 983 174 1003 2
190 968 507 1025 incolarumque
529 979 571 1010 et
593 969 708 1010 omni
730 968 880 1010 bellico
902 977 1104 1025 apparatu
1132 969 1345 1010 instructa.
1409 969 1461 1010 In
1484 978 1590 1010 tem-
1603 976 1768 1005 oppugna-

189 1042 289 1083 pore
310 1026 527 1077 Quinctio,
545 1042 634 1068 rem
655 1026 770 1067 haud
790 1026 955 1068 facilem
977 1026 1254 1083 aggredienti,
1277 1042 1352 1068 rex
1375 1027 1590 1069 Eumenes

190 1093 233 1126 et
268 1084 408 1126 classis
446 1085 711 1126 Rhodiorum
748 1094 1093 1141 supervenerunt.
1168 1084 1326 1141 Ingens
1362 1085 1589 1127 multitudo

190 1142 401 1183 navalium
431 1143 653 1192 sociorum,
677 1157 699 1183 e
722 1142 853 1183 tribus
878 1151 1093 1184 contracta
1113 1142 1323 1193 classibus,
1347 1144 1457 1184 intra
1487 1159 1591 1199 pau-

190 1215 259 1241 cos
281 1200 370 1241 dies
392 1200 546 1249 omnia,
569 1215 677 1256 quae
709 1199 763 1241 ad
793 1200 1155 1256 oppugnationem
1185 1201 1297 1242 urbis
1326 1210 1435 1243 terra
1466 1201 1591 1242 mari-

189 1272 272 1313 que
304 1257 490 1299 munitae
512 1257 705 1299 facienda
726 1273 854 1314 opera
875 1266 1006 1308 erant,
1030 1258 1181 1299 effecit.
1246 1258 1336 1300 Iam
1368 1259 1591 1300 testudini-

190 1315 267 1356 bus
288 1315 467 1356 admotis
489 1331 631 1356 murus
653 1315 953 1357 subruebatur:
988 1315 1070 1357 iam
1093 1316 1292 1358 arietibus
1310 1317 1588 1373 quatiebatur.

189 1372 339 1429 Itaque
371 1389 457 1414 una
486 1373 640 1414 crebris
670 1373 822 1414 ictibus
851 1388 994 1414 eversa
1015 1382 1078 1414 est
1101 1374 1235 1423 turris,
1259 1374 1460 1431 quodque
1482 1375 1593 1416 circa

189 1430 298 1472 muri
320 1440 420 1481 erat,
443 1446 542 1472 casu
565 1432 654 1473 eius
675 1440 952 1488 prostratum:
992 1440 1034 1472 et
1056 1431 1241 1473 Romani
1263 1432 1387 1473 simul
1408 1449 1431 1474 a
1452 1441 1590 1489 portU‚

158 1499 175 1529 3
190 1488 303 1530 unde
325 1488 462 1530 aditus
483 1489 647 1545 planior
668 1497 768 1539 erat,
792 1498 839 1530 ut
860 1489 1150 1530 distenderent
1181 1490 1232 1531 ab
1264 1491 1470 1547 apertiore
1499 1490 1591 1532 loco

187 1546 341 1596 hostes,
364 1547 489 1587 simul
510 1562 586 1603 per
607 1547 862 1603 patefactum
883 1547 1005 1588 ruina
1025 1547 1106 1588 iter
1127 1547 1358 1604 irrumpere
1381 1549 1592 1590 conaban-

190 1612 268 1646 tur.
332 1604 427 1645 Nec
458 1604 639 1645 multum
667 1605 811 1654 abfuit,
835 1605 952 1660 quin,
976 1620 1059 1660 qua
1089 1605 1372 1656 intenderant,
1395 1616 1590 1663 penetra-

189 1670 305 1703 rent:
340 1662 411 1703 sed
436 1662 613 1703 tardavit.
641 1663 846 1718 impetum
876 1678 1022 1703 eorum
1053 1678 1147 1719 spes
1176 1664 1340 1705 obiecta
1368 1664 1590 1706 dedendae

191 1720 316 1769 urbis,
340 1735 437 1761 mox
460 1719 614 1761 deinde
638 1721 784 1761 eadem
808 1720 985 1761 turbata.
1050 1720 1341 1778 Dexagoridas
1363 1730 1406 1763 et
1425 1722 1590 1779 Gorgo-

190 1792 263 1833 pas
284 1777 375 1834 pari
396 1778 571 1834 imperio
593 1787 814 1834 praeerant
847 1778 949 1819 urbi.
1013 1778 1306 1836 Dexagoridas
1338 1780 1507 1821 miserat
1537 1780 1591 1821 ad

189 1834 374 1892 legatum
398 1835 653 1886 Romanum,
672 1836 923 1877 traditurum
945 1851 988 1877 se
1011 1837 1181 1886 urbem3
1219 1846 1261 1879 et
1278 1853 1410 1894 quum
1428 1838 1481 1879 ad
1497 1853 1590 1879 eam

190 1908 280 1934 rem
306 1902 471 1949 tempus
492 1902 534 1934 et
555 1894 659 1935 ratio
681 1894 958 1944 convenisset,
981 1910 1006 1935 a
1029 1894 1230 1951 Gorgopa
1250 1895 1439 1952 proditor
1459 1896 1591 1937 inter-

191 1950 352 1992 ficitur:
387 1951 674 2007 intentiusque
698 1952 749 1993 ab
768 1967 852 1992 uno
868 1953 966 1993 urbs
988 1952 1306 2002 defendebatur,
1323 1962 1366 1994 et
1382 1953 1591 1995 difficilior

190 2008 299 2063 facta
324 2009 582 2064 oppugnatio
611 2018 711 2058 erat,
734 2009 778 2049 ni
800 2009 850 2050 T.
875 2009 1102 2057 Quinctius
1128 2026 1223 2051 eum
1246 2020 1445 2066 quattuor
1466 2011 1591 2052 milli-

192 2066 269 2106 bus
290 2065 549 2107 delectorum
573 2067 755 2107 militum
777 2067 1097 2122 supervenisset.
1153 2067 1194 2108 Is
1215 2084 1346 2124 quum
1368 2069 1590 2125 supercilio

192 2123 306 2164 haud
347 2123 493 2179 procul
529 2124 720 2165 distantis
756 2124 907 2165 tumuli
944 2125 996 2166 ab
1032 2126 1135 2167 urbe
1172 2126 1418 2167 instructam
1456 2127 1590 2168 aciem

192 2180 454 2231 ostendisset,
489 2191 532 2223 et
567 2197 620 2223 ex
657 2182 786 2223 altera
818 2191 934 2238 parte
968 2183 1016 2223 L.
1045 2183 1271 2231 Quinctius
1308 2185 1359 2225 ab
1396 2185 1590 2240 operibus

192 2239 276 2280 suis
294 2248 402 2280 terra
423 2240 610 2295 marique
634 2240 831 2288 instaret3
864 2249 951 2280 tum
970 2256 1068 2282 vero
1090 2241 1327 2298 desperatio
1345 2242 1590 2298 Gorgopam

192 2312 361 2352 quoque
384 2298 523 2353 coegit
551 2297 594 2338 id
619 2297 795 2347 consilii,
819 2297 933 2353 quod
966 2298 1008 2338 in
1035 2299 1164 2340 altero
1197 2308 1328 2340 morte
1351 2300 1590 2341 vindicave-

192 2363 266 2404 rat,
289 2369 460 2411 capere:
495 2364 537 2396 et
558 2365 716 2412 pactiis‚
741 2365 787 2396 ut
808 2355 1015 2397 abducere
1038 2357 1137 2398 inde
1161 2357 1324 2407 milites,
1344 2374 1449 2414 quos
1471 2373 1589 2415 prae-

234 2485 254 2515 9
278 2475 486 2515 Frequenlis]
516 2475 606 2505 Vicis
620 2474 868 2514 hominibusque
959 2485 973 2504 2
999 2475 1200 2516 lncalarmn]
1230 2477 1359 2507 Nomen
1374 2479 1477 2508 itu-ola
1494 2489 1590 2517 saepe

192 2517 410 2556 frequentatis.
435 2519 541 2549 (ἷκεν.
913 2518 1030 2548 «licitur
1054 2520 1093 2549 de
1118 2530 1155 2549 co
1180 2520 1364 2559 quicunque
1389 2520 1499 2551 incolit
1525 2521 1590 2552 sive

239 2569 250 2589 1
277 2561 409 2590 Portam
421 2562 605 2597 emt-edente]
632 2560 869 2590 Revocavimus
914 2561 1037 2591 habitat
1058 2561 1199 2601 aliquem
1224 2563 1342 2594 locum.
1391 2564 1432 2593 At
1454 2564 1590 2594 arctiore

194 2601 369 2641 priscorum
386 2603 543 2633 editorum
570 2603 754 2639 lectionem,
770 2613 867 2642 quam
914 2615 1007 2633 sensu
1034 2604 1177 2643 designat
1205 2616 1278 2635 euni
1308 2606 1359 2644 qui
1388 2617 1449 2636 non
1475 2607 1507 2636 in
1533 2617 1589 2636 suo

194 2648 225 2674 et
256 2645 320 2674 duo
350 2656 367 2675 e
399 2655 465 2676 mss.
499 2645 647 2681 Hearnii,
678 2649 709 2675 et
745 2646 866 2675 Victor.
913 2646 1211 2685 lmbitat‚quica111
1236 2649 1344 2679 urbem
1369 2649 1479 2679 incolit
1500 2649 1590 2679 cuius

195 2690 334 2717 tuentur.
361 2688 468 2726 Vulgo
492 2693 596 2727 porta.
623 2688 675 2719 Sic
703 2692 735 2718 et
757 2688 867 2719 xxviii.
914 2689 991 2719 civis
1009 2700 1071 2719 non
1089 2694 1146 2721 cst.
1171 2691 1278 2721 Cum.

198 2739 244 2767 14.
268 2729 321 2759 ubi
342 2730 436 2760 cdere
458 2735 625 2760 assuerunt
647 2732 760 2761 rastris
781 2742 867 2769 cyre·
959 2741 975 2770 3
1009 2734 1051 2763 st
1086 2733 1318 2773 flii-tenderent]
1366 2735 1407 2763 [Vt
1449 2735 1587 2764 hostium

193 2772 486 2807 (Ιίίτιν,ηωὶτινίηιυδΙ
496 2784 513 2803 e
529 2773 613 2803 vict.
626 2774 734 2804 codice
747 2779 864 2804 enslm.
912 2774 1045 2811 animos,
1061 2775 1127 2806 sive
1150 2776 1267 2815 copias.
1285 2781 1464 2807 averterent
1485 2778 1524 2806 ab
1551 2787 1589 2806 co

195 2814 266 2845 Nec
284 2814 409 2844 insolita
433 2819 479 2845 cst
501 2815 579 2846 haec
598 2816 746 2855 loquendi
765 2817 868 2846 forma
914 2817 994 2851 loco,
1016 2818 1069 2856 qui
1098 2829 1153 2857 per
1177 2819 1299 2849 ruinam
1332 2819 1425 2849 turris
1451 2823 1482 2849 ct
1506 2819 1588 2848 inuri

193 2858 278 2896 apud
308 2857 433 2887 Livium
464 2861 493 2887 ct
522 2858 661 2897 optimos
688 2859 866 2897 scriptores.
913 2860 1052 2899 apertior
1067 2865 1144 2892 erat.
1170 2862 1277 2893 Cum.
1296 2863 1334 2893 cf.
1350 2873 1434 2901 supr.
1453 2861 1496 2892 iii.
1517 2870 1566 2899 23.

194 2899 301 2930 Cat-zv.

1603 1012 1683 1039 tum.
