1960 3218
546 156 674 199 LIB.
708 153 927 196 XXXVI.
971 152 1112 194 CAP.
1146 153 1213 194 27.
1490 151 1574 190 249

180 259 298 293 esset.
362 249 457 291 Nec
487 263 584 290 eum
615 246 759 303 opinio
789 253 852 287 est
885 244 1096 286 frustrata:
1131 241 1353 283 confestim
1381 239 1495 282 enim
1525 239 1576 280 ab
1593 249 1636 281 U.
1655 249 1692 281 C.
1717 248 1792 289 561.

183 307 390 350 Heraclea
417 315 540 362 capta
567 305 742 346 nuntius
763 303 892 352 venit,
916 311 963 343 ut
991 300 1305 358 oppugnatione
1335 298 1574 339 absisteret:
1593 293 1694 366 ix'th'
1720 301 1790 364 19¹b·

183 372 195 390 ⁶
210 366 386 422 aequius
413 379 515 413 esse,
540 363 756 404 Romanos
777 360 944 409 milites,
968 360 1042 415 qui
1071 358 1158 399 acie
1188 357 1458 398 dimicassent
1481 370 1578 396 cum
1592 347 1632 409 eg
1646 345 1731 409 ΓΞΕᾞ,
1749 345 1769 365 a

151 440 170 467 4
184 430 195 447 ⁶
209 423 386 472 Aetolis,
400 421 586 479 praemia
602 419 799 460 victoriae
815 418 994 458 habere.’
1055 415 1121 457 Ita
1136 429 1343 457 recessum
1358 414 1409 454 ab
1432 413 1581 453 Lamia
1593 422 1679 453 dere.

151 496 168 527 5
183 490 257 531 est,
279 490 321 522 et
342 479 603 536 propinquae
629 477 747 518 clade
777 476 890 517 urbis
914 474 1008 532 ipsi,
1030 489 1083 515 ne
1106 473 1209 530 quid
1231 471 1365 513 simile
1387 480 1581 527 pateren-

182 547 262 588 tur,
285 538 534 593 effugerunt.

240 595 404 643 Paucis,
438 595 683 651 priusquam
722 591 930 634 Heraclea
965 598 1197 647 caperetur,
1230 589 1391 637 diebus,
1422 585 1579 635 Aetoli,
1659 580 1726 619 26·

183 653 362 695 concilio
386 652 602 709 Hypatam
623 659 782 700 coacto,
804 650 962 706 legatos
988 649 1041 690 ad
1063 647 1327 689 Antiochum
1349 645 1578 686 miserunt:
1595 637 1788 710 ᾕῗὲἳξοζέω

182 711 294 752 inter
315 726 420 767 quos
441 719 484 751 et
505 710 647 751 Thoas
670 709 796 758 idem,
820 708 893 764 qui
915 716 1050 756 antea,
1074 706 1223 747 missus
1244 713 1318 746 est.
1377 701 1584 744 Mandata
1596 691 1710 753 Αθῖῃο-

184 777 315 818 erant,
339 781 386 809 ut
414 769 466 809 ab
487 783 585 823 rege
614 775 821 822 peterent,
843 765 1040 822 primum,
1064 773 1109 804 ut
1137 763 1240 819 ipse,
1263 761 1416 804 coactis
1444 775 1584 801 rursus
1597 766 1705 797 chum.

184 826 447 868 terrestribus
483 824 784 880 navalibusque
822 823 965 879 copiis,
1004 823 1049 863 in
1087 821 1310 862 Graeciam
1347 818 1581 860 traiiceret:

185 884 354 934 deinde,
377 884 411 924 si
442 899 526 939 qua
556 883 693 939 ipsum
728 889 891 922 teneret
923 896 1000 930 res,
1028 888 1075 920 ut
1107 879 1332 935 pecuniam
1361 884 1403 918 et
1431 875 1588 917 auxilia

186 942 399 983 mitteret:
433 947 444 965 ⁶
458 941 502 982 id
519 955 651 996 quum
673 939 726 980 ad
748 939 1004 994 dignitatem
1020 937 1108 978 eius
1129 936 1343 991 fidemque
1360 934 1585 991 pertinere,

188 1005 200 1023 ‘
216 1014 301 1053 non
323 999 446 1055 prodi
467 999 612 1047 socios,
636 1007 727 1038 tum
749 997 876 1038 etiam
906 995 960 1037 ad
988 994 1323 1035 incolumitatem
1344 992 1476 1048 regni,
1500 1006 1587 1031 non

155 1057 366 1106 6‘sinere,
406 1056 634 1104 Romanos,
673 1054 789 1095 omni
825 1069 925 1094 cura
960 1067 1126 1102 vacuos,
1164 1066 1296 1108 quum
1335 1049 1587 1092 Aetolorum

190 1120 386 1170 ‘gentem
421 1113 697 1161 sustulissent,
728 1112 923 1153 omnibus
955 1110 1086 1167 copiis
1119 1110 1163 1150 in
1190 1109 1338 1150 Asiam
1371 1106 1588 1148 traiicere.'

188 1172 303 1213 Vera
331 1180 462 1220 erant,
486 1186 594 1226 quae
624 1170 899 1211 dicebantur:
934 1184 984 1210 eo
1016 1167 1148 1223 magis
1177 1181 1320 1222 regem
1351 1172 1586 1206 moverunt.

188 1229 338 1285 Itaque
364 1229 408 1269 in
433 1228 671 1284 praesentIa
697 1227 934 1283 pecuniam,
958 1241 1066 1282 quae
1100 1224 1154 1265 ad
1186 1239 1285 1265 usus
1312 1222 1412 1264 belli
1445 1236 1590 1262 neces-

189 1287 294 1328 saria
314 1295 415 1336 erat,
438 1286 585 1342 legatis
607 1284 750 1326 dedit:
785 1284 942 1325 auxilia
973 1282 1183 1324 terrestria
1210 1280 1458 1335 navaIIaque
1482 1279 1591 1320 affir-

189 1344 318 1385 mavit
351 1344 586 1384 missurum.
649 1342 891 1383 Thoantem
920 1356 1053 1382 unum
1083 1355 1137 1381 ex
1165 1339 1312 1395 legatis
1337 1337 1524 1386 retinuit,
1548 1344 1591 1377 et

188 1402 328 1458 ipsum
359 1401 473 1442 haud
504 1400 684 1441 invitum
715 1408 963 1449 morantem,
986 1406 1033 1439 ut
1065 1406 1235 1439 exactor
1266 1410 1462 1453 praesens
1495 1409 1592 1450 pro-

190 1459 412 1501 missorum
433 1459 607 1500 adesset.

251 1518 452 1559 Ceterum
481 1515 691 1557 Heraclea
721 1524 843 1572 capta
872 1516 996 1571 fregit
1024 1514 1194 1556 tandem
1227 1513 1388 1554 animos
1415 1510 1593 1552 Aetolo·
1670 1507 1737 1549 27.

191 1590 311 1616 rum:
345 1584 388 1615 et
417 1583 511 1630 post
540 1589 696 1629 paucos
727 1573 829 1622 dies,
863 1588 990 1628 quam
1023 1572 1076 1612 ad
1107 1571 1266 1612 bellum
1302 1569 1592 1611 renovandum
1606 1564 1716 1596 Aetoli
1732 1565 1773 1595 de

192 1632 526 1686 acciendumque
558 1645 701 1686 regem
734 1630 778 1670 in
806 1630 952 1671 Asiam
985 1629 1185 1670 miserant
1218 1628 1389 1684 legatos,
1421 1626 1593 1667 abiectis
1606 1619 1626 1649 p
1630 1609 1798 1647 aceagunt

193 1689 293 1731 belli
321 1689 515 1738 consiliis,
540 1689 654 1744 pacis
680 1687 889 1744 petendae
918 1696 1102 1728 oratores
1127 1686 1180 1727 ad
1205 1685 1420 1727 consulem
1451 1684 1594 1725 miser-

194 1756 283 1788 unt.
363 1747 481 1794 Quos
517 1746 655 1787 dicere
693 1760 861 1786 exorsos
897 1744 1042 1786 consul
1078 1744 1310 1792 interfatus,
1345 1757 1478 1798 quum
1514 1741 1595 1782 alia

194 1805 272 1845 sibi
303 1803 607 1860 praevertenda
638 1818 726 1844 esse
755 1802 941 1851 dixisset,
971 1801 1108 1842 redire
1131 1801 1348 1858 Hypatam
1379 1815 1463 1849 ρος,
1486 1799 1594 1840 datis

195 1861 362 1903 dierum
383 1861 530 1902 decem
552 1860 739 1910 indutiis,
763 1869 805 1901 et
831 1860 880 1900 L.
897 1859 1071 1900 Valerio
1094 1858 1242 1899 Flacco
1264 1873 1360 1899 cum
1382 1857 1432 1898 iis
1454 1857 1593 1905 misso,

195 1919 340 1960 iussit:
374 1919 426 1967 ei,
449 1934 557 1975 quae
586 1933 728 1959 secum
760 1917 893 1958 acturi
920 1917 1108 1966 fuissent,
1131 1931 1356 1972 exponere,
1380 1924 1423 1955 et
1450 1915 1483 1955 si
1513 1929 1597 1970 qua

196 1976 353 2017 vellent
374 1976 463 2017 alia.
513 1975 729 2032 Hypatam
751 1984 798 2016 ut
819 1984 881 2016 est
901 1983 1088 2023 ventum,
1111 1974 1322 2029 principes
1345 1971 1597 2013 Aetolorum

198 2034 312 2089 apud
337 2033 534 2074 Flaccum
561 2032 787 2074 concilium
815 2032 1067 2080 habuerunt,
1090 2030 1388 2079 consultantes,
1412 2043 1598 2085 quonam

199 2091 411 2147 agendum
452 2090 579 2131 modo
620 2089 733 2146 apud
773 2089 991 2130 consulem
1031 2088 1150 2129 foret.
1235 2087 1315 2129 His
1355 2086 1598 2142 parantibus

199 2148 374 2203 antiqua
393 2147 610 2189 foederum
634 2147 776 2196 ordiri,
796 2146 1027 2201 meritaque
1050 2145 1093 2185 in
1115 2145 1321 2201 populum
1340 2144 1596 2192 Romanum,

202 2206 425 2247 ‘absistere
454 2205 529 2254 iis,’
551 2204 724 2245 Flaccus
756 2204 886 2253 iussit,
922 2209 933 2227 ‘
949 2218 1056 2258 quae
1090 2203 1169 2258 ipsi
1196 2202 1422 2243 violassent
1454 2216 1502 2241 ac
1530 2215 1600 2241 ru-

202 2263 413 2319 ‘pissentz
462 2262 765 2303 confessionem
809 2261 858 2301 iis
894 2260 1041 2316 culpae
1079 2260 1210 2315 magis
1244 2260 1519 2315 profuturam,
1558 2266 1600 2298 et

203 2326 360 2361 ‘totam
392 2320 436 2360 in
467 2335 612 2375 preces
643 2319 875 2359 orationem
904 2332 1078 2358 versam.
1141 2316 1235 2357 Nec
1264 2317 1377 2357 enim
1405 2316 1450 2356 in
1478 2330 1602 2356 causa

205 2378 430 2434 ‘ipsorum,
463 2376 537 2418 sed
572 2377 616 2417 in
652 2375 799 2433 populi
834 2375 1018 2417 Romani
1052 2374 1276 2416 clementia
1309 2389 1428 2430 spem
1458 2372 1602 2414 salutis

204 2543 334 2570 acturus
354 2543 436 2570 esset
451 2543 488 2569 ut
503 2550 522 2569 a
538 2549 570 2569 se
587 2538 743 2568 haberent
767 2537 880 2567 libera·
970 2545 986 2574 5
1011 2537 1093 2576 Ipsi,
1116 2546 1156 2566 ne
1179 2535 1258 2574 quid
1275 2535 1379 2565 simile
1400 2537 1605 2572 paterentur,

205 2585 257 2611 tae
271 2581 433 2612 obsidione
446 2581 532 2611 urbis
543 2581 736 2611 beneficium
754 2579 880 2610 obsessi.
925 2579 1130 2618 effrtyerunt]
1169 2578 1284 2607 Soluta
1310 2576 1460 2605 nimirum
1485 2586 1504 2605 a
1529 2574 1604 2605 Phi-

206 2623 313 2654 CREV.
927 2622 1017 2661 lippo
1048 2620 1223 2651 obsidione.
1274 2619 1337 2649 Sed
1367 2623 1497 2657 tempus
1526 2618 1605 2647 dun-

249 2677 269 2703 4
292 2667 345 2696 Ita
360 2677 514 2697 recessum
531 2667 571 2696 ab
586 2667 700 2695 Lamia
717 2666 779 2703 est]
817 2665 883 2704 Op·
929 2668 1019 2694 taxat
1044 2664 1167 2693 lucrata
1187 2661 1302 2692 Lamia
1326 2665 1384 2698 est,
1401 2659 1512 2700 paucis
1536 2663 1607 2698 post

208 2707 385 2747 pidumqne
418 2708 575 2738 Romanis
608 2708 768 2745 deditum,
799 2708 884 2746 quod
929 2706 1104 2742 mensibus,
1125 2709 1159 2735 ut
1183 2708 1328 2734 narratur
1348 2703 1418 2734 infr.
1438 2702 1560 2732 xxxvii.
1578 2713 1607 2739 4.

208 2751 302 2780 docet
330 2750 432 2779 obiter
458 2750 577 2786 Livius,
600 2750 670 2780 infr.
696 2750 808 2780 xxxix.
835 2758 883 2787 23.
929 2754 961 2779 et
979 2757 1006 2787 5.
1024 2752 1219 2787 expugnata.
1244 2747 1350 2777 CREV.

208 2803 272 2822 non
299 2796 408 2822 tamen
435 2792 555 2822 statim.
579 2792 619 2822 cf.
635 2792 708 2822 infr.
734 2802 781 2833 29.
828 2793 885 2822 At-
979 2791 997 2822 6
1023 2792 1118 2820 Omni
1148 2800 1228 2820 cura
1259 2789 1394 2825 vacuos]
1437 2787 1608 2822 Quantum

209 2845 271 2874 que
298 2845 336 2865 co
363 2834 514 2863 nimirum
541 2835 638 2864 modo
666 2835 758 2865 clade
783 2834 885 2864 Hera·
930 2834 971 2863 ad
989 2833 1200 2870 Antiochum,
1217 2831 1267 2862 vel
1282 2834 1393 2870 gentes
1409 2830 1489 2860 alias
1513 2827 1608 2868 perti-

209 2878 298 2908 cleae
315 2877 466 2907 effectum
483 2880 542 2912 est,
554 2886 594 2906 ne
611 2876 688 2915 quid
704 2877 808 2907 simile
826 2876 885 2907 La·
932 2880 1031 2907 neret.

211 2919 274 2950 mia
292 2922 466 2959 pateretur.
490 2918 596 2950 szv.
