1960 3218
387 496 464 559 T.
525 499 801 563 LIVII
866 500 1387 566 PATAVINI

522 707 569 760 L
599 708 624 759 Ι
655 707 703 759 Β
737 707 783 759 Ε
814 707 863 759 R
930 706 1241 760 XXXVII.

360 1087 684 1132 CORNELIO
728 1086 1031 1138 SCIPIONE,
1077 1088 1126 1130 C.
1151 1087 1297 1130 Laelio
1338 1089 1577 1132 consulibus
1592 1106 1636 1138 n,
1653 1106 1690 1138 C.
1713 1107 1785 1147 56²-

308 1178 326 1197 ,
357 1147 473 1188 nulla
499 1147 612 1202 prius
638 1145 869 1186 seeundum
897 1145 1118 1202 religiones
1145 1155 1236 1188 acta
1264 1146 1307 1187 in
1335 1156 1482 1188 senatu
1511 1164 1576 1190 res
1590 1150 1628 1181 A·
1654 1150 1692 1181 C·
1718 1160 1786 1191 190·

158 1221 171 1241 1
188 1213 261 1254 est,
284 1220 410 1260 quam
432 1204 484 1245 de
507 1203 680 1245 Aetolis.
744 1203 800 1244 Et
828 1203 952 1259 legati
975 1218 1118 1244 eorum
1140 1204 1339 1254 institere,
1363 1206 1462 1270 quia
1481 1206 1574 1247 bre-
1587 1193 1784 1273 ifffiogrisse

185 1277 279 1303 vem
310 1262 567 1303 indutiarum
597 1261 709 1301 diem
740 1260 973 1310 habebant3
1017 1270 1059 1302 et
1089 1262 1140 1302 ab
1172 1261 1222 1303 T.
1251 1261 1466 1313 Quinctio,
1500 1264 1572 1320 qui
1586 1277 1629 1308 lio
1646 1279 1736 1310 Coss.

185 1327 275 1360 tum
305 1320 484 1361 Romam
515 1334 567 1360 ex
593 1318 771 1359 Graecia
795 1318 986 1368 redierat,
1010 1319 1143 1360 adiuti
1173 1328 1282 1361 sunt.
1345 1321 1502 1371 Aetoli,
1526 1330 1572 1362 ut
1586 1332 1693 1363 Aetoli
1711 1333 1754 1363 le-

183 1377 335 1433 quibus
364 1377 457 1434 plus
488 1377 531 1417 in
562 1376 844 1417 misericordia
872 1385 1051 1427 senatus,
1085 1392 1210 1432 quam
1242 1377 1285 1418 in
1316 1393 1450 1428 causa,
1483 1380 1569 1435 spei
1582 1375 1786 1424 gatifinfpcta

183 1445 302 1485 esset,
334 1435 577 1491 suppliciter
607 1443 794 1489 egerunt,
827 1434 1036 1475 veteribus
1072 1435 1299 1476 benefactis
1330 1451 1437 1478 nova
1467 1419 1735 1493 pen-fflgs‘fi'fh‘

182 1502 319 1534 santes
340 1493 553 1534 maleficia.
619 1492 819 1533 Ceterum
842 1501 883 1533 et
909 1501 1147 1548 praesentes
1175 1493 1570 1550 interrogationibus

182 1550 371 1607 undique
402 1560 652 1599 senatorum,
682 1549 985 1591 confessionem
1014 1550 1144 1606 magis
1172 1567 1319 1601 noxae,
1350 1567 1476 1608 quam
1507 1568 1573 1594 re-

182 1624 344 1665 sponsa,
362 1608 702 1664 exprimentium,
721 1607 877 1663 fatigati
902 1616 1011 1657 sunt,
1030 1616 1084 1658 et,
1103 1609 1305 1650 excedere
1323 1610 1438 1651 curia
1458 1610 1570 1661 iussi,

181 1681 380 1723 magnum
409 1675 619 1707 certamen
648 1666 888 1721 praebuere.
951 1665 1053 1707 Plus
1081 1666 1153 1716 ira,
1185 1682 1310 1723 quam
1340 1668 1571 1709 misericor-

181 1724 262 1774 dia,
292 1725 334 1765 in
364 1739 486 1765 causa.
515 1739 660 1765 eorum
687 1722 872 1772 valebat3
905 1724 1004 1779 quia
1028 1739 1114 1764 non
1142 1733 1189 1766 ut
1214 1725 1400 1766 hostibus
1429 1726 1568 1777 modo,

179 1782 254 1823 sed
282 1790 481 1838 tanquam
510 1781 738 1823 indomitae
766 1790 808 1822 et
835 1781 1067 1823 insociabili
1094 1783 1225 1838 genti,
1255 1785 1566 1826 succensebant.

179 1839 262 1881 Per
278 1840 439 1896 aliquot
459 1840 548 1880 dies
565 1855 696 1895 quum
718 1848 920 1880 certatum
943 1848 1062 1889 esset,
1078 1849 1286 1896 postremo
1307 1856 1446 1897 neque
1464 1842 1566 1893 dari,

177 1912 316 1954 neque
350 1897 493 1954 negari
522 1913 667 1953 pacem
699 1896 866 1953 placuit.
930 1897 1053 1939 Duae
1085 1898 1348 1940 conditiones
1378 1900 1428 1940 iis
1460 1900 1565 1941 latae

178 1964 300 1997 sunt:
344 1955 410 1996 vel
440 1955 603 1996 senatui
633 1955 811 1996 liberum
842 1954 1057 1996 arbitrium
1090 1955 1142 1996 de
1176 1972 1218 1997 se
1248 1957 1563 2012 permitterent3

179 2013 243 2053 vel
264 2013 376 2053 mille
406 2013 609 2054 talentum
636 2012 796 2062 darent,
819 2012 1072 2068 eosdemque
1102 2014 1256 2054 amicos
1278 2023 1403 2070 atque
1426 2015 1565 2056 inimi-

177 2085 246 2111 cos
276 2071 488 2111 haberent.
552 2070 799 2126 Exprimere
831 2070 1109 2126 cupientibus,
1142 2087 1318 2126 quarum
1350 2087 1488 2113 rerum
1519 2073 1564 2114 in

177 2143 219 2168 se
241 2128 455 2169 arbitrium
477 2128 637 2169 senatui
659 2128 960 2183 permitterent,
979 2127 1083 2168 nihil
1105 2129 1208 2171 certi
1226 2144 1469 2185 responsum
1486 2140 1559 2172 est.

177 2185 241 2226 Ita
263 2186 415 2227 infecta
435 2201 536 2241 pace
558 2185 729 2234 dimissi,
752 2186 854 2226 urbe
883 2185 1031 2226 eodem
1053 2186 1135 2236 die,
1159 2186 1280 2228 Italia.
1308 2187 1416 2228 intra
1437 2189 1559 2244 quin-

175 2243 311 2284 decim
334 2243 423 2285 dies
444 2242 646 2284 excedere
669 2243 779 2283 iussi.

231 2301 343 2342 Tum
375 2301 427 2342 de
458 2300 677 2341 consulum
707 2301 929 2357 provinciis
960 2310 1154 2357 coeptum
1186 2311 1247 2343 est
1278 2303 1354 2359 agi.
1418 2303 1558 2346 Ambo
1573 2319 1771 2354 Provinciae,

177 2359 398 2401 Graeciam
427 2359 663 2414 cupiebant.
728 2358 914 2398 Multum
944 2359 1111 2400 Laelius
1140 2360 1183 2400 in
1212 2370 1359 2402 senatu
1380 2370 1554 2417 poterat.

174 2416 227 2466 Is,
250 2432 380 2473 quum
402 2425 568 2457 senatus
590 2425 661 2457 aut
682 2416 830 2465 sortiri,
849 2426 921 2457 aut
942 2432 1178 2473 comparare
1196 2418 1305 2459 inter
1325 2434 1367 2459 se
1388 2420 1557 2475 provin-

172 2474 255 2515 cias
280 2475 469 2515 consules
500 2474 693 2522 iussisset,
723 2473 953 2530 elegantius
983 2474 1162 2516 facturos
1189 2475 1309 2526 dixit,
1338 2476 1371 2517 si
1403 2477 1557 2519 iudicio

173 2531 358 2581 Patrum,
382 2547 506 2588 quam
528 2532 562 2572 si
590 2532 702 2581 sorti,
725 2547 814 2573 eam
845 2547 931 2573 rem
958 2533 1252 2588 permisissent.
1319 2533 1470 2591 Scipio,
1493 2551 1557 2576 re-

172 2604 322 2645 sponso
339 2589 391 2630 ad
407 2589 485 2630 hoc
499 2589 608 2638 dato,
629 2596 638 2612 ⁴
652 2590 942 2644 cogitaturum,
959 2590 1061 2646 quid
1078 2591 1155 2632 sibi
1170 2591 1408 2633 faciendum
1424 2594 1556 2643 esset,’

171 2661 266 2687 cum
288 2647 410 2687 fratre
433 2662 517 2687 uno
533 2647 706 2696 locutUS,
724 2647 938 2703 iussusque
961 2649 1012 2689 ab
1029 2664 1078 2689 eo
1095 2649 1335 2704 permittere
1358 2650 1556 2692 audacter

171 2704 346 2752 senatui,
368 2704 580 2745 renuntiat
600 2704 796 2761 collegae,
822 2712 832 2728 ‘
846 2705 1050 2747 facturum
1072 2722 1128 2756 se,
1151 2707 1266 2762 quod
1286 2707 1320 2748 is
1341 2709 1555 2749 censeret.'

220 2861 227 2879 ι
258 2853 387 2881 Brevem
412 2852 610 2881 indutiarum
626 2852 723 2889 diem]
764 2853 838 2881 Dia<
883 2852 954 2881 ‹lam
981 2852 1101 2882 dierum
1130 2863 1262 2882 numero
1291 2857 1459 2891 usurpatur
1482 2852 1552 2884 infr.

171 2894 209 2924 de
236 2894 401 2932 praefinito
425 2898 568 2933 tempore
589 2894 636 2923 vol
661 2898 746 2924 certo
763 2904 837 2933 quo-
883 2895 937 2925 xli.
961 2904 1003 2925 io.
1022 2906 1106 2934 supr.
1125 2895 1163 2926 iv.
1183 2905 1231 2932 30.
1260 2896 1368 2926 lun-zu.
