1960 3218
147 236 192 268 U.
210 237 248 268 C.
272 236 343 277 563.

145 280 185 311 A.
211 280 249 312 C.
275 282 345 322 189.

149 705 194 736 U.
213 706 250 737 C.
274 705 346 745 564.

147 749 188 778 A.
213 749 251 779 C.
279 749 347 779 188.

148 791 196 821 M.
206 791 350 829 Valerio,

147 834 185 864 C.
205 834 298 864 Livio

148 877 238 907 Coss.

148 930 347 961 Provinciae.

214 1389 281 1428 36.

150 1445 333 1477 Exercitus.

358 148 442 187 352
876 141 1026 184 ΤΙΤΙ
1063 125 1245 183 L1v11

358 234 460 275 tolio
495 234 628 275 aurati
662 249 686 274 a
718 233 766 274 P.
790 232 990 274 Cornelio
1025 232 1161 289 positi.
1230 233 1462 274 Consulem
1500 232 1663 274 dedisse
1696 233 1795 278 in-9

357 292 557 348 scriptum
583 300 656 333 est.
708 291 764 333 Et
781 291 1003 332 duodecim
1027 291 1161 346 clipea
1183 300 1326 331 aurata
1348 292 1398 331 ab
1417 290 1620 332 aedilibus
1637 306 1761 332 curu-

357 350 479 399 libus,
496 350 543 391 P.
564 349 746 391 Claudio
764 349 949 390 Pulchro
971 359 1012 389 et
1030 348 1115 389 Ser.
1139 348 1326 404 Sulpicio
1344 348 1492 397 Galba,
1509 358 1605 389 sunt
1627 348 1762 404 posita

358 423 411 448 ex
453 408 645 463 pecunia,
684 423 768 461 qua
803 407 1097 463 frumentarios
1139 407 1192 446 ob
1233 422 1443 446 annonam
1482 421 1760 461 compressam
1779 425 1791 445 1

358 465 624 506 damnarunt.
687 465 743 506 Et
765 463 910 505 aedilis
932 464 1065 519 plebis
1084 463 1136 512 Q.
1155 464 1325 504 Fulvius
1342 464 1515 505 Flaccus
1537 464 1621 504 duo
1643 464 1763 519 signa

359 532 515 573 aurata,
532 539 616 564 uno
638 538 709 564 reo
732 523 944 571 damnato,
964 523 977 573 <
986 537 1080 562 nam
1105 523 1326 577 separatim
1349 525 1665 575 accusaverant)
1686 536 1761 577 po·
1776 539 1792 559 2

359 581 453 622 suit.
527 581 705 635 Collega
741 581 829 621 eius
867 580 920 620 A.
951 579 1161 620 Caecilius
1198 580 1410 620 neminem
1449 579 1793 626 condemnavit.3

361 638 475 679 Ludi
499 639 683 680 Romani
705 647 781 687 ter,
804 637 958 693 plebeii
981 637 1207 692 quinquies
1230 637 1305 677 toti
1328 637 1558 677 instaurati.

420 696 481 738 M.
502 696 697 737 Valerius
720 695 917 736 Messalla
946 694 1044 734 inde
1068 704 1109 734 et
1134 693 1181 734 C.
1204 694 1349 734 Livius
1375 694 1581 735 Salinator
1611 709 1762 735 consu-

361 754 493 795 latum
524 754 669 794 Idibus
699 753 866 793 Martiis
892 767 1023 807 quum
1055 751 1242 801 inissent,
1278 751 1330 792 de
1362 752 1588 807 republica,
1623 752 1760 807 deque

361 812 587 868 provinciis
609 821 651 851 et
673 811 926 851 exercitibus
948 818 1139 850 senatum
1163 809 1473 850 consuluerunt.
1539 809 1606 850 De
1630 810 1762 849 Aeto-

361 870 418 910 lia
448 878 490 910 et
523 869 625 909 Asia
656 867 763 908 nihil
801 877 1007 908 mutatum
1042 876 1114 907 est.
1181 866 1450 916 Consulibus,
1489 866 1606 907 alteri
1638 866 1760 907 Pisae

362 943 459 968 cum
482 927 723 981 Liguribus,
746 925 864 967 alteri
889 924 1028 966 Gallia
1056 924 1272 980 provincia
1299 924 1467 965 decreta
1492 933 1565 966 est.
1632 924 1762 964 Com-

360 1000 505 1041 parare
538 981 648 1025 inter
679 999 735 1032 se,
769 992 840 1024 aut
865 983 1003 1023 sortiri
1032 982 1143 1031 iussi,
1167 990 1210 1023 et
1240 997 1369 1023 novos
1399 982 1619 1030 exercitus,
1642 982 1762 1023 binas

359 1043 560 1097 legiones,
591 1042 783 1090 scribere,
813 1050 856 1082 et
887 1050 934 1081 ut
965 1040 1086 1081 sociis
1119 1040 1263 1080 Latini
1294 1040 1476 1091 nominis
1498 1040 1627 1095 quina
1652 1039 1762 1081 dena

360 1101 491 1142 millia
521 1100 713 1156 peditum
746 1100 1012 1154 imperarent,
1041 1107 1083 1139 et
1116 1097 1229 1138 mille
1267 1110 1309 1138 et
1344 1098 1549 1138 ducentos
1583 1097 1758 1153 equites.

361 1158 583 1200 Messallae
602 1158 793 1213 Ligures,
813 1156 1036 1198 Salinatori
1058 1155 1208 1210 obtigit
1226 1155 1374 1196 Gallia.
1421 1155 1640 1196 Praetores
1661 1155 1760 1196 inde

360 1217 495 1258 sortiti
526 1225 633 1257 sunt.
698 1215 760 1256 M.
781 1214 963 1255 Claudio
986 1214 1157 1262 urbana,
1182 1213 1227 1254 P.
1248 1212 1430 1254 Claudio
1456 1213 1677 1269 peregrina
1697 1213 1759 1253 iu-

359 1274 545 1315 risdictio
577 1273 729 1314 evenit.
804 1272 856 1320 Q.
883 1271 1070 1312 Marcius
1105 1270 1303 1320 Siciliam,
1339 1272 1386 1313 C.
1410 1270 1633 1312 Stertinius
1667 1269 1762 1311 Sar-

360 1332 533 1381 diniam,
556 1331 605 1372 L.
627 1330 815 1371 Manlius
839 1329 1089 1385 Hispaniam
1112 1329 1363 1378 citeriorem,
1389 1328 1439 1378 C.
1461 1328 1633 1369 Atinius
1654 1328 1762 1369 ulte-

360 1390 512 1431 riorem
545 1398 608 1430 est
638 1389 818 1429 sortitus.
882 1387 950 1428 De
978 1386 1231 1427 exercitibus
1262 1386 1319 1427 ita
1349 1386 1528 1440 placuit:
1568 1402 1590 1426 e
1623 1385 1762 1427 Gallia

360 1447 561 1503 legiones,
593 1462 700 1502 quae
733 1446 809 1486 sub
835 1444 884 1486 C.
902 1445 1049 1485 Laelio
1070 1444 1248 1493 fuerant,
1272 1444 1325 1485 ad
1348 1444 1410 1484 M.
1428 1444 1634 1484 Tuccium
1666 1459 1763 1499 pro-

361 1514 596 1562 praetorem
629 1504 672 1544 in
703 1503 891 1544 Bruttios
922 1502 1107 1543 traduci:
1143 1510 1197 1551 et,
1221 1502 1294 1557 qui
1316 1502 1360 1541 in
1385 1501 1527 1542 Sicilia
1555 1510 1674 1550 esset,
1698 1501 1763 1542 di-

362 1563 470 1604 mitti
496 1562 751 1604 exercitum:
787 1569 830 1601 et
850 1560 1037 1609 classem,
1062 1575 1169 1615 quae
1201 1559 1258 1600 ibi
1290 1568 1409 1608 esset,
1434 1559 1614 1600 Romam
1637 1559 1762 1600 redu-

361 1636 454 1662 cere
471 1620 532 1661 M.
553 1619 851 1675 Sempronium
868 1626 1192 1674 propraetorem.
1239 1616 1458 1673 Hispaniis
1474 1616 1661 1673 legiones
1677 1617 1763 1658 sin-

360 1678 498 1733 gulae,
515 1693 622 1734 quae
641 1687 730 1718 tum
748 1677 791 1716 in
809 1676 858 1716 iis
879 1675 1105 1732 provinciis
1123 1683 1253 1724 erant,
1270 1675 1462 1715 decretae
1478 1691 1486 1715 :
1522 1684 1564 1716 et
1581 1684 1628 1715 ut
1645 1683 1763 1716 terna

362 1732 492 1777 millia
527 1735 731 1792 peditum,
767 1734 952 1774 ducenos
989 1733 1154 1788 equites
1187 1733 1310 1773 ambo
1346 1742 1557 1788 praetores
1588 1732 1632 1772 in
1665 1747 1765 1789 sup-

361 1794 623 1850 plementum
667 1792 788 1833 sociis
833 1792 1102 1846 imperarent,
1146 1805 1373 1845 secumque
1419 1798 1759 1846 transportarent.

362 1852 614 1907 Priusquam
646 1850 689 1890 in
720 1849 956 1905 provincias
978 1848 1076 1888 novi
1098 1847 1364 1904 magistratus
1385 1848 1760 1903 proficiscerentur,

361 1909 613 1966 supplicatio
634 1907 679 1948 in
701 1907 886 1948 triduum
910 1921 985 1962 pro
1007 1905 1183 1961 collegio
1206 1905 1538 1947 decemvirorum
1559 1905 1795 1962 imperata4

1085 2097 1126 2127 ad
1160 2097 1339 2136 populum:
1380 2097 1521 2136 populus
1553 2096 1651 2126 iudex
1685 2099 1762 2127 erat.

1088 2140 1205 2178 Itaque
1227 2149 1323 2177 quem
1346 2149 1434 2169 reum
1457 2139 1574 2169 dicitur
1594 2139 1764 2169 damnasse

1088 2183 1130 2218 Q.
1149 2183 1294 2217 Fulvius,
1310 2182 1336 2211 is
1358 2181 1588 2219 intelligendus
1609 2185 1656 2212 est
1677 2192 1695 2211 a
1718 2181 1761 2216 Q.

1088 2225 1204 2255 Fulvio
1235 2224 1331 2255 aedili
1358 2235 1430 2254 reus
1453 2225 1568 2260 factus,
1594 2234 1613 2254 a
1640 2224 1762 2263 populo

1088 2269 1269 2298 damnatus.
1306 2268 1477 2297 Praeterea
1488 2267 1632 2296 solebant
1643 2267 1763 2296 aediles

406 2110 425 2140 9
461 2100 629 2131 Consulem
667 2100 805 2137 dedisse]
859 2098 934 2128 Mos
973 2100 1041 2127 erat

363 2147 507 2173 veterum
533 2142 565 2172 in
590 2142 730 2172 donariis
753 2140 952 2177 dedicandis,
974 2150 1041 2169 mo-

363 2185 567 2215 numentisve
623 2184 847 2215 consecrandis
905 2184 1042 2213 honores

365 2238 444 2267 quos
470 2228 649 2267 gessissent,
677 2227 710 2256 in
740 2227 836 2256 titulo
867 2225 906 2255 iis
935 2225 1042 2256 inscri—

363 2271 470 2301 bendo
509 2280 773 2306 commemorare,
807 2268 953 2308 quamvis
986 2268 1042 2298 ho-

364 2323 458 2343 nores
473 2314 537 2343 iam
555 2313 660 2343 exacti
677 2316 794 2348 essent,
807 2316 842 2341 ut
858 2311 1044 2341 Perizonius

364 2356 397 2385 in
419 2356 590 2386 Animadv.
615 2355 700 2385 Hist.
727 2363 752 2394 7.
777 2354 896 2384 invicte
918 2355 1042 2394 probat.

366 2398 456 2428 Hinc
484 2398 666 2433 Cornelius,
692 2397 769 2427 licet
800 2407 904 2427 annus
932 2407 1043 2427 consu-

366 2441 451 2470 latus
464 2441 510 2471 sui
524 2441 588 2471 iam
602 2441 815 2470 circumactus
827 2446 920 2475 esset,
932 2443 1042 2468 tamen

367 2494 399 2512 sc
416 2485 574 2513 consulem
590 2484 709 2513 dedisse
731 2483 863 2512 titulum
887 2482 972 2511 dono
995 2482 1041 2511 in-

366 2525 502 2564 scripsit.
528 2526 566 2555 cf.
584 2536 669 2564 supr.
686 2525 726 2555 iv.
747 2534 795 2555 20.
814 2528 845 2554 et
863 2533 912 2561 31.

414 2578 424 2597 1
454 2569 500 2598 Ol»
531 2578 694 2597 annonam
724 2567 951 2606 compressmn]
991 2567 1041 2595 Ob

368 2621 586 2649 compressum
614 2613 646 2639 et
676 2612 838 2638 retentum
866 2608 953 2638 domi
981 2609 1043 2637 fru-

367 2657 525 2689 mentum,
543 2650 628 2682 unde
643 2661 771 2681 annona
787 2652 902 2681 arctior
918 2661 955 2680 ae
974 2661 1043 2689 pro-

368 2696 443 2726 inde
460 2695 562 2726 carior
577 2696 663 2724 facta
678 2695 790 2724 t'uerat.
816 2694 921 2724 ΟΜΝ.
969 2693 1044 2723 1100

367 2739 455 2770 haud
485 2748 554 2768 raro
589 2738 711 2767 factum
741 2736 838 2766 fuisse
878 2739 966 2775 patet
1004 2746 1042 2765 cx

368 2782 484 2811 Zonar.
500 2780 551 2811 vii.
570 2790 618 2810 20.
642 2779 686 2818 cf.
705 2778 841 2809 Niebhr.
862 2778 893 2808 ii.
916 2789 947 2809 n.
971 2776 1042 2819 936.

368 2824 439 2855 Cic.
454 2824 495 2853 ad
513 2823 582 2853 Att.
601 2832 627 2853 v.
648 2832 696 2852 21.
715 2831 771 2860 pro
791 2822 887 2851 Dom.
905 2820 934 2851 6.

413 2876 429 2896 2
458 2868 530 2897 Uno
550 2876 603 2896 reo
624 2866 786 2899 danmato,
804 2861 893 2901 (nam
911 2874 1042 2902 separa-

368 2906 695 2948 timaccusaverant)]
710 2906 839 2937 Aediles
848 2906 1044 2937 accusabunt

1088 2311 1184 2340 ambo
1201 2310 1298 2340 simul
1314 2320 1476 2340 accusare.
1515 2309 1580 2339 Hic
1597 2309 1692 2348 igitur
1708 2309 1761 2338 ob-

1089 2357 1193 2383 servat
1219 2352 1339 2390 Livius,
1365 2353 1422 2382 hos
1444 2351 1565 2381 aediles
1588 2351 1760 2390 separatim

1089 2406 1266 2431 accusasse,
1283 2395 1314 2424 id
1337 2399 1396 2430 est,
1413 2404 1475 2423 non
1500 2394 1663 2423 communi
1688 2404 1761 2424 con-

1087 2438 1157 2468 silio
1173 2439 1285 2468 ambos
1300 2437 1413 2466 iisdem
1432 2436 1504 2473 reis,
1517 2437 1570 2466 sed
1588 2436 1688 2466 alium
1705 2436 1762 2467 alii

1087 2480 1172 2510 diem
1189 2481 1229 2510 ad
1249 2480 1405 2518 populum
1419 2479 1545 2508 dixisse.
1568 2480 1674 2510 Cnicv.

1129 2532 1146 2561 3
1172 2523 1339 2553 IVeminem
1367 2521 1604 2559 condemnavit]
1644 2522 1695 2552 Ex
1724 2521 1762 2552 iis

1086 2576 1166 2604 quos
1196 2575 1265 2594 reos
1289 2564 1376 2601 fecit,
1406 2575 1501 2594 nemo
1529 2565 1763 2595 condemnatus

1089 2611 1146 2637 est..
1172 2609 1277 2638 szv.

1132 2661 1151 2687 4
1174 2651 1241 2679 Pro
1263 2651 1390 2688 colle-qia
1411 2651 1677 2688 decemvirorzmz]
1705 2649 1762 2680 Vi-

1089 2693 1183 2722 detur
1207 2692 1269 2722 dici
1298 2692 1493 2731 supplicatio
1521 2693 1680 2732 imperata
1700 2703 1762 2732 pro

1089 2736 1217 2773 rolleyio
1237 2736 1498 2772 decemvirorum,
1520 2735 1552 2765 id
1573 2738 1631 2772 est,
1647 2745 1686 2765 ex
1708 2735 1762 2765 de-

1089 2777 1280 2808 liberatione
1306 2781 1338 2807 et
1368 2778 1454 2808 iussu
1483 2778 1608 2817 collegii
1635 2778 1760 2808 decern-

1089 2820 1239 2854 virorum,
1270 2821 1542 2859 quemadmodum
1577 2820 1642 2850 fere
1676 2830 1761 2859 supr.

1089 2863 1129 2894 iv.
1148 2874 1196 2901 44.
1214 2875 1274 2902 pro
1290 2864 1412 2902 colle’yz'i
1428 2865 1596 2894 sententia.
1623 2863 1728 2893 ΟΜΝ.
