1960 3218
363 139 417 177 84
874 134 1024 177 ΤΙΤΙ
1063 134 1243 177 LIVII

157 231 202 262 U.
220 229 258 262 C·
281 237 352 270 555-
365 224 566 267 Philoclis
586 224 795 281 proditam
818 225 966 266 urbem
985 225 1027 266 vi
1048 226 1099 267 ab
1121 241 1171 267 eo
1196 226 1330 267 teneri
1352 234 1570 282 argueret3
1603 225 1686 277 ille,
1708 226 1761 268 ab

158 275 197 305 A.
221 274 259 305 C.
285 281 354 314 ¹97·
366 283 466 340 ipsis
483 283 665 339 Argivis,
681 291 728 324 ut
749 298 791 324 se
814 282 1073 333 defenderet,
1086 283 1282 325 accitum.
1349 283 1612 325 Concionem
1635 285 1763 340 Argi-

366 356 514 383 vorum
530 356 604 382 rex
625 340 873 397 postulabat,
897 349 944 382 ut
965 341 1009 381 id
1029 341 1124 382 sciri
1146 350 1296 397 posset.
1360 341 1454 382 Nec
1468 351 1669 398 tyrannus
1690 342 1763 383 ab·

366 414 520 441 nuere:
554 398 641 448 sed,
657 398 849 440 deductis
870 413 923 439 ex
945 399 1046 440 urbe
1068 399 1298 455 praesidiis,
1313 398 1486 440 liberam
1501 399 1761 448 concionem,

366 473 454 499 non
490 456 693 497 immixtis
729 455 1088 506 Lacedaemoniis,
1126 456 1441 506 declaraturam,
1475 457 1581 513 quid
1613 456 1794 513 Argivi6

366 514 538 565 vellent,
570 514 759 571 praeberi
795 513 949 555 debere
986 514 1154 555 dicebat
1186 529 1272 555 rex.
1335 514 1562 572 Tyrannus
1594 515 1763 571 negavit

368 573 662 614 deducturum.
727 570 847 613 Haec
875 571 1122 628 disceptatio
1143 572 1232 613 sine
1255 572 1372 614 exitu
1392 572 1481 614 fuit.
1546 572 1614 614 De
1636 572 1765 614 collo-

369 631 470 687 quio
511 630 752 679 discessum,
787 630 995 671 sexcentis
1033 629 1308 671 Cretensibus
1349 631 1400 671 ab
1437 639 1616 687 tyranno
1656 630 1764 671 datis

370 688 580 738 Romano,
598 687 857 743 indutiisque
875 687 986 729 inter
1002 687 1289 729 Nicostratum
1312 697 1546 744 praetorem
1569 687 1765 729 Achaeo-

369 761 463 788 rum
496 754 540 787 et
572 745 1006 787 Lacedaemoniorum
1039 754 1265 803 tyrannum
1295 746 1339 787 in
1372 755 1570 802 quattuor
1600 760 1765 787 menses

369 804 500 846 factis.

428 861 535 903 Inde
561 861 788 909 Quinctius
812 861 1069 903 Corinthum
1097 870 1160 904 est
1186 862 1421 918 profectus:
1455 870 1498 904 et
1526 862 1580 904 ad
1600 870 1765 919 portam

369 935 467 961 cum
511 918 781 961 Cretensium
822 920 993 960 cohorte
1034 920 1219 969 accessit,
1254 929 1301 961 ut
1342 920 1521 962 Philocli
1584 920 1764 962 raefecto

369 977 484 1019 urbis
512 985 742 1033 appareret,
766 986 993 1033 tyrannum
1021 993 1045 1018 a
1072 977 1273 1034 Philippo
1301 977 1491 1019 descisse.
1593 978 1766 1019 hiloeles

370 1043 412 1076 et
442 1035 531 1091 ipse
565 1034 619 1076 ad
653 1034 949 1091 imperatorem
988 1034 1231 1076 Romanum
1261 1035 1306 1076 in
1337 1035 1595 1092 colloquium
1625 1036 1762 1077 venit:

370 1092 653 1148 hortantique,
677 1103 724 1133 ut
749 1092 964 1149 extemplo
993 1094 1199 1143 transiret,
1222 1094 1454 1150 urbemque
1484 1093 1678 1144 traderet,
1707 1093 1767 1134 ita

370 1150 599 1207 respondit,
622 1159 669 1191 ut
690 1150 897 1192 distulisse
914 1165 1003 1191 rem
1025 1151 1168 1207 magis,
1191 1166 1318 1207 quam
1340 1166 1526 1208 negasse,
1541 1151 1763 1193 videretur.

372 1208 415 1249 A
439 1208 648 1250 Corintho
666 1207 892 1257 Quinctius
915 1208 1165 1266 Anticyram
1188 1209 1372 1251 traiecit:
1406 1209 1505 1250 inde
1527 1209 1696 1251 fratrem
1713 1208 1768 1250 ad

373 1266 617 1308 tentandam
648 1266 922 1307 Acarnanum
952 1276 1124 1322 gentem
1160 1267 1283 1308 misit.
1346 1267 1516 1308 Attalus
1551 1267 1602 1308 ab
1639 1267 1767 1323 Argis

375 1323 599 1381 Sicyonem
621 1333 684 1365 est
703 1324 925 1380 profectus.
988 1324 1054 1366 Ibi
1071 1333 1114 1365 et
1134 1324 1279 1366 civitas
1300 1324 1419 1366 novis
1440 1325 1669 1366 honoribus
1690 1340 1762 1366 ve-

372 1391 481 1423 teres
503 1382 611 1438 regis
632 1382 812 1423 honores
833 1382 973 1423 auxit:
1008 1391 1050 1423 et
1072 1397 1146 1423 rex
1168 1382 1220 1423 ad
1242 1381 1298 1432 id,
1314 1382 1430 1438 quod
1450 1397 1613 1423 sacrum
1632 1381 1767 1439 Apol·
1782 1399 1800 1432 7

371 1439 468 1481 linis
498 1455 644 1496 agrum
675 1439 825 1496 grandi
850 1439 1063 1495 quondam
1096 1440 1276 1496 pecunia
1304 1440 1540 1481 redemerat
1570 1440 1642 1489 iis3
1677 1449 1768 1481 tum

372 1513 557 1554 quoque,
584 1513 637 1538 ne
669 1498 758 1538 sine
791 1497 932 1554 aliqua
962 1497 1252 1539 munificentia
1281 1498 1525 1554 praeteriret
1555 1498 1768 1539 civitatem

374 1555 528 1597 sociam
550 1564 676 1611 atque
699 1555 889 1604 amicam,
913 1555 1060 1597 decem
1083 1555 1240 1597 talenta
1259 1556 1422 1611 argenti
1443 1555 1555 1597 dono
1576 1555 1707 1605 dedit,
1726 1563 1769 1597 et

378 1612 526 1655 decem
553 1613 684 1654 millia
710 1612 973 1654 medimnum
999 1613 1211 1654 frumenti.
1275 1614 1421 1669 Atque
1447 1613 1504 1655 ita
1528 1613 1771 1655 Cenchreas

164 1681 258 1711 Uxor
276 1682 346 1712 Na·
377 1670 431 1712 ad
452 1686 578 1712 naves
599 1670 734 1712 rediit.
798 1670 855 1712 Et
883 1669 1030 1721 Nabis,
1052 1671 1217 1712 firmato
1244 1671 1452 1727 praesidio
1474 1671 1614 1727 Argis,
1637 1671 1801 1717 Lace-8

161 1724 246 1787 aidis
263 1725 354 1797 Alrgi-
377 1729 627 1770 daemonem
648 1743 870 1784 regressus,
886 1744 1018 1784 quum
1039 1729 1128 1785 ipse
1150 1728 1258 1769 viros
1278 1728 1505 1786 spoliasset,
1528 1729 1582 1770 ad
1594 1729 1770 1770 feminas

162 1777 218 1798 was
233 1777 270 1807 sp
273 1778 291 1797 ⁰
307 1772 361 1800 Μ’
374 1786 613 1843 spoliandas
633 1801 807 1827 uxorem
836 1786 974 1842 Argos
995 1786 1164 1828 remisit.
1230 1786 1295 1828 Ea
1315 1801 1429 1828 nunc
1451 1786 1635 1842 singulas
1654 1786 1801 1835 illus-9

374 1852 468 1893 tres,
492 1859 605 1885 nunc
627 1843 750 1884 simul
771 1843 910 1899 plures
937 1859 1092 1900 genere
1119 1844 1229 1885 inter
1249 1859 1292 1885 se
1320 1844 1483 1885 iunctas
1511 1844 1684 1885 domum
1706 1859 1771 1886 ar-

372 1901 586 1950 cessendo,
609 1900 952 1958 blandiendoque
975 1916 1022 1942 ac
1044 1901 1257 1951 minando,
1280 1917 1367 1943 non
1388 1917 1537 1942 aurum
1558 1901 1684 1943 modo
1705 1902 1768 1952 iis,

372 1958 448 2058 {ed
474 1967 686 2057 posdtremo
713 1968 871 2000 vestem
899 1974 1069 2015 quoque
1101 1958 1394 2016 mundumque
1423 1975 1592 2001 omnem
1621 1959 1770 2001 mulie-

401 2031 490 2058 rem
511 2032 534 2057 a
567 2025 680 2058 emit.

415 2121 435 2153 6
457 2123 535 2153 Non
550 2123 702 2153 immixtis
717 2123 990 2161 Lacedaemoniis,
1001 2124 1051 2154 de·
1095 2122 1129 2154 in
1145 2123 1252 2163 Agric.
1272 2132 1319 2163 14.
1335 2124 1483 2155 Sabae-tis
1498 2125 1694 2162 nationibus,
1707 2124 1771 2164 fir-

372 2166 589 2203 claraturam]
620 2165 698 2195 Non
714 2165 961 2202 declaraturam,
974 2165 1052 2204 quid
1095 2168 1251 2206 malisque
1262 2167 1446 2207 praesidiis.
1471 2167 1577 2198 CREV.

374 2207 483 2247 Argivi
511 2208 643 2245 vellent,
664 2207 820 2247 quamdiu
843 2208 985 2238 immixti
1006 2209 1051 2239 fo·
1138 2218 1158 2250 9
1185 2210 1338 2247 Uaeorem]
1376 2210 1521 2249 Apegam
1542 2208 1691 2239 nomine:
1717 2218 1770 2239 cu-

374 2254 445 2281 rent.
461 2250 723 2281 Lacedaemonii.
748 2251 854 2281 CREv.
1096 2251 1145 2281 ius
1161 2256 1193 2282 et
1209 2251 1418 2282 simulacrum
1435 2251 1613 2282 cruciandis
1633 2250 1770 2281 homini-

419 2300 436 2332 7
459 2294 514 2323 Ad
534 2294 578 2330 id,
600 2294 699 2333 quod]
737 2293 869 2323 Praeter
894 2292 927 2323 id
954 2293 1051 2332 quod,
1096 2294 1155 2324 bus
1170 2294 1400 2334 excogitatum,
1411 2298 1444 2324 et
1458 2295 1627 2324 admotum
1643 2293 1771 2333 saepius

376 2339 600 2375 praeterquam
617 2336 711 2375 quod.
736 2335 842 2366 szv.
1093 2346 1115 2366 a
1144 2340 1280 2377 tyranno
1311 2336 1462 2368 describit
1494 2337 1611 2377 Polyb.
1643 2336 1708 2367 xiii.
1742 2343 1769 2375 7.

417 2378 437 2407 8
454 2379 599 2409 Firmato
611 2376 790 2417 praesidio]
816 2378 926 2408 Firmo
939 2377 1051 2408 relicto
1095 2379 1203 2411 ΟΜΝ.

377 2421 426 2451 vel
450 2421 608 2451 collocato
632 2420 799 2460 praesidio.
846 2421 898 2452 Sic
917 2420 1050 2452 Tacitus
