1960 3218
359 107 412 145 26
878 103 1025 146 TITI
1063 103 1240 146 LIVII

152 206 195 238 U.
213 206 251 237 C.
274 214 344 245 552.
360 199 370 216 ⁶
384 194 595 236 levitatem
609 194 758 244 dicam,
774 194 992 236 mavultis?
1023 195 1108 250 qui,
1123 210 1253 251 quum
1267 194 1413 251 legatis
1425 195 1568 236 vestris
1582 194 1742 237 Romae

151 250 189 280 A.
214 250 252 281 C.
275 259 344 280 ²00·
360 257 371 275 ⁶
387 252 630 309 responderi
651 253 708 293 ita
733 252 957 302 iussissent,
984 252 1101 301 Quid
1122 252 1174 294 ad
1196 268 1270 294 nos
1290 253 1453 302 venitis,
1476 252 1632 302 Aetoli,
1654 253 1743 293 sine

362 315 565 367 ‘quorum
595 310 837 352 auctoritate
867 326 1013 366 pacem
1044 326 1139 352 cum
1170 311 1367 367 Philippo
1397 310 1582 352 fecistis?
1617 309 1745 351 iidem

362 373 373 391 ⁶
386 384 512 419 nunc,
535 376 582 409 ut
600 368 757 409 bellum
778 383 918 410 secum
939 368 1133 409 adversus
1154 368 1397 425 Philippum
1418 369 1581 424 geratiS,
1603 376 1746 424 postu-

362 431 374 449 ⁶
390 426 488 468 lant.
552 425 608 467 Et
629 435 751 467 antea
771 435 941 482 propter
961 442 1045 475 VOS,
1063 435 1105 467 et
1125 442 1200 482 pro
1221 427 1336 468 vobis
1357 441 1470 467 arma
1490 435 1654 481 sumpta
1674 424 1746 466 ad·
1761 442 1777 463 2

363 489 375 507 ⁶
390 499 531 526 versus
553 499 648 525 eum
675 484 922 525 simulabant
937 500 947 533 3
981 500 1093 525 nunc
1118 500 1189 525 vos
1214 485 1254 524 in
1278 500 1379 539 pace
1405 499 1492 525 esse
1521 499 1617 524 cum
1645 482 1747 524 Phi-

365 542 507 598 ‘lippo
538 541 772 598 prohibent.
836 541 1054 583 Messanae
1088 550 1134 583 ut
1169 542 1323 583 auxilio
1356 550 1504 591 essent,
1536 541 1672 597 primo
1702 540 1748 581 in

365 599 576 641 ‘Siciliam
604 599 972 641 transcenderunt:
1016 600 1179 650 iterum,
1210 608 1256 641 ut
1289 599 1510 656 Syracusas
1535 613 1747 655 oppressas

365 658 440 699 ‘ab
469 656 883 712 Carthaginiensibus
908 658 952 698 in
979 657 1212 699 libertatem
1241 658 1484 698 eximerent.
1548 657 1604 698 Et
1632 656 1748 697 Mes-

365 720 543 764 ⁶sanam,
566 723 607 755 et
636 714 868 771 Syracusas,
892 724 933 756 et
958 724 1087 756 totam
1119 715 1300 757 Siciliam
1326 715 1404 771 ipsi
1429 715 1597 764 habent,
1619 714 1749 755 vecti-

365 773 607 828 ⁶galemque
638 773 894 828 provinciam
925 774 1137 814 securibus
1173 782 1216 814 et
1249 773 1427 814 fascibus
1467 773 1745 814 subiecerunt.

366 836 376 853 ⁶
394 830 573 880 Scilicet,
596 830 701 871 sicut
721 845 792 872 vos
819 830 1028 887 Naupacti
1049 831 1209 887 legibus
1229 831 1373 872 vestris
1394 846 1468 887 per
1488 831 1748 887 magistratus
1763 841 1780 872 3

366 894 378 911 ⁶
393 904 417 929 a
437 888 551 929 vobis
567 897 724 929 creatos
741 888 963 929 concilium
979 888 1152 938 habetis,
1167 889 1325 930 socium
1341 888 1588 945 hostemque
1604 888 1746 938 libere,

367 951 517 1002 ‘quem
549 945 695 995 velitis,
727 945 888 995 lecturi,
920 961 1066 1002 pacem
1096 962 1143 987 ac
1177 946 1335 987 bellum
1365 946 1532 987 arbitrio
1566 945 1750 987 habituri

367 1009 378 1027 ⁶
393 1012 549 1052 vestr03
583 1003 640 1043 sic
660 1002 893 1044 Siculorum
907 1003 1154 1052 civitatibus,
1177 1003 1398 1061 Syracusas
1411 1012 1482 1045 aut
1495 1003 1748 1052 Messanam,

367 1067 466 1102 ‘aut
498 1060 747 1117 Lilybaeum
782 1061 981 1102 indicitur
1020 1061 1256 1103 concilium.
1318 1061 1492 1102 Praetor
1533 1061 1750 1103 Romanus

367 1124 622 1160 ‘conventus
647 1119 754 1175 agit:
793 1134 842 1160 eo
872 1119 1048 1174 imperio
1079 1119 1239 1161 evocati
1263 1119 1545 1161 conveniunt:
1585 1118 1750 1160 excelso

367 1177 435 1217 ‘in
466 1185 663 1232 suggestu
693 1177 870 1232 superba
898 1177 987 1217 iura
1016 1177 1276 1227 reddentem,
1308 1177 1506 1233 stipatum
1536 1176 1751 1218 lictoribus

368 1234 559 1283 ‘vident3
601 1234 738 1289 virgae
779 1242 907 1290 tergo,
949 1250 1112 1276 secures
1151 1234 1379 1276 cervicibus
1419 1234 1665 1275 imminent:
1709 1242 1752 1274 et

368 1291 614 1347 ‘quotannIS
642 1292 769 1333 alium
797 1301 920 1347 atque
952 1292 1079 1333 alium
1106 1292 1323 1333 dominum
1354 1293 1593 1333 sortiuntur.
1657 1291 1751 1333 Nee

368 1355 380 1372 ⁶
393 1349 437 1390 id
450 1349 589 1390 mirari
606 1349 773 1399 debent,
793 1359 863 1391 aut
878 1360 1062 1406 possunt,
1078 1365 1207 1406 quum
1226 1349 1369 1391 Italiae
1384 1350 1505 1391 urbes
1523 1349 1750 1405 Rhegium,

368 1413 380 1430 ⁶
397 1407 640 1457 Tarentum,
665 1408 866 1463 Capuam,
889 1423 941 1449 ne
964 1408 1160 1449 finitimas
1181 1408 1406 1458 nominem,
1425 1423 1601 1464 quarum
1622 1406 1752 1448 ruinis

369 1471 379 1488 ⁶
394 1465 523 1506 crevit
562 1466 659 1506 urbs
700 1465 904 1515 Romana,
942 1465 1080 1506 eidem
1113 1466 1316 1507 subiectas
1357 1466 1527 1507 videant
1561 1465 1748 1522 imperio.

370 1529 381 1545 ⁶
400 1522 547 1578 Capua
568 1523 751 1579 quidem,
775 1523 1010 1579 sepulcrum
1039 1539 1085 1564 ac
1107 1532 1427 1565 monumentum
1451 1523 1658 1579 Campani
1678 1538 1753 1579 po-

370 1580 494 1636 ⁶puli,
527 1580 634 1622 clato
668 1590 709 1622 et
740 1581 893 1622 extorri
925 1582 1057 1622 eiecto
1087 1581 1176 1638 ipso
1206 1581 1374 1637 populo,
1407 1590 1616 1637 superest3
1655 1581 1785 1626 urbs4

370 1644 382 1660 ⁶
399 1647 556 1688 trunca,
579 1639 666 1679 sine
695 1647 854 1688 senatu,
877 1639 965 1680 sine
995 1639 1130 1695 plebe,
1157 1639 1245 1680 sine
1272 1639 1589 1695 magistratibus,
1612 1637 1753 1695 prodi-

371 1696 536 1750 ⁶gium3
568 1696 712 1737 relicta
742 1696 950 1738 crudelius
979 1697 1217 1747 habitanda,
1248 1712 1372 1753 quam
1404 1697 1438 1738 si
1469 1696 1608 1738 deleta
1634 1696 1750 1738 foret.

371 1758 382 1776 ⁶
399 1753 530 1794 Furor
551 1763 624 1803 est,
647 1754 680 1794 si
708 1754 965 1810 alienigenae
994 1754 1197 1804 homines,
1219 1754 1312 1811 plus
1341 1754 1484 1811 lingua
1508 1764 1550 1795 et
1570 1754 1754 1795 moribus

372 1816 382 1833 ⁶
397 1820 438 1852 ct
465 1811 638 1867 legibus,
662 1827 787 1867 quam
814 1812 936 1853 maris
965 1822 1251 1868 terrarumque
1279 1813 1425 1868 spatio,
1448 1812 1627 1861 discreti,
1650 1811 1753 1852 haec

372 1874 382 1891 ⁶
402 1869 625 1919 tenuerint,
668 1884 845 1925 sperare,
886 1870 1111 1925 quicquam
1158 1870 1308 1911 eodem
1348 1880 1457 1912 statu
1497 1884 1751 1910 mansurum.

372 1932 383 1949 ⁶
400 1926 585 1983 Philippi
607 1942 782 1983 regnum
811 1928 973 1969 officere
995 1927 1154 1984 aliquid
1175 1928 1340 1969 videtur
1367 1928 1548 1969 libertati
1567 1937 1751 1969 vestrae:

373 1984 481 2039 ⁶qui,
515 2000 645 2041 quum
677 1985 823 2026 merito
855 1994 989 2026 vestro
1020 1986 1135 2027 vobis
1166 1986 1337 2026 infestus
1373 1994 1491 2036 esset,
1524 1994 1566 2026 et
1595 1984 1702 2026 nihil
1731 2000 1756 2026 a

373 2042 512 2083 ‘vobis
553 2042 670 2092 ultra,
708 2059 833 2098 quam
870 2059 1028 2099 pacem,
1064 2044 1197 2099 petiit,
1231 2043 1444 2100 fidemque
1484 2042 1609 2084 hodie
1642 2042 1756 2099 pacis

374 2105 384 2122 ⁶
400 2109 543 2155 pactae
565 2100 803 2142 desiderat?
834 2100 1093 2142 Assuefaeite
1115 2101 1179 2142 his
1201 2101 1318 2142 terris
1338 2101 1522 2158 legiones
1550 2110 1754 2150 externaS,

374 2164 439 2198 ‘et
459 2158 603 2213 iugum
633 2159 833 2214 aecipite:
868 2174 958 2200 sero
985 2175 1032 2200 ae
1060 2159 1354 2215 nequicquam,
1378 2175 1509 2215 quum
1537 2159 1755 2200 dominum

373 2220 383 2237 ⁶
400 2215 637 2256 Romanum
660 2216 876 2265 habebitis,
899 2217 1057 2257 socium
1078 2217 1322 2273 Philippum
1343 2216 1560 2272 quaeretis.
1622 2216 1755 2256 Aeto-

373 2278 383 2295 ⁶
402 2272 472 2322 los,
516 2272 769 2323 Acarnanas,
812 2273 1080 2323 Macedonas,
1118 2274 1305 2314 eiusdem
1344 2275 1509 2328 linguae
1550 2273 1753 2323 homines,

374 2335 384 2352 ⁶
401 2330 510 2371 leves
531 2331 583 2371 ad
606 2339 771 2386 tempus
799 2341 911 2372 ortae
934 2346 1079 2372 causae
1108 2331 1352 2387 disiungunt
1379 2328 1750 2386 ceniunguntque:

375 2393 384 2410 ⁶
402 2403 497 2427 cum
526 2387 781 2444 alienigenis,
805 2404 899 2429 eum
922 2389 1101 2429 barbaris
1130 2397 1344 2429 aeternum
1366 2389 1558 2429 omnibus
1582 2388 1755 2429 Graecis

375 2450 385 2467 ⁶
399 2444 553 2485 bellum
577 2454 650 2495 est,
668 2446 841 2501 eritque.
905 2446 1068 2487 Natura.
1087 2447 1211 2496 enim,
1231 2461 1336 2502 quae
1357 2456 1560 2502 perpetua
1580 2454 1654 2495 est,
1669 2460 1756 2487 non

375 2502 665 2543 ‘mutabilibus
683 2504 723 2542 in
747 2503 858 2544 diem
880 2504 1024 2552 causis,
1040 2504 1176 2544 hostes
1197 2513 1304 2544 sunt.
1371 2503 1465 2552 Sed,
1484 2503 1596 2544 unde
1618 2503 1756 2559 coepit

375 2560 528 2601 ‘oratio
550 2575 653 2609 mea,
676 2560 732 2601 ibi
761 2561 934 2602 desinet.
999 2560 1093 2602 Hoc
1118 2561 1265 2602 eodem
1295 2561 1386 2602 loeo
1414 2561 1539 2602 iidem
1565 2561 1755 2603 homines

422 2744 433 2763 2
459 2736 597 2773 Pwpter
612 2745 675 2771 ros,
691 2739 721 2765 ct
734 2746 794 2773 pro
812 2737 911 2773 robis]
940 2736 992 2766 Ita
1009 2742 1041 2766 ut
1088 2738 1143 2767 lud
1164 2738 1301 2777 Virgilii,
1317 2740 1442 2770 Scilicet
1465 2741 1492 2769 is
1512 2741 1645 2780 Superis
1668 2742 1756 2771 labor

376 2780 477 2806 vestra
493 2777 633 2807 defensio
649 2777 712 2806 illis
732 2781 762 2807 et
783 2788 877 2808 eausa
901 2779 976 2808 belli
998 2791 1041 2809 es·
1086 2785 1140 2810 esi.
1166 2782 1270 2811 Cui-:xx

375 2823 432 2854 set,
448 2823 479 2849 et
498 2819 575 2849 finis.
601 2820 704 2851 Cuiw.
1129 2835 1146 2860 4
1174 2825 1282 2861 Elam]
1314 2824 1408 2854 Hanc
1433 2835 1541 2855 vocem
1567 2825 1693 2866 proprie
1715 2826 1754 2856 de

420 2871 436 2901 3
459 2863 599 2900 Scilicet]
638 2862 761 2894 lronice
783 2863 923 2894 dietum:
956 2868 989 2895 ut
1006 2864 1040 2895 il<
1086 2865 1249 2897 funeribus
1267 2866 1328 2897 dici
1346 2867 1421 2897 satis
1437 2872 1569 2899 constat.
