1960 3218
620 141 746 183 LIB.
781 140 877 181 XL.
927 139 1073 181 CAP.
1108 142 1175 182 57,
1512 145 1592 183 481

203 249 334 291 quum
360 243 460 283 erat,
483 233 527 274 id
554 232 737 281 studere,
763 246 816 272 ne
842 246 966 288 super
996 232 1290 288 impunitatem
1321 233 1447 273 etiam
1472 247 1592 289 prae·
1608 245 1649 278 U.
1667 246 1706 278 C.
1729 254 1804 286 573:

202 292 286 333 mio
307 292 471 333 sceleris
491 291 708 332 frueretur,
769 289 1038 345 Antigonum
1064 289 1194 345 igitur
1217 289 1425 346 appellat3
1459 291 1527 332 cui
1548 300 1591 333 et
1603 289 1643 320 A.
1668 290 1707 338 9·
1731 298 1801 330 ¹79·

201 350 338 406 palam
367 350 465 391 facti
495 347 705 405 parricidii
735 347 868 403 gratia
895 347 1100 388 obnoxius
1131 356 1231 397 erat,
1254 363 1394 404 neque
1425 349 1590 405 puden·
1601 332 1744 415 ἓξὲξ
1747 342 1766 362 ⁰

201 407 303 449 dum
334 417 406 449 aut
435 405 739 463 poenitendum
770 420 866 445 eum
898 420 1039 460 regem
1072 404 1392 456 Macedonibus,
1418 416 1780 464 propterrelinquere

200 475 413 507 recentem
434 463 571 521 patrui
588 462 794 519 Antigoni
815 462 1002 518 gloriam,
1020 462 1107 503 fore
1124 464 1331 504 censebat.
1376 470 1387 487 ‘
1404 464 1589 513 Quando
1600 461 1690 534 1⁰91)st
1707 460 1783 492 Phi-

202 528 214 546 ‘
226 524 271 563 in
292 538 384 564 eam
404 522 613 563 fortunam
634 521 757 570 veni,’
777 520 928 576 inquit,
953 526 964 544 ‘
978 520 1209 576 Antigone,
1227 529 1274 562 ut
1295 521 1448 563 orbitas
1468 522 1587 573 mihi,
1612 514 1645 544 Ψ
1649 515 1669 544 p
1672 514 1719 536 us.

202 585 351 636 ‘quam
392 579 462 620 alii
503 579 763 621 detestantur
800 585 1007 634 parenteS,
1045 578 1238 634 optabilis
1279 593 1366 619 esse
1407 579 1585 630 debeat3

202 643 414 695 ‘regnum,
437 638 553 693 quod
583 653 607 678 a
636 646 785 693 patruo
811 645 883 677 tuo
910 636 1019 686 forti,
1041 651 1128 677 non
1149 636 1284 677 solum
1305 636 1434 687 fideli,
1458 638 1590 680 tutela

202 696 314 738 ‘eius
335 696 591 737 custoditum
612 704 655 736 et
681 703 850 736 auctum
871 694 997 735 etiam
1019 694 1174 750 accepi,
1196 694 1240 734 id
1262 694 1337 735 tibi
1359 694 1521 736 tradere
1542 695 1588 737 in

201 754 366 795 ‘animo
391 762 464 795 est.
527 753 591 794 Te
619 767 752 794 unum
781 751 928 802 habeo,
952 767 1079 807 quem
1110 752 1286 807 dignum
1317 767 1447 808 regno
1477 753 1589 794 iudi-

198 816 211 835 ‘
225 827 329 853 cem.
395 811 439 853 Si
469 811 682 852 neminem
714 810 924 859 haberem,
946 810 1080 866 perire
1109 820 1152 851 et
1177 810 1388 866 exstingui
1413 810 1458 852 id
1485 811 1589 852 mal-

201 869 320 918 ‘lem,
343 884 470 925 quam
491 868 646 910 Perseo
667 867 862 909 scelestae
889 867 1046 908 fraudis
1075 868 1309 923 praemium
1334 883 1434 910 esse.
1498 869 1588 911 De-

200 932 212 951 ‘
224 927 420 968 metrium
441 927 671 968 excitatum
692 926 743 967 ab
764 925 907 966 inferis
933 926 1257 981 restitutumque
1279 926 1447 967 credam
1469 927 1587 978 mihi,

200 984 257 1025 ‘si
289 993 344 1033 te,
373 985 446 1041 qui
477 984 601 1025 morti
631 983 880 1033 innocentis,
902 983 976 1039 qui
1006 998 1100 1025 meo
1131 983 1288 1024 infelici
1318 985 1447 1026 errori
1477 1000 1587 1026 unus

199 1042 490 1092 ‘illacrimasti,
522 1043 566 1083 in
598 1042 738 1083 locum
770 1041 859 1082 eius
890 1041 1162 1083 substitutum
1193 1041 1455 1098 relinquam.’
1515 1043 1586 1084 Ab

196 1100 277 1142 hoe
297 1115 487 1142 sermone
509 1100 624 1141 omni
654 1115 807 1156 genere
837 1099 1008 1140 honoris
1034 1099 1266 1156 producere
1288 1115 1385 1141 eum
1406 1116 1492 1142 non
1513 1100 1588 1142 de-

195 1158 313 1199 stitit.
379 1157 524 1207 Quum
555 1159 599 1198 in
632 1157 813 1199 Thracia
839 1156 1017 1198 Perseus
1049 1158 1223 1208 abesset,
1246 1158 1464 1200 circumire
1491 1158 1587 1200 Ma-

196 1215 396 1257 cedoniae
428 1217 564 1265 urbes,
595 1215 938 1272 principibusque
965 1215 1231 1272 Antigonum
1261 1216 1583 1258 commendare:

196 1282 252 1323 et,
274 1273 308 1314 si
329 1274 414 1315 vita
438 1273 602 1329 longior
631 1273 894 1329 suppetisset,
917 1272 1032 1314 haud
1052 1273 1228 1314 dubium
1249 1274 1341 1323 fuit,
1363 1275 1467 1330 quin
1489 1289 1586 1316 eum

195 1331 241 1371 in
260 1331 519 1386 possessione
540 1331 659 1386 regni
680 1330 900 1371 relicturus
919 1331 1055 1372 fuerit.
1109 1332 1179 1373 Ab
1197 1331 1470 1373 Demetriade
1491 1348 1588 1389 pro-

193 1388 341 1438 fectus,
374 1387 695 1429 Thessalonicae
727 1387 955 1444 plurimum
992 1389 1190 1444 temporis
1223 1398 1407 1431 moratus
1436 1390 1584 1432 fuerat.

196 1445 303 1487 Inde
325 1461 458 1502 quum
480 1444 773 1502 Amphipolim
794 1445 987 1495 venisset,
1010 1446 1126 1501 gravi
1157 1448 1302 1488 morbo
1324 1456 1386 1488 est
1406 1447 1587 1504 implici-

196 1511 275 1544 tus.
340 1502 425 1544 Sed
452 1503 592 1544 animo
624 1514 764 1543 tamen
800 1517 970 1558 aegrum
1007 1504 1138 1559 magis
1172 1504 1310 1554 fuisse,
1337 1521 1465 1561 quam
1496 1521 1588 1548 cor-

196 1575 310 1617 pore,
333 1569 516 1601 constat:
552 1560 745 1616 curisque
767 1568 810 1601 et
829 1559 995 1616 vigiliis,
1018 1576 1149 1616 quum
1171 1561 1404 1604 identidem
1426 1564 1586 1619 species

197 1626 240 1659 et
274 1618 444 1659 umbrae
482 1618 656 1659 insontis
689 1617 930 1674 interempti
964 1618 1040 1659 filii
1076 1619 1295 1675 agitarent,
1330 1620 1586 1663 exstinctum

167 1691 285 1722 7esse
306 1691 403 1717 eum
424 1675 524 1717 diris
545 1676 901 1717 exsecrationibus
931 1675 1110 1718 alterius.
1174 1677 1338 1718 Tamen
1369 1678 1587 1720 admoneri

165 1733 399 1789 8p0tuisset
421 1733 676 1789 Antigonus,
699 1733 732 1774 si
754 1733 868 1774 haud
892 1734 1031 1775 statim
1061 1734 1198 1790 palam
1219 1735 1327 1776 facta
1347 1745 1455 1777 esset
1476 1751 1586 1778 mors
1599 1746 1748 1778 Moritur.

195 1791 315 1847 regis.
379 1791 576 1832 Medicus
595 1791 846 1847 Calligenes,
864 1792 937 1847 qui
954 1792 1159 1834 curationi
1180 1802 1382 1848 praeerat,
1405 1809 1490 1835 non
1512 1810 1586 1836 ex-

194 1857 379 1905 spectata
409 1858 541 1890 morte
572 1849 694 1905 regis,
717 1864 740 1890 a
767 1849 910 1905 primis
941 1849 1242 1906 desperationis
1272 1851 1381 1892 notis
1414 1853 1585 1894 nuntios

194 1906 529 1963 praedispositos,
564 1907 621 1948 ita
656 1916 702 1948 ut
738 1917 1003 1958 convenerat,
1041 1908 1153 1949 misit
1187 1908 1241 1949 ad
1271 1908 1499 1960 Perseum3
1543 1920 1585 1952 et

195 1973 372 2005 mortem
404 1965 512 2021 regis
542 1965 586 2005 in
617 1965 844 2006 adventum
875 1965 965 2006 eius
995 1981 1152 2016 omnes,
1175 1967 1248 2022 qui
1279 1976 1400 2008 extra
1426 1968 1583 2025 regiam

194 2033 324 2072 erant,
357 2021 517 2063 celavit.
583 2022 801 2079 Oppressit
835 2023 962 2079 igitur
996 2024 1298 2080 necopinantes
1333 2025 1582 2082 ignarosque
1659 2027 1727 2069 57.

194 2094 340 2121 omnes
362 2080 551 2129 Perseus,
574 2089 617 2121 et
637 2096 813 2136 regnum
835 2080 989 2122 scelere
1010 2090 1177 2137 partum
1199 2082 1360 2124 invasit.

162 2155 182 2186 9
252 2137 571 2193 Peropportuna
604 2154 713 2179 mors
746 2138 933 2194 Philippi
962 2139 1041 2180 fuit
1077 2140 1129 2180 ad
1162 2140 1419 2190 dilationem⁵
1451 2150 1494 2183 et
1528 2142 1582 2183 ad
1596 2152 1733 2183 Perseus

193 2195 301 2236 vires
335 2195 445 2236 bello
481 2195 795 2237 contrahendas.
858 2196 970 2237 Nam
1004 2206 1096 2253 post
1127 2198 1270 2253 paucis
1301 2198 1450 2240 diebus
1479 2205 1725 2256 gensregqum
1746 2195 1793 2226 in-

194 2251 503 2302 Bastarnarum,
527 2253 600 2293 diu
631 2254 860 2303 sollicitata,
887 2255 938 2295 ab
969 2256 1053 2296 suis
1084 2256 1251 2297 sedibus
1282 2271 1434 2313 magna
1463 2257 1583 2313 pedi-
1595 2239 1693 2270 mm·

192 2318 283 2350 tum
305 2311 581 2366 equitumque
604 2326 730 2352 manu
754 2311 946 2352 Histrum
967 2313 1141 2354 traiecit.
1189 2313 1296 2354 Inde
1318 2315 1581 2371 praegressis,

165 2382 177 2404 1
194 2367 267 2423 qui
288 2368 532 2409 nuntiarent
553 2369 653 2425 regi,
678 2369 894 2425 Antigono
916 2378 958 2411 et
981 2369 1156 2412 Cottoni
1178 2371 1350 2426 (nobilis
1370 2382 1459 2413 erat
1480 2372 1582 2414 Bas-

194 2434 334 2474 tarna;
367 2435 410 2468 et
437 2426 674 2481 Antigonus
705 2427 935 2483 perinvitus
964 2443 1060 2469 cum
1092 2429 1181 2484 ipso
1206 2428 1389 2471 Cottone
1420 2430 1582 2487 legatus

239 2572 255 2604 7
272 2567 462 2605 Admoneri]
478 2567 640 2598 Crevierio
654 2572 685 2597 et
698 2567 862 2597 Gronovio
908 2571 1015 2597 censet
1054 2568 1213 2599 Roellius.
1276 2569 1435 2601 Gruterus
1471 2576 1582 2602 contra

193 2608 294 2647 magis
320 2609 425 2647 placet
453 2611 622 2647 admoveri,
642 2621 684 2640 sc.
704 2611 746 2640 ad
773 2620 862 2650 spem
905 2611 1015 2649 palam
1033 2612 1129 2649 sacta,
1152 2613 1193 2642 ad
1223 2612 1341 2644 Persea
1365 2616 1510 2653 spectare
1535 2614 1581 2644 iu-

193 2651 292 2690 regni,
321 2652 375 2681 sed
410 2651 693 2683 Drakenborchius
724 2657 862 2683 veterem
910 2653 1008 2690 dicat,
1024 2657 1056 2683 et
1073 2653 1151 2684 nihil
1170 2656 1361 2686 mutandum
1378 2666 1456 2687 esse.

192 2693 366 2724 lectionem
387 2696 549 2725 admoneri
572 2696 697 2733 probat,
713 2696 865 2734 quoniam
957 2706 976 2737 9
1011 2697 1261 2736 Peropportmza
1305 2709 1387 2729 mors
1432 2699 1580 2738 Philippi

194 2736 374 2775 Antigonus
393 2737 454 2766 iam
475 2738 596 2771 aberat,
613 2748 631 2767 a
649 2738 802 2777 Philippo
819 2739 862 2768 lc-
899 2740 988 2777 fait]
1016 2739 1261 2779 Peropportune
1277 2741 1395 2771 accidit
1413 2741 1581 2779 Romanis,

190 2783 284 2819 gatus
299 2780 338 2809 ad
359 2780 531 2810 Bastarnas
547 2779 671 2817 missus,
688 2784 723 2810 ut
739 2785 862 2811 constat
908 2792 987 2820 quos
1011 2781 1186 2821 imparatos
1209 2793 1372 2823 aggressus
1396 2788 1478 2814 esset
1505 2784 1581 2814 Phi-

193 2832 232 2851 ex
251 2832 320 2861 cap.
337 2832 402 2860 seq.
909 2824 1026 2863 lippus.
1051 2825 1157 2856 Cnssv.

235 2864 253 2894 8
270 2866 305 2894 Si
321 2865 543 2902 haudstalim]
566 2865 763 2895 Pal-ticulum
776 2866 865 2896 hand
955 2877 965 2896 1
993 2868 1118 2898 Nobilis
1141 2873 1211 2899 erat
1234 2869 1410 2903 Bastarna,
1433 2874 1463 2899 et
1486 2870 1580 2900 Anti-

192 2906 284 2937 uncis
316 2907 446 2938 inclusit
472 2908 611 2938 Bekker.
638 2913 666 2938 et
693 2909 862 2938 delendam
905 2911 1024 2948 glosnus]
1053 2910 1173 2940 Reddit
1191 2911 1345 2941 rationem
1364 2922 1420 2942 cur
1435 2912 1532 2942 Cotto
1549 2917 1579 2943 et

251 2962 349 2989 vot„
375 2963 434 2989 111.
1302 2966 1315 2992 1
1338 2953 1350 2992 i
