1960 3218
345 168 430 209 474
857 165 1006 208 ΤΙΤΙ
1046 165 1226 208 LIVII

141 262 186 294 U.
203 262 241 294 C.
264 254 608 310 573.‘Vulgatum
639 255 756 306 illud,
787 255 888 312 quia
917 271 1062 298 verum
1093 265 1194 306 erat,
1226 257 1270 297 in
1303 256 1568 313 proverbium
1599 256 1737 298 venit:

138 306 179 337 A.
203 306 241 337 C.
267 313 601 354 ¹79·‘Amicitias
637 314 904 364 immortales,
939 314 1134 356 mortales
1169 314 1408 355 inimicitias
1440 314 1593 356 debere
1625 314 1740 355 esse.’

350 371 558 412 Fremitus
599 381 714 412 ortus
750 387 846 413 cum
883 387 1064 422 assensu,
1102 372 1257 414 deinde
1294 373 1583 414 universorum
1618 387 1740 413 voces

348 428 461 470 idem
493 429 742 485 petentium,
766 430 961 471 confusae
993 430 1038 470 in
1069 445 1214 480 unum,
1237 430 1469 471 orationem
1499 429 1741 486 interpella-

348 494 458 527 runt.
521 486 628 528 Inde
662 487 869 528 Aemilius
905 497 1077 544 questus
1113 503 1244 544 quum
1282 488 1373 537 alia,
1408 498 1498 529 tum
1534 488 1597 529 bis
1622 503 1647 529 a
1673 486 1737 528 M.

350 543 497 585 Fulvio
518 560 561 586 se
582 554 695 586 certo
717 545 935 586 consulatu
962 545 1185 586 deiectum.
1248 545 1418 586 Fulvius
1439 555 1585 587 contra
1605 544 1738 601 queri,

349 617 392 643 Se
414 602 465 643 ab
487 617 537 643 eo
559 618 723 659 semper
753 603 1001 652 lacessitum,
1024 612 1067 644 et
1097 603 1140 643 in
1172 604 1369 658 probrum
1400 618 1523 644 suum
1549 603 1740 659 sponsio·
1756 622 1769 643 1

350 674 448 700 nem
478 660 640 702 factam.
705 661 869 701 Tamen
900 661 1022 701 ambo
1053 660 1299 716 significare,
1331 660 1365 700 si
1395 661 1498 701 alter
1527 661 1665 711 vellet,
1695 675 1738 702 se

139 731 297 763 Censores
350 717 395 757 in
421 726 626 773 potestate
659 727 719 759 tot
750 718 988 774 principum
1010 718 1188 759 civitatis
1207 718 1381 759 futuros.
1446 718 1655 759 Omnibus
1674 719 1741 759 in-

136 773 340 822 positiso'diis
351 775 566 825 stantibus,
599 776 669 831 qui
705 775 890 825 aderant,
925 776 1093 816 dextras
1124 775 1337 831 fidemque
1369 775 1537 825 dedere,
1573 775 1739 817 mittere

137 827 301 891 ξξζῑζζᾞέἑ
350 848 445 873 vere
471 848 518 874 ac
540 833 659 874 finire
681 833 838 874 odium.
901 833 1085 883 Deinde,
1108 833 1441 875 collaudantibus
1469 833 1644 883 cunctis,
1666 833 1742 874 de-

349 890 466 931 ducti
485 899 585 932 sunt
604 890 649 931 in
669 890 939 947 Capitolium.
986 890 1043 932 Et
1064 906 1164 932 cura
1183 906 1309 947 super
1330 891 1401 932 tali
1422 906 1465 932 re
1487 891 1739 947 principum,

349 956 391 989 et
410 947 584 989 facilitas
606 963 824 990 censorum
847 949 1014 1005 egregie
1035 949 1305 1005 comprobata
1329 950 1380 990 ab
1404 958 1553 990 senatu
1580 958 1621 990 et
1651 948 1742 989 lau-

349 1005 446 1046 data
479 1017 552 1048 est.
618 1006 875 1048 Censoribus
909 1006 1064 1048 deinde
1100 1006 1420 1064 postulantibus,
1454 1015 1501 1048 ut
1534 1007 1739 1063 pecuniae

349 1078 512 1104 summa
541 1064 632 1114 sibi,
655 1079 739 1121 qua
764 1064 809 1104 in
837 1079 964 1121 opera
986 1064 1156 1120 publica
1175 1073 1406 1114 uterentur,
1429 1064 1738 1113 attribueretur,

348 1121 527 1178 vectigal
547 1137 736 1163 annuum
757 1122 974 1163 decretum
995 1132 1068 1164 est.
1754 1143 1772 1164 2

202 1182 270 1223 47.
409 1178 573 1221 Eodem
603 1195 714 1220 anno
745 1180 789 1220 in
822 1179 1028 1236 Hispania
1049 1180 1098 1221 L.
1115 1179 1358 1221 Postumius
1388 1189 1430 1221 et
1455 1179 1522 1221 Ti.
1544 1179 1741 1235 Sempro-

139 1239 250 1287 Res-in
263 1238 337 1269 His-
350 1236 444 1278 nius
474 1246 763 1294 propraetores
794 1247 1141 1294 comparaverunt
1170 1238 1229 1279 ita
1258 1238 1367 1279 inter
1397 1252 1454 1287 se,
1483 1246 1530 1279 ut
1558 1238 1603 1278 in
1629 1236 1741 1278 Vac-

138 1292 236 1355 {pena
250 1292 316 1321 ἕρδ’
350 1310 470 1336 caeos
505 1310 581 1351 per
613 1295 875 1336 Lusitaniam
911 1296 990 1337 iret
1025 1295 1220 1345 Albinus,
1252 1296 1297 1336 in
1330 1295 1605 1336 Celtiberiam
1640 1294 1739 1335 inde

349 1361 650 1402 reverteretur3
684 1352 914 1403 Gracchus,
929 1353 963 1394 si
984 1353 1117 1394 maius
1138 1353 1196 1394 ibi
1218 1352 1373 1394 bellum
1390 1361 1510 1402 esset,
1528 1353 1572 1393 in
1593 1352 1740 1393 ultima

352 1410 606 1452 Celtiberiae
634 1419 884 1467 penetraret.
947 1410 1158 1451 Mundam
1180 1411 1327 1452 urbem
1348 1410 1531 1466 primum
1552 1410 1592 1451 vi
1613 1409 1738 1465 cepit,

348 1477 471 1509 nocte
494 1483 546 1509 ex
568 1468 792 1525 improviso
822 1484 1048 1524 aggressus.
1112 1468 1313 1524 Acceptis
1334 1467 1489 1509 deinde
1511 1467 1738 1516 obsidibus,

347 1526 640 1582 praesidioque
670 1526 877 1582 imposito,
901 1525 1070 1567 castella
1090 1540 1345 1581 expugnare,
1368 1540 1488 1581 agros
1509 1539 1642 1574 urere,
1664 1524 1770 1567 do-3

348 1599 426 1624 nec
448 1583 501 1624 ad
521 1583 803 1639 praevalidam
825 1583 948 1624 aliam
969 1584 1114 1625 urbem
1132 1583 1387 1639 (Certimam
1408 1582 1622 1639 appellant
1643 1581 1742 1624 Cel-

139 1647 338 1695 Simplicitas
349 1641 491 1696 tiberi)
511 1641 712 1697 pervenit.
777 1641 864 1682 Ubi
885 1656 1017 1697 quum
1038 1641 1120 1682 iam
1143 1656 1270 1697 opera
1289 1641 1544 1690 admoveret,
1566 1639 1742 1680 veniunt

137 1691 301 1763 {3151anoe
349 1698 474 1755 legati
496 1714 549 1740 ex
571 1698 739 1755 oppido,
763 1714 942 1756 quorum
964 1714 1099 1740 sermo
1121 1699 1317 1754 antiquae
1348 1697 1624 1754 simplicitatis
1647 1697 1738 1746 fuit,

211 1758 218 1765 '
349 1772 434 1797 non
466 1756 817 1798 dissimulantium
850 1756 1088 1805 bellaturos,
1111 1757 1144 1797 si
1171 1756 1279 1797 vires
1308 1765 1456 1796 essent.
1519 1755 1740 1796 Petierunt

349 1814 475 1863 enim,
499 1823 546 1855 ut
566 1814 643 1855 sibi
669 1814 713 1855 in
738 1823 872 1856 castra
895 1814 1205 1855 Celtiberorum
1236 1813 1294 1854 ire
1326 1813 1470 1854 liceret
1500 1812 1554 1853 ad
1583 1811 1771 1855 auxilia4

349 1871 570 1913 accienda:
603 1872 637 1912 si
663 1888 749 1913 non
780 1872 1083 1929 impetrassent,
1108 1883 1196 1912 tum
1225 1871 1446 1926 separatim
1476 1885 1546 1911 eos
1576 1869 1627 1910 ab
1658 1868 1769 1914 illis5

349 1945 391 1970 se
418 1929 690 1971 consulturos.
752 1929 1031 1971 Permittente
1057 1928 1263 1978 Graccho,
1286 1928 1437 1977 icrunt,
1460 1937 1503 1969 et
1523 1936 1616 1983 post
1636 1942 1740 1982 pau-

349 1987 407 2028 cis
428 1987 576 2028 diebus
603 1987 704 2028 alios
725 1987 871 2029 decem
903 1987 1061 2043 legatos
1092 2002 1233 2028 secum
1265 1986 1543 2026 adduxerunt.
1606 1983 1741 2025 Meri-

349 2045 523 2086 dianum
561 2054 724 2101 tempus
757 2054 857 2086 erat.
928 2044 1049 2085 Nihil
1081 2045 1196 2100 prius
1232 2044 1442 2099 petierunt
1476 2058 1500 2083 a
1534 2051 1738 2099 praetore,

349 2118 474 2159 quam
505 2111 549 2144 ut
579 2103 721 2144 bibere
753 2103 829 2144 sibi
862 2103 1025 2144 iuberet
1048 2102 1148 2143 dari.
1213 2101 1361 2157 Epotis
1391 2100 1535 2157 primis
1566 2099 1739 2155 poculis,

350 2161 502 2201 iterum
538 2169 843 2216 poposcerunt3
888 2176 1039 2217 magno
1070 2160 1154 2201 risu
1185 2158 1543 2201 circumstantium
1578 2157 1622 2197 in
1657 2166 1740 2198 tam

350 2218 523 2259 rudibus
556 2226 598 2259 et
628 2219 753 2259 moris
784 2219 920 2259 omnis
952 2218 1106 2275 ignaris
1136 2217 1326 2273 ingeniis.
1390 2216 1503 2256 Tum
1534 2214 1741 2256 maximus

349 2284 453 2316 natu
485 2291 538 2316 ex
574 2276 636 2325 iis,
665 2276 814 2317 ‘Missi
849 2277 1019 2326 sumus,'
1050 2275 1201 2331 inquit,
1237 2281 1288 2315 ‘a
1319 2282 1444 2330 gente
1481 2282 1633 2322 nostra,
1667 2272 1741 2327 qui

351 2333 690 2383 ‘sciscitaremur,
714 2349 798 2390 qua
819 2334 989 2375 tandem
1020 2348 1063 2374 rc
1092 2333 1222 2374 fretus
1246 2347 1362 2373 arma
1381 2331 1501 2372 nobis
1522 2329 1742 2370 inferres?

140 906 229 934 eun&

400 2470 408 2489 1
438 2462 481 2490 Ιᾶί
500 2463 534 2491 in
548 2463 701 2500 probrum
716 2473 809 2493 sunm
826 2465 1023 2502 sponsionem
1070 2462 1140 2493 vius
1161 2472 1218 2502 pro
1238 2463 1321 2500 vulg.
1338 2470 1539 2500 oppufflmre,
1555 2459 1641 2498 quod
1658 2458 1744 2489 Bek-

343 2504 488 2541 factam]
524 2504 578 2540 Et,
603 2505 691 2534 litem
718 2516 801 2543 qnae
826 2506 883 2535 sibi
910 2507 1025 2545 probro

352 2550 445 2581 esset,
477 2556 533 2584 per
571 2547 775 2585 sponsionem
813 2549 853 2577 ab
885 2548 1026 2578 Aemilio

353 2598 420 2617 esse
437 2587 604 2619 intentum.
632 2590 740 2621 Dorum
787 2590 839 2620 De
855 2590 1026 2630 sponsione

354 2630 393 2660 ef.
408 2640 493 2668 supr.
511 2630 621 2661 xxxix,
639 2640 689 2669 43.

397 2682 413 2702 2
447 2674 586 2711 Vectiyml
599 2673 764 2712 annuum]
795 2674 939 2704 Fortasse
957 2685 1025 2704 vcc-

353 2714 430 2753 tigal
453 2715 596 2754 aliquod,
617 2716 703 2754 quod
724 2716 755 2745 in
778 2726 848 2746 euni
872 2727 937 2746 rem
960 2727 1023 2746 uno

353 2761 480 2787 tantuin
497 2768 581 2788 anno
599 2759 798 2797 penderetur.
836 2759 934 2794 Quod
953 2759 1024 2788 ideo

356 2800 500 2838 pluribus
523 2801 625 2830 verbis
647 2811 710 2830 non
734 2800 875 2840 explieat
903 2801 1024 2838 Livius,

354 2842 430 2880 quia
450 2853 498 2872 res
523 2844 710 2883 pervulgata
732 2848 800 2874 erat
823 2848 855 2874 et
878 2844 1025 2873 omnibus

355 2890 440 2915 nota.
466 2886 572 2916 Ciu-zv.

399 2936 415 2965 ,3
442 2928 580 2959 Cas-cella
598 2931 804 2968 eapufsnarej
832 2929 884 2960 Ita
901 2928 1022 2960 Grono-

1069 2506 1135 2536 ker.
1154 2508 1271 2535 tuetur.

1114 2558 1133 2585 4
1148 2549 1173 2576 Α
1184 2548 1285 2577 {acilia
1302 2546 1470 2582 (zo-cienda]
1492 2545 1543 2574 Ita
1558 2543 1743 2575 emendavit

1071 2590 1152 2620 Tan.
1172 2589 1275 2618 Faber
1292 2598 1348 2626 pro
1366 2588 1448 2625 vulg.
1465 2588 1664 2626 accipienda.

1115 2640 1130 2670 5
1155 2632 1336 2669 Separatim
1359 2642 1409 2660 eos
1431 2631 1470 2659 ab
1492 2631 1556 2659 illis
1571 2641 1603 2660 se
1619 2630 1742 2659 consul-

1071 2674 1174 2710 turos]
1204 2674 1296 2703 llaec
1313 2678 1396 2702 stare
1409 2683 1471 2702 non
1487 2676 1628 2711 possunt.
1661 2672 1741 2701 Gro-

1069 2715 1182 2745 novius
1199 2715 1327 2745 coniicit
1342 2727 1348 2745 :
1373 2716 1546 2755 separatim
1565 2715 1742 2754 oppidanos

1067 2760 1127 2788 sihi
1164 2760 1374 2788 eonsnllnros.
1432 2758 1545 2788 Mitius
1583 2757 1743 2786 videretur

1069 2801 1175 2830 delere
1207 2811 1317 2830 vocem
1347 2812 1409 2835 eos,
1437 2804 1468 2829 et
1493 2811 1526 2831 se
1553 2803 1678 2829 mutare
1708 2799 1741 2828 in

1068 2844 1138 2879 sibi,
1169 2843 1283 2873 vetoris
1312 2842 1461 2872 intactis:
1497 2843 1671 2881 separatim
1701 2842 1740 2871 ab

1068 2887 1132 2917 illis
1147 2887 1207 2917 sibi
1223 2887 1432 2917 consulturos.
1456 2887 1562 2917 Cum.
