1960 3218
369 159 450 197 110
888 155 1037 196 ΤΙΤΙ
1074 155 1253 197 LIVII

154 255 200 286 U.
217 254 255 285 C.
279 246 429 294 556.cio
462 245 540 295 usi,
577 245 850 301 Zeuxippum
886 254 929 286 et
959 245 1221 286 Pisistratum
1254 245 1602 287 nominaverunt:
1647 244 1764 286 nullo

153 298 194 328 Α·
218 297 256 329 C·
282 296 352 338 ¹96·
364 303 542 354 adiecto,
560 318 634 344 cur
654 303 757 344 scire
773 303 1001 359 quicquam
1023 302 1279 352 viderentur,
1304 311 1563 359 argumento.
1620 302 1765 343 Zeux-

224 1408 290 1446 29.

160 1462 277 1494 Boeoti
294 1463 327 1493 in

161 1506 330 1537 Romanos

159 1548 293 1580 efferati.

363 361 487 418 ippus
509 370 651 402 tamen
672 376 767 402 cum
800 360 1040 401 Stratonida
1061 361 1245 416 quodam
1267 369 1390 402 nocte
1419 360 1601 416 perfugit
1624 360 1765 400 Tana-

363 434 493 476 gram,
516 434 633 460 suam
662 419 794 474 magis
815 418 1128 467 conscientiam,
1152 433 1278 474 quam
1307 418 1511 459 indicium
1541 417 1763 458 hominum

365 477 521 518 nullius
546 476 607 517 rei
632 476 908 525 consciorum,
932 484 1136 516 metuens.
1200 475 1454 524 Pisistratus,
1478 475 1627 531 spretis
1653 474 1764 515 indi-

365 534 496 583 cibus,
520 533 681 574 Thebis
702 533 868 574 mansit.
935 532 1087 574 Servus
1109 541 1197 574 erat
1221 533 1459 588 Zeuxippo,
1484 533 1611 573 totius
1634 532 1764 573 inter-

365 592 540 632 nuntius
561 599 604 632 et
625 591 815 632 minister
835 590 922 639 rei3
957 606 1084 646 quem
1113 590 1297 631 indicem
1328 590 1568 631 Pisistratus
1597 589 1762 639 timens,

367 664 417 690 eo
439 649 528 705 ipso
551 648 697 689 timore
720 648 773 689 ad
801 648 1005 689 indicium
1034 648 1249 703 protraxit.
1313 647 1477 688 Literas
1499 647 1551 688 ad
1576 646 1765 702 Zeuxip-

366 722 469 762 pum
490 706 631 755 mittit,
656 711 845 747 ‘servum
867 705 1082 746 conscium
1100 705 1275 746 tolleret.
1340 705 1441 745 Non
1460 714 1544 746 tarn
1564 704 1764 746 idoneum

369 769 382 788 ‘
394 764 446 805 ad
463 763 680 805 celandam
698 778 785 804 rem
804 778 900 804 eum
918 763 1049 803 videri
1066 763 1156 811 sibi,
1176 778 1302 818 quam
1320 762 1374 803 ad
1391 762 1597 818 agendam
1613 761 1766 803 fuerit.’

369 821 460 863 Has
481 821 555 877 qui
582 821 679 862 tulit
706 820 860 870 literas,
883 821 1017 861 iussus
1045 820 1270 876 Zeuxippo
1292 820 1389 861 dare
1413 835 1538 876 quam
1567 819 1763 875 primum.

367 879 422 929 Is,
456 879 554 935 quia
587 894 673 919 non
704 879 845 919 statim
876 877 1156 919 conveniendi
1189 878 1278 918 eius
1315 878 1436 933 copia
1468 877 1560 926 fuit,
1593 876 1672 933 ipsi
1704 876 1766 917 illi

367 952 499 986 serVO,
523 951 650 992 quem
680 951 733 976 ex
755 936 949 976 omnibus
971 935 1143 976 domino
1172 935 1419 976 fidissimum
1449 935 1659 983 credebat,
1683 943 1767 975 tra-

367 994 452 1035 dit:
487 1002 530 1034 et
550 993 705 1043 adiicit,
729 1008 753 1034 a
782 993 1000 1034 Pisistrato
1021 992 1073 1034 de
1096 1008 1139 1033 re
1169 1008 1422 1048 magnopere
1450 992 1690 1048 pertinente
1713 990 1767 1032 ad

371 1051 644 1107 Zeuxippum
673 1066 772 1092 esse.
839 1050 1113 1091 Conscientia
1140 1050 1259 1100 ictus,
1287 1065 1419 1105 quum
1442 1049 1657 1106 extemplo
1685 1057 1768 1090 tra-

368 1109 556 1150 diturum
585 1124 653 1150 eas
675 1108 929 1158 affirmasset,
953 1108 1099 1165 aperit,
1122 1107 1402 1164 perlectisque
1424 1107 1568 1157 literis,
1590 1107 1768 1164 pavidus

370 1167 540 1208 Thebas
581 1166 747 1222 refugit,
791 1177 834 1207 et
874 1166 928 1207 ad
964 1166 1227 1221 magistratus
1262 1165 1467 1206 indicium
1501 1165 1647 1206 defert.
1711 1164 1769 1205 Et

373 1224 624 1280 Zeuxippus
659 1223 846 1280 quidem,
881 1223 980 1279 fuga
1015 1224 1121 1265 servi
1158 1231 1308 1273 motuS,
1349 1222 1668 1272 Anthedonem,
1702 1230 1769 1263 tu-

369 1283 519 1323 tiorem
542 1281 688 1322 exsilio
709 1281 849 1322 locum
879 1290 1004 1331 ratus,
1027 1281 1255 1322 concessit:
1288 1281 1340 1321 de
1355 1280 1571 1321 Pisistrato
1593 1279 1768 1336 aliisque

370 1339 637 1396 quaestiones
659 1339 878 1380 tormentis
898 1339 1079 1388 habitae,
1103 1347 1145 1380 et
1166 1346 1381 1394 sumptum
1403 1337 1660 1394 supplicium
1681 1347 1755 1379 est.

430 1397 631 1438 Efferavit
658 1412 708 1438 ea
735 1396 883 1438 caedes
906 1396 1132 1437 Thebanos
1160 1396 1426 1452 Boeotosque
1450 1411 1595 1437 omnes
1622 1395 1675 1436 ad
1696 1410 1770 1436 ex-

371 1455 569 1497 secrabile
593 1454 737 1496 odium
769 1454 1087 1503 Romanorum3
1121 1453 1353 1503 credentes,
1376 1468 1462 1494 non
1484 1453 1574 1494 sine
1596 1452 1769 1494 consilio

371 1512 633 1569 imperatoris
651 1512 835 1553 Romani
855 1512 1127 1568 Zeuxippum
1141 1511 1377 1568 principem
1393 1511 1532 1566 gentis
1549 1510 1593 1550 id
1609 1510 1770 1551 facinus

371 1571 587 1612 conscisse.
652 1569 725 1610 Ad
746 1569 1035 1610 rebellandum
1058 1584 1196 1625 neque
1217 1569 1338 1618 vires,
1362 1584 1500 1624 neque
1523 1567 1675 1609 ducem
1696 1568 1770 1608 ha-

370 1629 538 1670 bebant.
602 1627 850 1668 Proximum
880 1627 991 1668 bello
1017 1627 1132 1683 quod
1161 1635 1262 1676 erat,
1286 1627 1331 1667 in
1359 1626 1627 1667 latrocinium
1649 1625 1769 1675 versi,

371 1686 472 1727 alios
500 1685 545 1726 in
573 1685 778 1741 hospitiis,
802 1684 903 1726 alios
924 1700 1050 1741 vagos
1077 1699 1153 1741 per
1172 1684 1349 1725 hiberna
1375 1684 1540 1732 milites,
1564 1683 1617 1724 ad
1637 1683 1772 1724 varios

371 1750 656 1785 commeantes
678 1757 789 1793 usus,
808 1742 1086 1798 excipiebant.
1154 1742 1340 1790 Quidam
1362 1741 1405 1781 in
1423 1741 1523 1797 ipsis
1536 1740 1770 1789 itineribus,

372 1801 426 1842 ad
446 1809 566 1842 notas
587 1799 765 1841 latebras
787 1800 838 1841 ab
866 1800 1174 1848 insidiantibus,
1197 1814 1291 1855 pars
1313 1799 1356 1839 in
1379 1798 1543 1839 deserta
1563 1813 1639 1854 per
1660 1798 1772 1839 frau-

372 1858 469 1899 dem
511 1857 748 1899 deversoria
787 1857 960 1898 deducti
1001 1857 1356 1913 opprimebantur.
1426 1856 1645 1896 Postremo
1685 1870 1772 1896 non

373 1924 538 1956 tantum
579 1915 630 1956 ab
672 1914 782 1964 odio,
825 1914 900 1955 sed
941 1915 1068 1956 etiam
1109 1914 1307 1955 aviditate
1355 1913 1547 1969 praedae,
1588 1912 1773 1954 facinora

373 1974 554 2014 fiebant:
599 1972 710 2028 quia,
741 1972 985 2028 negotiandi
1016 1972 1146 2012 ferme
1178 1987 1300 2012 causa
1331 1980 1551 2026 argentum
1582 1970 1625 2010 in
1657 1970 1772 2011 zonis

373 2031 589 2079 habentes,
612 2030 657 2070 in
678 2030 979 2070 commeatibus
1007 2038 1137 2070 erant.
1205 2030 1350 2077 Quum
1379 2028 1514 2084 primo
1538 2028 1675 2084 pauci,
1699 2027 1773 2069 de·
1789 2044 1806 2078 7

375 2088 474 2130 inde
510 2088 555 2128 in
591 2087 681 2128 dics
716 2087 856 2143 plures
889 2087 1239 2135 desiderarentur,
1272 2086 1439 2126 infamis
1472 2101 1559 2127 esse
1597 2085 1774 2127 Boeotia

375 2145 510 2187 omnis
538 2145 699 2200 coepit:
734 2152 776 2185 et
807 2144 1008 2194 timidius,
1032 2159 1158 2200 quam
1188 2144 1232 2184 in
1261 2144 1434 2193 hostico,
1458 2143 1601 2199 egredi
1631 2143 1773 2184 castris

375 2203 505 2244 miles.
570 2202 683 2243 Tum
704 2202 932 2250 Quinctius
948 2201 1107 2257 legatos
1120 2201 1173 2242 ad
1190 2201 1455 2257 querendum
1473 2201 1525 2242 de
1546 2200 1774 2242 latrociniis

375 2276 451 2316 per
471 2260 659 2301 civitates
687 2259 828 2300 mittit.
891 2259 1103 2300 Plurimae
1130 2259 1279 2300 caedes
1304 2259 1414 2299 circa
1438 2258 1670 2314 Copaidem
1700 2273 1774 2313 pa-

375 2318 519 2358 ludem
548 2317 768 2358 inventae:
802 2317 861 2357 ibi
889 2332 942 2358 ex
970 2316 1071 2357 limo
1103 2325 1222 2357 eruta
1249 2323 1520 2371 extractaque
1550 2331 1603 2356 ex
1625 2324 1773 2371 stagno

376 2375 590 2423 cadavera,
623 2374 732 2415 saxis
765 2382 838 2414 aut
870 2373 1094 2429 amphoris,
1127 2382 1174 2414 ut
1206 2373 1392 2429 pondere
1430 2373 1696 2413 traherentur
1728 2373 1773 2414 in

376 2431 646 2487 profundum,
670 2446 846 2472 annexa.
910 2430 1051 2472 Multa
1077 2431 1261 2472 facinora
1283 2429 1544 2486 Acraephiae
1574 2438 1616 2470 et
1640 2429 1774 2471 Coro-

376 2504 480 2530 neae
517 2489 626 2529 facta
655 2488 990 2529 inveniebantur.
1057 2488 1284 2536 Quinctius
1314 2487 1449 2543 primo
1480 2487 1628 2528 noxios
1665 2487 1773 2528 tradi

377 2546 455 2586 sibi
484 2546 614 2595 iussit,
639 2554 681 2586 ct
708 2561 784 2601 pro
809 2546 1053 2600 quingentis
1080 2545 1280 2586 militibus
1302 2546 1384 2596 (tot
1414 2545 1526 2585 enim
1551 2545 1773 2601 intercepti

378 2603 517 2657 erant)
539 2603 772 2658 quingenta
793 2602 949 2644 talenta
975 2603 1157 2643 Boeotos
1179 2601 1379 2643 conferre.
1446 2601 1639 2649 Quorum
1669 2618 1774 2643 neu-

378 2669 489 2701 trum
512 2675 642 2715 quum
665 2660 796 2709 fieret,
819 2660 954 2700 verbis
983 2668 1145 2701 tantum
1169 2660 1356 2700 civitates
1385 2668 1646 2709 excusarent,
1668 2659 1775 2701 nihil

378 2717 547 2773 publico
569 2716 742 2758 consilio
760 2717 915 2758 factum
934 2732 1046 2766 essc3
1081 2717 1213 2758 missis
1232 2717 1422 2758 Athenas
1439 2726 1479 2757 et
1502 2717 1545 2758 in
1568 2716 1774 2758 Achaiam

426 2867 442 2878 Δ-

428 2880 438 2900 1
475 2862 517 2891 In
555 2862 775 2891 commeatilms
811 2862 921 2897 erant]
971 2861 1164 2892 commeatu
1203 2871 1222 2890 a
1259 2862 1341 2891 duce
1378 2865 1514 2901 accepto
1553 2863 1593 2891 ab
1632 2860 1773 2891 hibernis

381 2904 523 2933 aberant.
