1960 3218
539 143 666 186 LIB.
700 142 921 184 XXXIX.
965 143 1113 184 CAP.
1145 145 1215 185 47.
1491 145 1572 182 421

148 236 358 286 9leiensis,
380 235 667 277 aedificabant.
730 232 782 274 Id
803 248 873 274 eos
895 242 942 274 ut
961 232 1215 290 prohiberet,
1238 231 1354 288 quod
1374 231 1463 273 eius
1484 232 1572 273 sine
1591 241 1634 272 U.
1651 241 1689 272 C.
1711 239 1784 281 569.

180 295 291 337 bello
320 302 471 351 posset,
493 291 676 349 praetori
708 290 953 332 mandatum
975 300 1063 332 est:
1097 291 1131 332 si
1164 291 1289 331 armis
1320 290 1573 346 prohibendi
1587 286 1626 315 A.
1651 284 1688 315 C.
1715 286 1785 321 ¹⁸3·

180 361 331 402 essent,
355 350 544 393 consules
565 349 760 391 certiores
784 349 950 390 faceret.
1014 348 1082 389 Ex
1110 348 1174 389 his
1202 348 1368 405 placere
1397 347 1573 389 alterum

181 411 377 452 adversus
397 407 541 450 Gallos
563 407 716 448 ducere
738 406 935 463 legiones.

241 468 442 509 Extremo
469 465 617 522 prioris
650 464 750 506 anni
781 464 951 505 comitia
977 463 1120 505 habita
1147 471 1266 504 erant
1293 463 1337 503 in
1364 462 1575 504 demortui

185 527 265 568 Cn.
293 523 480 566 Cornelii
511 522 685 564 Lentuli
714 522 854 563 locum
885 521 1053 578 auguris
1083 521 1329 562 sufficiendi.
1396 520 1576 562 Creatus

184 583 253 639 Sp.
274 581 516 624 Postumius
538 580 732 622 Albinus.
797 579 938 621 Huius
962 579 1170 636 principio
1195 579 1295 620 anni
1320 578 1368 619 P.
1386 578 1576 619 Licinius
1651 585 1720 624 46.

183 642 356 683 Crassus
377 638 569 696 pontifex
590 638 798 679 maximus
819 647 1009 679 mortuus
1030 646 1113 678 est:
1142 637 1187 677 in
1208 637 1327 678 cuius
1348 636 1488 677 locum
1510 635 1573 677 M.

153 721 165 742 1
185 698 456 754 Sempronius
493 696 734 738 Tuditanus
771 695 963 752 pontifex
999 704 1061 736 est
1096 703 1340 751 cooptatus:
1385 693 1577 751 pontifex
1630 714 1635 720 „

182 756 388 797 maximus
429 763 491 797 est
531 763 692 796 creatus
736 754 786 795 C.
821 753 1019 795 Servilius
1058 752 1277 795 Geminus.
1339 752 1388 794 P.
1420 751 1578 793 Licinii

150 808 338 880 {funeris
363 829 487 855 causa
510 812 728 853 visceratio
750 811 859 861 data,
882 820 924 853 et
950 811 1201 868 gladiatores
1229 818 1401 852 centum
1425 809 1576 867 viginti

181 880 488 929 pugnaverunt,
511 880 554 912 et
574 870 662 911 ludi
683 870 878 911 funebres
903 885 978 926 per
999 869 1186 910 triduum
1205 869 1317 918 facti,
1339 876 1434 925 post
1454 867 1576 909 ludos

182 930 367 986 epulum.
430 928 482 970 In
515 943 612 984 quo,
646 943 778 984 quum
811 936 899 969 toto
931 927 1020 968 foro
1053 935 1180 968 strata
1211 926 1391 968 triclinia
1422 934 1574 976 essent,
1587 931 1747 972 Prodigia.

182 996 419 1044 tempestas,
451 1002 548 1028 cum
580 986 743 1042 magnis
774 985 967 1042 procellis
999 995 1153 1035 coorta,
1186 985 1324 1041 coegit
1354 984 1576 1041 plerosque

182 1044 452 1087 tabernacula
483 1052 665 1085 statuere
702 1044 747 1084 in
777 1043 877 1085 foro.
942 1043 1105 1084 Eadem
1138 1042 1278 1099 paullo
1308 1050 1415 1099 post,
1446 1057 1579 1098 quum

151 1103 372 1159 4undique
406 1102 714 1151 disserenasset,
748 1101 934 1142 sublata:
977 1101 1281 1157 defunctosque
1314 1100 1440 1157 vulgo
1473 1100 1580 1141 fere-

182 1162 298 1210 bant,
321 1160 436 1217 quod
466 1160 577 1201 inter
606 1159 746 1201 fatalia
775 1169 889 1201 vates
920 1159 1180 1208 cecinissent,
1204 1174 1373 1200 necesse
1402 1173 1490 1200 esse
1519 1167 1580 1199 ta-

183 1218 410 1261 bernacula
454 1218 498 1259 in
542 1217 631 1259 foro
675 1217 812 1258 statui.
877 1216 971 1258 Hac
1017 1217 1227 1272 religione
1263 1215 1409 1257 levatis
1452 1215 1582 1257 altera

184 1277 351 1326 iniecta,
377 1276 492 1332 quod
522 1275 725 1332 sanguine
756 1290 831 1331 per
861 1274 1037 1316 biduum
1073 1274 1248 1330 pluisset
1281 1274 1325 1314 in
1359 1289 1454 1315 area
1475 1273 1582 1314 Vul-

184 1335 303 1376 cani:
338 1343 381 1375 et
407 1349 483 1390 per
510 1333 769 1374 decemviros
797 1332 1046 1388 supplicatio
1074 1332 1234 1373 indicta
1260 1340 1349 1373 erat
1377 1332 1465 1373 eius
1486 1347 1583 1388 pro-

184 1392 287 1448 digii
309 1391 509 1448 expiandi
531 1406 664 1432 causa.

243 1450 494 1505 Priusquam
520 1448 711 1490 consules
738 1448 783 1489 in
810 1447 1044 1504 provincias
1070 1447 1447 1504 proficiscerentur,
1470 1446 1584 1504 lega-

186 1508 320 1550 tiones
337 1507 631 1548 transmarinas
648 1507 692 1547 in
713 1516 904 1547 senatum
922 1506 1272 1547 introduxerunt:
1297 1521 1375 1546 nec
1394 1521 1582 1561 unquam

186 1575 282 1607 ante
312 1574 477 1606 tantum
505 1564 687 1620 regionis
715 1564 804 1605 eius
832 1563 1050 1604 hominum
1076 1564 1236 1605 Romae
1258 1564 1403 1604 fuerat.
1468 1563 1582 1604 Nam
1597 1576 1759 1612 Querelae

187 1638 240 1664 ex
266 1639 350 1679 quo
375 1623 485 1663 fama
515 1637 590 1678 per
619 1631 779 1678 gentes,
803 1637 910 1677 quae
934 1620 1232 1662 Macedoniam
1263 1621 1469 1671 accolunt,
1491 1619 1635 1667 vulssd,e
1652 1619 1728 1649 Phi-

186 1690 283 1737 gata
313 1690 387 1729 est,
414 1680 590 1720 crimina
618 1679 985 1735 querimoniasque
1017 1679 1069 1720 de
1101 1678 1301 1735 Philippo
1333 1694 1419 1719 non
1450 1663 1641 1734 negli-hp
1645 1672 1664 1701 p
1669 1672 1697 1693 θ’

185 1748 334 1795 genter
369 1739 420 1779 ab
458 1738 662 1778 Romanis
699 1737 846 1786 audiri,
885 1737 1027 1778 multis
1060 1752 1209 1793 operae
1246 1737 1429 1793 pretium
1459 1737 1584 1778 fuisse

187 1796 333 1853 queri:
366 1811 441 1852 pro
474 1810 517 1836 se
549 1811 742 1851 quaeque
777 1795 966 1836 civitates
997 1805 1243 1850 gentesque,
1274 1794 1428 1851 singuli
1459 1795 1585 1836 etiam

185 1854 393 1911 privatim,
411 1853 566 1909 (gravis
588 1853 701 1894 enim
722 1852 862 1894 accola
883 1853 1078 1894 omnibus
1099 1854 1206 1909 erat)
1224 1852 1420 1902 Romam,
1439 1861 1512 1894 aut
1532 1853 1586 1894 ad

187 1927 303 1969 spem
333 1911 535 1952 levandae
566 1911 755 1960 iniuriae,
789 1920 861 1952 aut
891 1910 944 1951 ad
975 1910 1195 1952 deflendae
1227 1910 1436 1961 solatium,
1458 1926 1586 1952 vene-

187 1978 297 2011 runt.
347 1969 404 2010 Et
420 1970 470 2010 ab
489 1969 680 2010 Eumene
703 1984 800 2024 rege
823 1968 976 2025 legatio
993 1984 1089 2010 cum
1105 1969 1231 2010 fratre
1253 1969 1342 2009 eius
1362 1968 1586 2010 Athenaeo

186 2028 304 2070 venit
343 2027 397 2068 ad
438 2026 716 2082 querendum,
749 2026 872 2067 simul
903 2026 1019 2082 quod
1060 2041 1147 2067 non
1183 2026 1496 2067 deducerentur
1531 2041 1585 2067 ex

189 2085 371 2127 Thracia
390 2084 610 2142 praesidia,
628 2084 751 2125 simul
768 2083 882 2140 quod
904 2084 948 2124 in
971 2084 1215 2141 Bithyniam
1232 2084 1405 2125 Prusiae
1427 2084 1585 2125 bellum

189 2143 386 2184 adversus
409 2142 645 2183 Eumenem
666 2142 829 2198 gerenti
854 2141 1011 2183 auxilia
1031 2143 1155 2183 missa
1174 2142 1323 2183 forent.
1389 2142 1585 2199 Respon-
1661 2142 1729 2184 47.

190 2200 378 2242 dendum
412 2200 465 2241 ad
496 2200 637 2240 omnia
667 2200 809 2240 iuveni
842 2208 932 2240 tum
961 2199 1190 2241 admodum
1220 2200 1441 2242 Demetrio
1468 2196 1787 2249 erathemetrius

190 2274 321 2315 quuin
344 2257 458 2299 haud
478 2257 598 2298 facile
621 2266 740 2307 esset,
763 2266 835 2298 aut
856 2273 917 2306 ea,
941 2273 1048 2313 quae
1071 2258 1364 2308 obiicerentur,
1387 2266 1458 2299 aut
1479 2274 1586 2314 quae
1600 2245 1725 2316 ῗρᾚῗξῃ
1742 2243 1796 2273 de-

191 2316 386 2358 advcrsus
408 2331 456 2357 ea
477 2315 658 2356 dicenda
678 2324 810 2365 erant,
833 2316 1035 2357 memoria
1056 2315 1292 2372 complecti.
1358 2316 1452 2357 Nec
1474 2316 1588 2357 enim
1705 2309 1712 2317 '

235 2490 254 2521 9
278 2481 370 2517 Quod
411 2480 498 2517 eius]
550 2477 701 2509 Usitatns
746 2477 870 2507 Latinis
915 2477 1085 2507 conveniat
1102 2477 1134 2507 in
1152 2478 1213 2508 hoe
1229 2488 1358 2515 aevum,
1375 2484 1483 2510 censet
1501 2480 1590 2519 Lips.

194 2523 400 2561 pleonasmus
429 2522 461 2552 in
488 2532 566 2551 voce
588 2523 657 2553 eius
681 2519 732 2550 liic
757 2525 868 2550 notan-
915 2521 1042 2550 Satnrn.
1068 2520 1086 2551 i.
1112 2522 1142 2551 8.
1171 2521 1225 2560 qni
1250 2531 1307 2560 pro
1333 2522 1418 2553 notis
1442 2533 1589 2553 numera-

195 2566 254 2595 dus
278 2564 424 2595 occurrit.
472 2564 580 2604 Vulgo
605 2565 710 2604 quoad
731 2565 801 2595 eius
827 2564 869 2593 le-
915 2563 998 2593 libus
1036 2573 1116 2594 cxx.
1152 2565 1354 2603 reponendas
1391 2575 1472 2597 Lxx.
1510 2567 1589 2597 rult.

194 2607 287 2648 gitur.
312 2608 352 2638 cf.
369 2617 454 2646 supr.
473 2617 501 2637 v.
520 2615 569 2645 25.
914 2606 1043 2636 Harum
1069 2610 1219 2637 notarum
1247 2617 1289 2638 sc.
1314 2617 1340 2639 c.
1365 2612 1397 2638 et
1424 2618 1452 2639 L.
1477 2619 1589 2648 perpe-

243 2659 253 2679 1
282 2650 471 2688 Cooplatns]
511 2649 540 2679 A
573 2648 710 2689 collegio
741 2647 867 2688 pontifi-
913 2659 980 2679 ram
1004 2653 1241 2680 cominutarum
1263 2652 1415 2690 exempla
1435 2651 1513 2682 alibi
1536 2662 1589 2682 ex—

196 2703 281 2723 cum.
327 2692 482 2729 Pontifex
503 2693 662 2722 maximus
679 2696 724 2722 est
743 2696 871 2722 creatus
915 2696 999 2722 stare
1016 2696 1125 2722 monet
1144 2693 1440 2725 Drakenborchius.

196 2735 365 2775 apopulO,
380 2733 507 2764 tributis
523 2733 669 2764 comitiis.
694 2734 800 2765 CREV.
959 2746 977 2772 4
1010 2736 1251 2776 Defunctosque
1289 2738 1384 2775 vulyo
1414 2737 1587 2775 ferebant]

242 2788 257 2808 ‘z
290 2778 478 2815 visceratio]
516 2777 644 2807 Crudae
674 2776 777 2806 carnis
807 2777 869 2807 dis·
915 2788 957 2808 sc.
990 2777 1039 2807 Eo
1070 2778 1195 2815 timore,
1226 2778 1280 2817 qui
1311 2790 1331 2809 a
1362 2779 1590 2809 vaticinatione

196 2820 338 2852 tributio.
363 2821 401 2851 cf.
419 2830 503 2859 supr.
523 2818 587 2848 viii.
606 2828 654 2848 22.
915 2823 1002 2849 ortus
1029 2825 1122 2857 esset,
1149 2832 1248 2860 qninn
1281 2822 1489 2852 tabernacula
1520 2822 1590 2851 lios-

250 2874 266 2902 3
303 2864 438 2893 flentum
482 2861 615 2901 viyinti]
670 2862 768 2892 Hunc
814 2874 870 2892 nn-
915 2863 995 2892 tium
1019 2863 1049 2892 in
1074 2864 1141 2893 foro
1165 2865 1313 2903 ponenda
1333 2875 1352 2894 a
1370 2864 1495 2895 vatibus
1519 2864 1590 2897 cuni

198 2917 321 2937 merum
358 2904 558 2945 ‚grandiorem
594 2915 673 2941 csse,
704 2914 799 2943 qnam
836 2909 871 2934 nt
916 2905 1164 2937 existimassent.
