1960 3218
645 131 774 174 LIB.
807 131 904 174 XL.
950 131 1097 174 CAP.
1131 135 1198 173 32.
1532 134 1616 172 459

225 222 361 265 omnis
393 231 436 265 et
465 231 586 280 aptus
615 237 794 279 pugnae.
857 222 923 264 Ibi
955 231 1107 264 stetere
1140 220 1322 278 Hispani
1351 220 1516 262 hostem
1543 235 1619 261 ex-
1632 230 1733 262 U.C.
1755 236 1830 270 571.

225 290 471 338 spectantes.
534 281 752 322 Romanus
796 280 907 321 intra
947 279 1102 321 vallum
1147 294 1244 321 suos
1289 278 1499 320 continuit
1544 292 1618 334 per
1631 273 1672 305 A.
1695 274 1734 306 C.
1759 272 1828 303 ¹8¹·

226 338 496 395 quatriduum
516 338 791 380 continuum:
825 346 868 379 et
895 337 956 378 illi
984 337 1133 378 eodem
1159 337 1252 378 loco
1280 336 1411 378 aciem
1440 336 1620 377 instruc-

226 407 311 438 tam
332 404 568 438 tenuerunt.
625 395 696 436 Ab
719 395 923 436 Romanis
943 395 1049 436 nihil
1070 403 1242 435 motum.
1295 394 1402 435 Inde
1420 394 1617 450 quievere

226 454 271 495 in
292 454 433 496 castris
456 453 671 503 Celtiberi,
694 453 794 509 quia
820 468 985 509 pugnae
1017 453 1138 508 copia
1162 467 1247 493 non
1270 452 1422 493 fiebat:
1455 451 1620 507 equites

226 520 390 553 tantum
410 512 454 552 in
475 511 698 553 stationem
719 511 1054 567 egrediebantur,
1073 518 1120 550 ut
1140 509 1273 566 parati
1295 518 1445 559 essent,
1464 509 1497 550 si
1514 508 1620 565 quid

226 570 278 611 ab
292 569 409 610 hoste
424 579 673 610 moveretur.
712 568 830 610 Pone
845 577 979 610 castra
991 567 1158 624 utrique
1172 566 1416 624 pabulatum
1431 575 1474 608 et
1486 566 1620 623 ligna-

225 636 317 668 tum
330 627 460 676 ibant,
475 627 615 668 neutri
628 627 778 668 alteros
791 626 1080 682 impedientes.
1116 625 1291 666 Praetor
1301 624 1530 674 Romanus,
1546 623 1620 665 ubi
1695 624 1762 662 31.

225 685 322 726 satis
344 693 406 726 tot
426 684 591 726 dierum
612 685 754 741 quiete
780 684 959 726 credidit
983 698 1099 740 spem
1123 683 1275 725 factam
1299 682 1422 732 hosti,
1445 681 1551 723 nihil
1575 697 1617 723 se
1632 679 1820 728 Vinquntpr

224 743 408 799 priorem
425 751 650 792 moturum,
673 742 722 784 L.
740 742 927 783 Acilium
948 757 1044 783 cum
1067 741 1131 782 ala
1151 741 1315 782 sinistra
1337 749 1379 781 et
1399 755 1473 782 sex
1495 739 1620 781 milli·
1631 723 1798 755 Cemben.

226 801 304 842 bus
318 800 635 857 provincialium
649 799 901 841 auxiliorum
915 800 1132 841 circumire
1147 807 1334 840 montem
1348 798 1477 848 iubet,
1487 797 1561 854 qui
1569 798 1620 839 ab

227 867 345 914 tergo
366 858 555 899 hostibus
576 867 686 906 erat3
718 857 830 907 inde,
850 858 922 898 ubi
943 857 1166 898 clamorem
1189 856 1385 906 audisset,
1403 856 1623 897 decurrere

227 915 281 957 ad
301 925 435 957 castra
455 931 611 957 eorum.
666 915 805 956 Nocte
827 914 1004 971 profecti
1025 923 1134 964 sunt,
1157 930 1210 955 ne
1232 923 1402 970 possent
1422 913 1620 970 conspici.

227 973 400 1015 Flaccus
435 973 527 1015 luce
556 974 691 1030 prima
723 972 772 1014 C.
795 972 1072 1022 Scribonium,
1095 972 1352 1029 praefectum
1375 972 1547 1021 socium,
1570 971 1624 1013 ad

197 1030 382 1077 gvallum
402 1031 586 1072 hostium
608 1047 705 1072 cum
727 1031 939 1087 equitibus
961 1030 1301 1072 extraordinariis
1322 1030 1511 1071 sinistrae
1533 1029 1623 1070 alae

228 1089 368 1130 mittit.
434 1089 554 1138 Quos
589 1089 662 1131 ubi
698 1098 739 1130 et
773 1089 944 1145 propius
981 1088 1194 1137 accedere,
1231 1097 1274 1129 et
1308 1087 1461 1143 plures,
1495 1102 1624 1143 quam

228 1146 339 1188 soliti
360 1156 491 1197 erant,
517 1146 721 1188 Celtiberi
747 1155 1070 1203 conspexerunt,
1094 1145 1228 1187 omnis
1256 1146 1468 1201 equitatus
1488 1145 1625 1186 effun-

227 1204 344 1246 ditur
378 1205 546 1246 castris:
595 1204 718 1245 simul
754 1213 797 1246 et
831 1204 1043 1261 peditibus
1083 1204 1249 1260 signum
1291 1203 1344 1244 ad
1380 1202 1625 1244 exeundum

226 1262 362 1303 datur.
429 1262 682 1312 Scribonius,
706 1262 767 1303 uti
798 1271 1068 1318 praeceptum
1099 1270 1200 1311 erat,
1228 1261 1300 1302 ubi
1330 1261 1513 1317 primum
1544 1260 1625 1301 fre-

228 1320 378 1360 mitum
411 1329 649 1375 equestrem
681 1319 854 1369 audivit,
877 1319 1027 1360 avertit
1057 1334 1201 1375 equos,
1225 1328 1267 1360 et
1297 1327 1429 1360 eastra
1458 1318 1621 1374 repetit.

230 1376 295 1418 Eo
323 1377 493 1418 effusius
521 1377 641 1433 sequi
667 1377 818 1418 hostes.
881 1377 1026 1418 Primo
1051 1376 1227 1432 equites,
1251 1391 1349 1417 mox
1371 1386 1413 1417 et
1433 1376 1624 1432 peditum

197 1435 338 1485 9acies
359 1434 514 1485 aderat,
532 1435 647 1476 haud
668 1435 796 1476 dubia
817 1450 902 1491 spe,
921 1444 1052 1476 castra
1073 1450 1123 1476 eo
1144 1433 1212 1475 die
1234 1449 1276 1475 se
1299 1443 1623 1490 oppugnaturos,

233 1492 501 1548 Quingentos
528 1507 683 1548 passus,
706 1508 793 1533 non
816 1492 923 1548 plus,
946 1507 970 1533 a
990 1492 1097 1533 vallo
1119 1492 1303 1533 aberant.
1366 1491 1529 1548 Itaque,
1553 1491 1625 1532 ubi

231 1549 404 1591 Flaccus
432 1550 529 1591 satis
557 1550 781 1591 abstractos
814 1564 884 1590 eos
915 1565 939 1590 a
970 1549 1175 1606 praesidio
1201 1559 1429 1590 castrorum
1454 1564 1625 1590 suorum

231 1617 344 1648 ratus
377 1616 450 1657 est,
482 1606 592 1649 intra
617 1607 772 1648 vallum
806 1607 995 1648 exercitu
1027 1608 1243 1656 instructo,
1273 1607 1405 1648 tribus
1437 1607 1625 1663 partibus

231 1665 355 1707 simul
388 1665 583 1722 erumpit,
618 1665 797 1706 clamore
831 1680 918 1706 non
952 1674 1114 1706 tantum
1149 1665 1202 1705 ad
1235 1664 1425 1705 ardorem
1457 1679 1624 1721 pugnae

232 1723 501 1764 excitandum
530 1723 706 1772 sublato,
728 1722 801 1763 sed
832 1723 958 1763 etiam
988 1732 1048 1772 ut,
1071 1722 1145 1778 qui
1176 1723 1220 1763 in
1251 1723 1463 1763 montibus
1491 1730 1624 1772 erant,

231 1781 492 1822 exaudirent.
557 1780 652 1822 Nec
680 1780 828 1821 morati
857 1788 966 1830 sunt,
990 1781 1093 1836 quin
1115 1780 1396 1830 decurrerent,
1419 1780 1526 1821 sicut
1547 1780 1626 1821 im-

230 1848 424 1895 peratum
452 1846 552 1888 erat,
575 1838 629 1879 ad
656 1847 814 1879 castra:
848 1839 921 1879 ubi
943 1839 1131 1894 quinque
1157 1837 1335 1879 millium
1356 1847 1624 1888 armatorum,

231 1912 319 1938 non
355 1896 545 1953 amplius,
579 1896 772 1937 relictum
808 1904 896 1937 erat
931 1896 1197 1952 praesidium.
1263 1896 1382 1944 Quos
1415 1911 1547 1952 quum
1583 1904 1627 1937 et

231 1955 418 2011 paucitas
452 1969 537 2004 sua,
564 1963 608 1995 et
639 1953 866 1994 multitudo
899 1952 1095 2003 hostium,
1118 1963 1160 1994 et
1191 1954 1415 2009 improvisa
1447 1969 1512 1995 res
1545 1961 1628 1995 ter-

231 2012 394 2061 ruisset,
431 2027 561 2068 prope
599 2011 688 2052 sine
725 2011 951 2053 certamine
988 2012 1213 2067 capiuntur
1247 2020 1389 2053 castra.
1455 2011 1625 2061 Castris,

233 2085 340 2125 quae
372 2085 466 2126 pars
493 2069 675 2110 maxime
703 2084 727 2110 a
753 2069 1038 2125 pugnantibus
1065 2069 1250 2125 conspici
1280 2077 1456 2125 poterat,
1482 2069 1628 2110 iniecit

234 2127 397 2168 Acilius
422 2128 576 2183 ignem.
639 2127 847 2168 Postremi
872 2126 1193 2176 Celtiberorum,
1217 2127 1289 2183 qui
1316 2127 1359 2167 in
1384 2127 1472 2168 acie
1494 2135 1624 2177 erant,

233 2185 357 2241 primi
381 2185 591 2225 flammam
618 2199 900 2240 conspexere:
934 2184 1089 2226 deinde
1117 2199 1192 2240 per
1223 2193 1353 2226 totam
1382 2185 1514 2226 aciem
1534 2184 1628 2226 vul·
1704 2194 1770 2233 32,

233 2252 377 2298 gatum
400 2252 475 2291 est,
498 2251 632 2283 castra
651 2243 799 2283 amissa
816 2257 916 2291 esse,
934 2251 976 2283 et
999 2252 1088 2283 tum
1110 2257 1241 2298 quum
1262 2242 1444 2283 maxime
1466 2242 1623 2284 ardere.

236 2300 364 2341 Unde
410 2300 491 2340 illis
536 2309 680 2349 terror,
718 2300 815 2341 inde
864 2299 1067 2341 Romanis
1118 2300 1281 2341 animus
1331 2300 1473 2341 crevit.
1536 2300 1626 2342 Iam

233 2357 390 2399 clamor
410 2373 579 2399 suorum
600 2358 858 2398 vincentium
881 2358 1107 2407 accidebat,
1130 2358 1212 2398 iam
1233 2357 1423 2399 ardentia
1443 2357 1626 2399 hostium

234 2424 368 2457 castra
411 2416 680 2472 apparebant.
745 2415 947 2457 Celtiberi
993 2430 1218 2471 parumper
1262 2415 1432 2456 incertis
1477 2416 1626 2457 animis

234 2473 424 2515 fluctuati
445 2482 554 2514 sunt.
620 2472 835 2522 Ceterum,
859 2482 1080 2529 postquam
1108 2482 1301 2529 receptus
1329 2473 1458 2528 pulsis
1486 2473 1626 2514 nullus

236 2540 336 2580 crat,
366 2546 443 2572 nec
476 2546 666 2587 usquam,
696 2531 774 2571 nisi
808 2530 852 2571 in
885 2531 1126 2579 certamine,
1154 2546 1259 2586 spes,
1286 2531 1539 2587 pertinacius
1572 2531 1624 2572 (le

234 2588 399 2644 integro
419 2598 640 2644 capessunt
661 2604 858 2645 pugnam.
911 2588 1018 2629 Acie
1041 2589 1181 2629 media
1201 2589 1457 2645 urgebantur
1477 2589 1627 2630 acriter

280 2751 298 2779 8
323 2751 403 2781 Cum
433 2752 591 2792 equitibus
617 2753 904 2791 extraordinariis]
952 2752 1115 2783 dationem
1142 2757 1385 2792 e11¹7›1151)›(1l11›·n.s·
1415 2751 1555 2782 Bckker.
1580 2762 1625 2782 re-

238 2794 277 2825 cf.
295 2794 390 2833 Supr.
403 2794 501 2825 xxvii.
521 2804 567 2824 12.
953 2795 1050 2835 cepit,
1067 2797 1223 2835 probante
1241 2793 1518 2825 Drakenborchio.

280 2847 299 2877 9
324 2838 593 2878 Oppugynaturos]
621 2836 776 2868 Gronovii
800 2849 907 2869 emen-
