<?xml version="1.0" encoding="UTF-8"?>
<!DOCTYPE html PUBLIC "-//W3C//DTD XHTML 1.0 Transitional//EN"
    "http://www.w3.org/TR/xhtml1/DTD/xhtml1-transitional.dtd">
<html xmlns="http://www.w3.org/1999/xhtml" xml:lang="en" lang="en">
 <head>
  <title>
</title>
<meta http-equiv="Content-Type" content="text/html;charset=utf-8" />
  <meta name='ocr-system' content='tesseract 3.04.00' />
  <meta name='ocr-capabilities' content='ocr_page ocr_carea ocr_par ocr_line ocrx_word'/>
</head>
<body>
  <div class='ocr_page' id='page_1' title='image "./historiarumli03livyuoft_0153.png"; bbox 0 0 1960 3218; ppageno 0'>
   <div class='ocr_carea' id='block_1_1' title="bbox 535 118 1566 162">
    <p class='ocr_par' dir='ltr' id='par_1_1' title="bbox 535 118 1566 162">
     <span class='ocr_line' id='line_1_1' title="bbox 535 118 1566 162; baseline -0.004 0"><span class='ocrx_word' id='word_1_1' title='bbox 535 120 660 162; x_wconf 88' lang='lat' dir='ltr'>LIB.</span> <span class='ocrx_word' id='word_1_2' title='bbox 694 119 911 160; x_wconf 88' lang='lat' dir='ltr'>XXXIV.</span> <span class='ocrx_word' id='word_1_3' title='bbox 958 118 1104 160; x_wconf 88' lang='lat' dir='ltr'>CAP.</span> <span class='ocrx_word' id='word_1_4' title='bbox 1143 120 1205 160; x_wconf 81' lang='lat'>17.</span> <span class='ocrx_word' id='word_1_5' title='bbox 1488 120 1566 159; x_wconf 80' lang='lat'>143</span> 
     </span>
    </p>
   </div>
   <div class='ocr_carea' id='block_1_2' title="bbox 146 207 1780 2407">
    <p class='ocr_par' dir='ltr' id='par_1_2' title="bbox 146 207 1780 2407">
     <span class='ocr_line' id='line_1_2' title="bbox 176 207 1779 266; baseline -0.004 -13"><span class='ocrx_word' id='word_1_6' title='bbox 176 213 336 254; x_wconf 87' lang='lat' dir='ltr'>iiciunt.</span> <span class='ocrx_word' id='word_1_7' title='bbox 402 210 652 252; x_wconf 84' lang='lat' dir='ltr'>Caeduntur</span> <span class='ocrx_word' id='word_1_8' title='bbox 679 211 723 250; x_wconf 92' lang='lat' dir='ltr'>in</span> <span class='ocrx_word' id='word_1_9' title='bbox 748 209 890 266; x_wconf 88' lang='lat' dir='ltr'>portis,</span> <span class='ocrx_word' id='word_1_10' title='bbox 913 216 1078 249; x_wconf 88' lang='lat' dir='ltr'>suomet</span> <span class='ocrx_word' id='word_1_11' title='bbox 1106 208 1183 264; x_wconf 84' lang='lat' dir='ltr'>ipsi</span> <span class='ocrx_word' id='word_1_12' title='bbox 1212 207 1378 264; x_wconf 78' lang='lat' dir='ltr'>agmine</span> <span class='ocrx_word' id='word_1_13' title='bbox 1407 208 1452 248; x_wconf 89' lang='lat' dir='ltr'>in</span> <span class='ocrx_word' id='word_1_14' title='bbox 1479 216 1569 249; x_wconf 87' lang='lat' dir='ltr'>arto</span> <span class='ocrx_word' id='word_1_15' title='bbox 1583 215 1628 247; x_wconf 88' lang='lat' dir='ltr'>U.</span> <span class='ocrx_word' id='word_1_16' title='bbox 1646 216 1683 247; x_wconf 84' lang='lat' dir='ltr'>C.</span> <span class='ocrx_word' id='word_1_17' title='bbox 1707 222 1779 256; x_wconf 82' lang='lat'>557.</span> 
     </span>
     <span class='ocr_line' id='line_1_3' title="bbox 178 259 1780 323; baseline -0.003 -12"><span class='ocrx_word' id='word_1_18' title='bbox 178 270 424 311; x_wconf 84' lang='lat' dir='ltr'>haerentes:</span> <span class='ocrx_word' id='word_1_19' title='bbox 458 268 687 310; x_wconf 87' lang='lat' dir='ltr'>secundani</span> <span class='ocrx_word' id='word_1_20' title='bbox 720 277 835 323; x_wconf 78' lang='lat' dir='ltr'>terga</span> <span class='ocrx_word' id='word_1_21' title='bbox 865 266 1048 308; x_wconf 86' lang='lat' dir='ltr'>hostium</span> <span class='ocrx_word' id='word_1_22' title='bbox 1069 265 1265 316; x_wconf 87' lang='lat' dir='ltr'>caedunt,</span> <span class='ocrx_word' id='word_1_23' title='bbox 1288 265 1417 307; x_wconf 89' lang='lat' dir='ltr'>ceteri</span> <span class='ocrx_word' id='word_1_24' title='bbox 1438 275 1571 307; x_wconf 89' lang='lat' dir='ltr'>eastra</span> <span class='ocrx_word' id='word_1_25' title='bbox 1582 260 1622 290; x_wconf 84' lang='lat' dir='ltr'>A.</span> <span class='ocrx_word' id='word_1_26' title='bbox 1647 259 1685 290; x_wconf 87' lang='lat' dir='ltr'>C.</span> <span class='ocrx_word' id='word_1_27' title='bbox 1710 266 1780 299; x_wconf 84' lang='lat'>195·</span> 
     </span>
     <span class='ocr_line' id='line_1_4' title="bbox 177 323 1570 384; baseline -0.004 -15"><span class='ocrx_word' id='word_1_28' title='bbox 177 328 393 384; x_wconf 86' lang='lat' dir='ltr'>diripiunt.</span> <span class='ocrx_word' id='word_1_29' title='bbox 455 326 650 367; x_wconf 88' lang='lat' dir='ltr'>Valerius</span> <span class='ocrx_word' id='word_1_30' title='bbox 675 325 828 366; x_wconf 81' lang='lat' dir='ltr'>Antias</span> <span class='ocrx_word' id='word_1_31' title='bbox 857 339 981 381; x_wconf 88' lang='lat' dir='ltr'>supra</span> <span class='ocrx_word' id='word_1_32' title='bbox 1011 324 1290 380; x_wconf 81' lang='lat' dir='ltr'>quadraginta</span> <span class='ocrx_word' id='word_1_33' title='bbox 1314 323 1445 364; x_wconf 90' lang='lat' dir='ltr'>millia</span> <span class='ocrx_word' id='word_1_34' title='bbox 1474 323 1570 364; x_wconf 92' lang='lat' dir='ltr'>hos-</span> 
     </span>
     <span class='ocr_line' id='line_1_5' title="bbox 178 381 1570 438; baseline -0.004 -11"><span class='ocrx_word' id='word_1_35' title='bbox 178 386 283 427; x_wconf 89' lang='lat' dir='ltr'>tium</span> <span class='ocrx_word' id='word_1_36' title='bbox 311 400 430 426; x_wconf 88' lang='lat' dir='ltr'>caesa</span> <span class='ocrx_word' id='word_1_37' title='bbox 456 400 505 426; x_wconf 93' lang='lat' dir='ltr'>eo</span> <span class='ocrx_word' id='word_1_38' title='bbox 537 384 604 425; x_wconf 87' lang='lat' dir='ltr'>die</span> <span class='ocrx_word' id='word_1_39' title='bbox 634 383 786 424; x_wconf 81' lang='lat' dir='ltr'>scribit.</span> <span class='ocrx_word' id='word_1_40' title='bbox 851 384 957 424; x_wconf 89' lang='lat' dir='ltr'>Cato</span> <span class='ocrx_word' id='word_1_41' title='bbox 985 382 1086 438; x_wconf 85' lang='lat' dir='ltr'>ipse,</span> <span class='ocrx_word' id='word_1_42' title='bbox 1109 381 1223 423; x_wconf 87' lang='lat' dir='ltr'>haud</span> <span class='ocrx_word' id='word_1_43' title='bbox 1244 396 1342 422; x_wconf 88' lang='lat' dir='ltr'>sane</span> <span class='ocrx_word' id='word_1_44' title='bbox 1364 381 1570 422; x_wconf 87' lang='lat' dir='ltr'>detrecta-</span> 
     </span>
     <span class='ocr_line' id='line_1_6' title="bbox 179 440 1570 491; baseline -0.004 -6"><span class='ocrx_word' id='word_1_45' title='bbox 179 453 243 485; x_wconf 91' lang='lat' dir='ltr'>tor</span> <span class='ocrx_word' id='word_1_46' title='bbox 282 443 458 484; x_wconf 85' lang='lat' dir='ltr'>laudum</span> <span class='ocrx_word' id='word_1_47' title='bbox 493 457 674 491; x_wconf 84' lang='lat' dir='ltr'>suarum,</span> <span class='ocrx_word' id='word_1_48' title='bbox 716 440 870 482; x_wconf 87' lang='lat' dir='ltr'>multos</span> <span class='ocrx_word' id='word_1_49' title='bbox 910 455 1050 481; x_wconf 84' lang='lat' dir='ltr'>caesos</span> <span class='ocrx_word' id='word_1_50' title='bbox 1090 440 1174 488; x_wconf 81' lang='lat' dir='ltr'>ait3</span> <span class='ocrx_word' id='word_1_51' title='bbox 1217 454 1443 480; x_wconf 88' lang='lat' dir='ltr'>numerum</span> <span class='ocrx_word' id='word_1_52' title='bbox 1483 454 1570 480; x_wconf 91' lang='lat' dir='ltr'>non</span> 
     </span>
     <span class='ocr_line' id='line_1_7' title="bbox 178 501 355 543; baseline -0.006 0"><span class='ocrx_word' id='word_1_53' title='bbox 178 501 355 543; x_wconf 86' lang='lat' dir='ltr'>ascribit.</span> 
     </span>
     <span class='ocr_line' id='line_1_8' title="bbox 235 554 1710 612; baseline -0.003 -12"><span class='ocrx_word' id='word_1_54' title='bbox 235 559 340 601; x_wconf 89' lang='lat' dir='ltr'>Tria</span> <span class='ocrx_word' id='word_1_55' title='bbox 360 574 409 600; x_wconf 92' lang='lat' dir='ltr'>eo</span> <span class='ocrx_word' id='word_1_56' title='bbox 431 558 498 599; x_wconf 88' lang='lat' dir='ltr'>die</span> <span class='ocrx_word' id='word_1_57' title='bbox 520 557 745 599; x_wconf 81' lang='lat' dir='ltr'>laudabilia</span> <span class='ocrx_word' id='word_1_58' title='bbox 771 556 915 598; x_wconf 85' lang='lat' dir='ltr'>fecisse</span> <span class='ocrx_word' id='word_1_59' title='bbox 940 564 1136 612; x_wconf 85' lang='lat' dir='ltr'>putatur:</span> <span class='ocrx_word' id='word_1_60' title='bbox 1170 570 1315 605; x_wconf 89' lang='lat' dir='ltr'>unum,</span> <span class='ocrx_word' id='word_1_61' title='bbox 1339 554 1466 611; x_wconf 88' lang='lat' dir='ltr'>quod,</span> <span class='ocrx_word' id='word_1_62' title='bbox 1489 555 1569 596; x_wconf 89' lang='lat' dir='ltr'>cir·</span> <span class='ocrx_word' id='word_1_63' title='bbox 1649 557 1710 595; x_wconf 88' lang='lat'>16.</span> 
     </span>
     <span class='ocr_line' id='line_1_9' title="bbox 146 606 1569 672; baseline -0.004 -14"><span class='ocrx_word' id='word_1_64' title='bbox 146 606 403 672; x_wconf 59' lang='lat' dir='ltr'>{cumducto</span> <span class='ocrx_word' id='word_1_65' title='bbox 444 616 644 665; x_wconf 78' lang='lat' dir='ltr'>exercitu,</span> <span class='ocrx_word' id='word_1_66' title='bbox 686 614 832 671; x_wconf 89' lang='lat' dir='ltr'>procul</span> <span class='ocrx_word' id='word_1_67' title='bbox 872 615 1047 655; x_wconf 86' lang='lat' dir='ltr'>navibus</span> <span class='ocrx_word' id='word_1_68' title='bbox 1088 613 1171 654; x_wconf 89' lang='lat' dir='ltr'>suis</span> <span class='ocrx_word' id='word_1_69' title='bbox 1212 613 1454 669; x_wconf 84' lang='lat' dir='ltr'>castrisque,</span> <span class='ocrx_word' id='word_1_70' title='bbox 1496 613 1569 654; x_wconf 91' lang='lat' dir='ltr'>ubi</span> 
     </span>
     <span class='ocr_line' id='line_1_10' title="bbox 177 670 1568 731; baseline -0.004 -15"><span class='ocrx_word' id='word_1_71' title='bbox 177 690 294 731; x_wconf 87' lang='lat' dir='ltr'>spem</span> <span class='ocrx_word' id='word_1_72' title='bbox 315 675 394 715; x_wconf 90' lang='lat' dir='ltr'>nisi</span> <span class='ocrx_word' id='word_1_73' title='bbox 416 674 459 715; x_wconf 92' lang='lat' dir='ltr'>in</span> <span class='ocrx_word' id='word_1_74' title='bbox 480 674 631 714; x_wconf 80' lang='lat' dir='ltr'>virtute</span> <span class='ocrx_word' id='word_1_75' title='bbox 653 673 868 722; x_wconf 81' lang='lat' dir='ltr'>haberent,</span> <span class='ocrx_word' id='word_1_76' title='bbox 891 672 1000 713; x_wconf 86' lang='lat' dir='ltr'>inter</span> <span class='ocrx_word' id='word_1_77' title='bbox 1020 671 1180 713; x_wconf 89' lang='lat' dir='ltr'>medios</span> <span class='ocrx_word' id='word_1_78' title='bbox 1201 671 1341 712; x_wconf 89' lang='lat' dir='ltr'>hostes</span> <span class='ocrx_word' id='word_1_79' title='bbox 1362 670 1568 727; x_wconf 91' lang='lat' dir='ltr'>proelium</span> 
     </span>
     <span class='ocr_line' id='line_1_11' title="bbox 178 728 1565 787; baseline -0.003 -14"><span class='ocrx_word' id='word_1_80' title='bbox 178 732 406 774; x_wconf 88' lang='lat' dir='ltr'>commisit:</span> <span class='ocrx_word' id='word_1_81' title='bbox 441 732 630 781; x_wconf 86' lang='lat' dir='ltr'>alterum,</span> <span class='ocrx_word' id='word_1_82' title='bbox 646 730 762 787; x_wconf 86' lang='lat' dir='ltr'>quod</span> <span class='ocrx_word' id='word_1_83' title='bbox 782 730 974 771; x_wconf 85' lang='lat' dir='ltr'>cohortes</span> <span class='ocrx_word' id='word_1_84' title='bbox 991 730 1041 771; x_wconf 89' lang='lat' dir='ltr'>ab</span> <span class='ocrx_word' id='word_1_85' title='bbox 1057 738 1173 786; x_wconf 80' lang='lat' dir='ltr'>tergo</span> <span class='ocrx_word' id='word_1_86' title='bbox 1191 729 1381 778; x_wconf 74' lang='lat' dir='ltr'>hostibus</span> <span class='ocrx_word' id='word_1_87' title='bbox 1396 728 1565 770; x_wconf 90' lang='lat' dir='ltr'>obiecit:</span> 
     </span>
     <span class='ocr_line' id='line_1_12' title="bbox 179 787 1570 846; baseline -0.004 -14"><span class='ocrx_word' id='word_1_88' title='bbox 179 790 360 840; x_wconf 84' lang='lat' dir='ltr'>tertium,</span> <span class='ocrx_word' id='word_1_89' title='bbox 384 790 499 846; x_wconf 90' lang='lat' dir='ltr'>quod</span> <span class='ocrx_word' id='word_1_90' title='bbox 528 788 755 830; x_wconf 88' lang='lat' dir='ltr'>secundam</span> <span class='ocrx_word' id='word_1_91' title='bbox 783 788 1008 844; x_wconf 81' lang='lat' dir='ltr'>legionem,</span> <span class='ocrx_word' id='word_1_92' title='bbox 1031 788 1179 829; x_wconf 87' lang='lat' dir='ltr'>ceteris</span> <span class='ocrx_word' id='word_1_93' title='bbox 1207 787 1402 828; x_wconf 90' lang='lat' dir='ltr'>omnibus</span> <span class='ocrx_word' id='word_1_94' title='bbox 1429 787 1570 827; x_wconf 88' lang='lat' dir='ltr'>effusis</span> 
     </span>
     <span class='ocr_line' id='line_1_13' title="bbox 178 844 1570 904; baseline -0.004 -14"><span class='ocrx_word' id='word_1_95' title='bbox 178 848 231 890; x_wconf 86' lang='lat' dir='ltr'>ad</span> <span class='ocrx_word' id='word_1_96' title='bbox 263 848 498 904; x_wconf 84' lang='lat' dir='ltr'>sequendos</span> <span class='ocrx_word' id='word_1_97' title='bbox 528 847 680 896; x_wconf 86' lang='lat' dir='ltr'>hostes,</span> <span class='ocrx_word' id='word_1_98' title='bbox 713 846 838 903; x_wconf 90' lang='lat' dir='ltr'>pleno</span> <span class='ocrx_word' id='word_1_99' title='bbox 868 845 1000 901; x_wconf 75' lang='lat' dir='ltr'>gradu</span> <span class='ocrx_word' id='word_1_100' title='bbox 1031 846 1107 886; x_wconf 90' lang='lat' dir='ltr'>sub</span> <span class='ocrx_word' id='word_1_101' title='bbox 1138 845 1266 901; x_wconf 82' lang='lat' dir='ltr'>signis</span> <span class='ocrx_word' id='word_1_102' title='bbox 1297 844 1570 902; x_wconf 86' lang='lat' dir='ltr'>compositam</span> 
     </span>
     <span class='ocr_line' id='line_1_14' title="bbox 179 902 1566 961; baseline -0.003 -14"><span class='ocrx_word' id='word_1_103' title='bbox 179 907 506 961; x_wconf 85' lang='lat' dir='ltr'>instructamque</span> <span class='ocrx_word' id='word_1_104' title='bbox 539 905 675 946; x_wconf 88' lang='lat' dir='ltr'>subire</span> <span class='ocrx_word' id='word_1_105' title='bbox 708 905 760 945; x_wconf 85' lang='lat' dir='ltr'>ad</span> <span class='ocrx_word' id='word_1_106' title='bbox 790 913 950 960; x_wconf 85' lang='lat' dir='ltr'>portam</span> <span class='ocrx_word' id='word_1_107' title='bbox 989 912 1215 945; x_wconf 84' lang='lat' dir='ltr'>castrorum</span> <span class='ocrx_word' id='word_1_108' title='bbox 1252 903 1381 944; x_wconf 88' lang='lat' dir='ltr'>iussit.</span> <span class='ocrx_word' id='word_1_109' title='bbox 1445 902 1566 943; x_wconf 87' lang='lat' dir='ltr'>Nihil</span> 
     </span>
     <span class='ocr_line' id='line_1_15' title="bbox 178 960 1568 1017; baseline -0.003 -12"><span class='ocrx_word' id='word_1_110' title='bbox 178 964 332 1005; x_wconf 85' lang='lat' dir='ltr'>deinde.</span> <span class='ocrx_word' id='word_1_111' title='bbox 365 979 388 1005; x_wconf 90' lang='lat' dir='ltr'>a</span> <span class='ocrx_word' id='word_1_112' title='bbox 417 963 590 1004; x_wconf 76' lang='lat' dir='ltr'>victoria</span> <span class='ocrx_word' id='word_1_113' title='bbox 620 971 836 1004; x_wconf 86' lang='lat' dir='ltr'>cessatum.</span> <span class='ocrx_word' id='word_1_114' title='bbox 903 961 1061 1011; x_wconf 79' lang='lat' dir='ltr'>Quum,</span> <span class='ocrx_word' id='word_1_115' title='bbox 1093 961 1279 1017; x_wconf 83' lang='lat' dir='ltr'>receptui</span> <span class='ocrx_word' id='word_1_116' title='bbox 1306 961 1425 1017; x_wconf 79' lang='lat' dir='ltr'>signo</span> <span class='ocrx_word' id='word_1_117' title='bbox 1457 960 1568 1010; x_wconf 83' lang='lat' dir='ltr'>dato,</span> 
     </span>
     <span class='ocr_line' id='line_1_16' title="bbox 179 1018 1570 1078; baseline -0.003 -15"><span class='ocrx_word' id='word_1_118' title='bbox 179 1038 275 1064; x_wconf 91' lang='lat' dir='ltr'>suos</span> <span class='ocrx_word' id='word_1_119' title='bbox 296 1021 435 1078; x_wconf 88' lang='lat' dir='ltr'>spoliis</span> <span class='ocrx_word' id='word_1_120' title='bbox 456 1030 625 1062; x_wconf 88' lang='lat' dir='ltr'>onustos</span> <span class='ocrx_word' id='word_1_121' title='bbox 646 1021 688 1061; x_wconf 88' lang='lat' dir='ltr'>in</span> <span class='ocrx_word' id='word_1_122' title='bbox 718 1029 849 1062; x_wconf 88' lang='lat' dir='ltr'>castra</span> <span class='ocrx_word' id='word_1_123' title='bbox 869 1020 1115 1070; x_wconf 79' lang='lat' dir='ltr'>reduxisset,</span> <span class='ocrx_word' id='word_1_124' title='bbox 1139 1019 1282 1075; x_wconf 85' lang='lat' dir='ltr'>paucis</span> <span class='ocrx_word' id='word_1_125' title='bbox 1302 1019 1415 1060; x_wconf 90' lang='lat' dir='ltr'>horis</span> <span class='ocrx_word' id='word_1_126' title='bbox 1437 1018 1570 1060; x_wconf 89' lang='lat' dir='ltr'>noctis</span> 
     </span>
     <span class='ocr_line' id='line_1_17' title="bbox 180 1076 1775 1136; baseline -0.004 -15"><span class='ocrx_word' id='word_1_127' title='bbox 180 1080 233 1121; x_wconf 87' lang='lat' dir='ltr'>ad</span> <span class='ocrx_word' id='word_1_128' title='bbox 255 1081 438 1136; x_wconf 88' lang='lat' dir='ltr'>quietem</span> <span class='ocrx_word' id='word_1_129' title='bbox 461 1079 581 1128; x_wconf 79' lang='lat' dir='ltr'>datis.</span> <span class='ocrx_word' id='word_1_130' title='bbox 600 1078 652 1119; x_wconf 87' lang='lat' dir='ltr'>ad</span> <span class='ocrx_word' id='word_1_131' title='bbox 673 1077 961 1134; x_wconf 86' lang='lat' dir='ltr'>praedandum</span> <span class='ocrx_word' id='word_1_132' title='bbox 976 1078 1020 1118; x_wconf 90' lang='lat' dir='ltr'>in</span> <span class='ocrx_word' id='word_1_133' title='bbox 1042 1093 1159 1134; x_wconf 80' lang='lat' dir='ltr'>agros</span> <span class='ocrx_word' id='word_1_134' title='bbox 1177 1077 1309 1118; x_wconf 81' lang='lat' dir='ltr'>duxit.</span> <span class='ocrx_word' id='word_1_135' title='bbox 1373 1076 1568 1126; x_wconf 87' lang='lat' dir='ltr'>Effusius,</span> <span class='ocrx_word' id='word_1_136' title='bbox 1585 1085 1726 1134; x_wconf 67' lang='lat' dir='ltr'>Hispani</span> <span class='ocrx_word' id='word_1_137' title='bbox 1742 1095 1775 1115; x_wconf 81' lang='lat' dir='ltr'>se</span> 
     </span>
     <span class='ocr_line' id='line_1_18' title="bbox 180 1129 1760 1194; baseline -0.002 -16"><span class='ocrx_word' id='word_1_138' title='bbox 180 1146 227 1179; x_wconf 91' lang='lat' dir='ltr'>ut</span> <span class='ocrx_word' id='word_1_139' title='bbox 267 1137 415 1194; x_wconf 82' lang='lat' dir='ltr'>sparsis</span> <span class='ocrx_word' id='word_1_140' title='bbox 454 1137 642 1177; x_wconf 86' lang='lat' dir='ltr'>hostibus</span> <span class='ocrx_word' id='word_1_141' title='bbox 673 1137 783 1192; x_wconf 72' lang='lat' dir='ltr'>fuga,</span> <span class='ocrx_word' id='word_1_142' title='bbox 820 1135 1009 1192; x_wconf 86' lang='lat' dir='ltr'>praedati</span> <span class='ocrx_word' id='word_1_143' title='bbox 1046 1144 1154 1176; x_wconf 85' lang='lat' dir='ltr'>sunt.</span> <span class='ocrx_word' id='word_1_144' title='bbox 1221 1134 1343 1182; x_wconf 79' lang='lat' dir='ltr'>Quae</span> <span class='ocrx_word' id='word_1_145' title='bbox 1383 1150 1448 1175; x_wconf 90' lang='lat' dir='ltr'>res</span> <span class='ocrx_word' id='word_1_146' title='bbox 1484 1150 1569 1175; x_wconf 89' lang='lat' dir='ltr'>non</span> <span class='ocrx_word' id='word_1_147' title='bbox 1584 1139 1611 1159; x_wconf 63' lang='grc' dir='ltr'>θ’</span> <span class='ocrx_word' id='word_1_148' title='bbox 1629 1129 1760 1159; x_wconf 79' lang='lat' dir='ltr'>dedunt.</span> 
     </span>
     <span class='ocr_line' id='line_1_19' title="bbox 180 1190 1570 1250; baseline -0.001 -15"><span class='ocrx_word' id='word_1_149' title='bbox 180 1195 330 1244; x_wconf 90' lang='lat' dir='ltr'>minus,</span> <span class='ocrx_word' id='word_1_150' title='bbox 353 1210 478 1250; x_wconf 85' lang='lat' dir='ltr'>quam</span> <span class='ocrx_word' id='word_1_151' title='bbox 500 1209 641 1250; x_wconf 79' lang='lat' dir='ltr'>pugna</span> <span class='ocrx_word' id='word_1_152' title='bbox 662 1190 795 1250; x_wconf 81' lang='lat' dir='ltr'>pridie</span> <span class='ocrx_word' id='word_1_153' title='bbox 824 1193 1008 1242; x_wconf 79' lang='lat' dir='ltr'>adversa,</span> <span class='ocrx_word' id='word_1_154' title='bbox 1033 1192 1328 1249; x_wconf 84' lang='lat' dir='ltr'>Emporitanos</span> <span class='ocrx_word' id='word_1_155' title='bbox 1357 1191 1570 1248; x_wconf 87' lang='lat' dir='ltr'>Hispanos</span> 
     </span>
     <span class='ocr_line' id='line_1_20' title="bbox 180 1250 1570 1308; baseline -0.002 -14"><span class='ocrx_word' id='word_1_156' title='bbox 180 1252 422 1308; x_wconf 86' lang='lat' dir='ltr'>accolasque</span> <span class='ocrx_word' id='word_1_157' title='bbox 444 1267 589 1293; x_wconf 87' lang='lat' dir='ltr'>eorum</span> <span class='ocrx_word' id='word_1_158' title='bbox 617 1252 661 1292; x_wconf 92' lang='lat' dir='ltr'>in</span> <span class='ocrx_word' id='word_1_159' title='bbox 691 1251 949 1292; x_wconf 87' lang='lat' dir='ltr'>deditionem</span> <span class='ocrx_word' id='word_1_160' title='bbox 978 1250 1191 1306; x_wconf 83' lang='lat' dir='ltr'>compulit.</span> <span class='ocrx_word' id='word_1_161' title='bbox 1256 1250 1386 1292; x_wconf 70' lang='lat' dir='ltr'>Multi</span> <span class='ocrx_word' id='word_1_162' title='bbox 1409 1260 1451 1291; x_wconf 87' lang='lat' dir='ltr'>et</span> <span class='ocrx_word' id='word_1_163' title='bbox 1472 1250 1570 1291; x_wconf 87' lang='lat' dir='ltr'>alia-</span> 
     </span>
     <span class='ocr_line' id='line_1_21' title="bbox 179 1308 1567 1366; baseline -0.001 -15"><span class='ocrx_word' id='word_1_164' title='bbox 179 1325 272 1351; x_wconf 90' lang='lat' dir='ltr'>rum</span> <span class='ocrx_word' id='word_1_165' title='bbox 299 1310 543 1359; x_wconf 84' lang='lat' dir='ltr'>civitatium,</span> <span class='ocrx_word' id='word_1_166' title='bbox 567 1309 640 1366; x_wconf 88' lang='lat' dir='ltr'>qui</span> <span class='ocrx_word' id='word_1_167' title='bbox 667 1309 886 1366; x_wconf 84' lang='lat' dir='ltr'>Emporias</span> <span class='ocrx_word' id='word_1_168' title='bbox 912 1308 1194 1365; x_wconf 76' lang='lat' dir='ltr'>perfugerant,</span> <span class='ocrx_word' id='word_1_169' title='bbox 1225 1308 1483 1349; x_wconf 87' lang='lat' dir='ltr'>dediderunt</span> <span class='ocrx_word' id='word_1_170' title='bbox 1512 1324 1567 1349; x_wconf 87' lang='lat' dir='ltr'>se.</span> 
     </span>
     <span class='ocr_line' id='line_1_22' title="bbox 183 1367 1568 1423; baseline -0.001 -14"><span class='ocrx_word' id='word_1_171' title='bbox 183 1367 301 1417; x_wconf 81' lang='lat' dir='ltr'>Quos</span> <span class='ocrx_word' id='word_1_172' title='bbox 330 1383 486 1417; x_wconf 81' lang='lat' dir='ltr'>omnes,</span> <span class='ocrx_word' id='word_1_173' title='bbox 516 1367 745 1423; x_wconf 86' lang='lat' dir='ltr'>appellatos</span> <span class='ocrx_word' id='word_1_174' title='bbox 773 1367 967 1423; x_wconf 79' lang='lat' dir='ltr'>benigne,</span> <span class='ocrx_word' id='word_1_175' title='bbox 990 1367 1172 1422; x_wconf 87' lang='lat' dir='ltr'>vinoque</span> <span class='ocrx_word' id='word_1_176' title='bbox 1202 1375 1244 1407; x_wconf 90' lang='lat' dir='ltr'>et</span> <span class='ocrx_word' id='word_1_177' title='bbox 1271 1367 1364 1407; x_wconf 90' lang='lat' dir='ltr'>cibo</span> <span class='ocrx_word' id='word_1_178' title='bbox 1391 1374 1568 1416; x_wconf 83' lang='lat' dir='ltr'>curatos,</span> 
     </span>
     <span class='ocr_line' id='line_1_23' title="bbox 180 1424 1571 1480; baseline -0.002 -13"><span class='ocrx_word' id='word_1_179' title='bbox 180 1426 325 1467; x_wconf 89' lang='lat' dir='ltr'>domos</span> <span class='ocrx_word' id='word_1_180' title='bbox 346 1425 514 1466; x_wconf 88' lang='lat' dir='ltr'>dimisit.</span> <span class='ocrx_word' id='word_1_181' title='bbox 580 1424 814 1466; x_wconf 82' lang='lat' dir='ltr'>Confestim</span> <span class='ocrx_word' id='word_1_182' title='bbox 839 1425 938 1466; x_wconf 89' lang='lat' dir='ltr'>inde</span> <span class='ocrx_word' id='word_1_183' title='bbox 961 1434 1093 1465; x_wconf 84' lang='lat' dir='ltr'>castra</span> <span class='ocrx_word' id='word_1_184' title='bbox 1114 1425 1271 1465; x_wconf 89' lang='lat' dir='ltr'>movit:</span> <span class='ocrx_word' id='word_1_185' title='bbox 1306 1432 1359 1474; x_wconf 82' lang='lat' dir='ltr'>et,</span> <span class='ocrx_word' id='word_1_186' title='bbox 1383 1439 1571 1480; x_wconf 85' lang='lat' dir='ltr'>quacun-</span> 
     </span>
     <span class='ocr_line' id='line_1_24' title="bbox 181 1482 1571 1540; baseline -0.001 -15"><span class='ocrx_word' id='word_1_187' title='bbox 181 1499 262 1540; x_wconf 90' lang='lat' dir='ltr'>que</span> <span class='ocrx_word' id='word_1_188' title='bbox 285 1483 507 1525; x_wconf 86' lang='lat' dir='ltr'>incedebat</span> <span class='ocrx_word' id='word_1_189' title='bbox 522 1499 685 1540; x_wconf 81' lang='lat' dir='ltr'>agmen,</span> <span class='ocrx_word' id='word_1_190' title='bbox 700 1483 826 1539; x_wconf 80' lang='lat' dir='ltr'>legati</span> <span class='ocrx_word' id='word_1_191' title='bbox 843 1482 1089 1524; x_wconf 89' lang='lat' dir='ltr'>dedentium</span> <span class='ocrx_word' id='word_1_192' title='bbox 1111 1482 1297 1523; x_wconf 89' lang='lat' dir='ltr'>civitates</span> <span class='ocrx_word' id='word_1_193' title='bbox 1314 1497 1408 1523; x_wconf 86' lang='lat' dir='ltr'>suas</span> <span class='ocrx_word' id='word_1_194' title='bbox 1425 1497 1571 1523; x_wconf 89' lang='lat' dir='ltr'>occur-</span> 
     </span>
     <span class='ocr_line' id='line_1_25' title="bbox 179 1540 1570 1597; baseline -0.001 -14"><span class='ocrx_word' id='word_1_195' title='bbox 179 1542 337 1583; x_wconf 87' lang='lat' dir='ltr'>rebant.</span> <span class='ocrx_word' id='word_1_196' title='bbox 400 1541 457 1582; x_wconf 85' lang='lat' dir='ltr'>Et</span> <span class='ocrx_word' id='word_1_197' title='bbox 474 1557 603 1597; x_wconf 88' lang='lat' dir='ltr'>quum</span> <span class='ocrx_word' id='word_1_198' title='bbox 627 1541 907 1582; x_wconf 88' lang='lat' dir='ltr'>Tarraconem</span> <span class='ocrx_word' id='word_1_199' title='bbox 924 1541 1052 1590; x_wconf 77' lang='lat' dir='ltr'>venit,</span> <span class='ocrx_word' id='word_1_200' title='bbox 1068 1541 1149 1581; x_wconf 90' lang='lat' dir='ltr'>iam</span> <span class='ocrx_word' id='word_1_201' title='bbox 1172 1540 1306 1581; x_wconf 87' lang='lat' dir='ltr'>omnis</span> <span class='ocrx_word' id='word_1_202' title='bbox 1324 1540 1382 1582; x_wconf 91' lang='lat' dir='ltr'>eis</span> <span class='ocrx_word' id='word_1_203' title='bbox 1399 1540 1570 1582; x_wconf 83' lang='lat' dir='ltr'>Iberum</span> 
     </span>
     <span class='ocr_line' id='line_1_26' title="bbox 182 1598 1569 1655; baseline -0.001 -15"><span class='ocrx_word' id='word_1_204' title='bbox 182 1599 388 1655; x_wconf 83' lang='lat' dir='ltr'>Hispania</span> <span class='ocrx_word' id='word_1_205' title='bbox 407 1600 641 1655; x_wconf 86' lang='lat' dir='ltr'>perdomita</span> <span class='ocrx_word' id='word_1_206' title='bbox 670 1608 770 1649; x_wconf 86' lang='lat' dir='ltr'>erat,</span> <span class='ocrx_word' id='word_1_207' title='bbox 793 1599 1031 1655; x_wconf 78' lang='lat' dir='ltr'>captivique</span> <span class='ocrx_word' id='word_1_208' title='bbox 1054 1606 1096 1639; x_wconf 92' lang='lat' dir='ltr'>et</span> <span class='ocrx_word' id='word_1_209' title='bbox 1125 1598 1321 1648; x_wconf 82' lang='lat' dir='ltr'>Romani,</span> <span class='ocrx_word' id='word_1_210' title='bbox 1344 1607 1386 1640; x_wconf 90' lang='lat' dir='ltr'>et</span> <span class='ocrx_word' id='word_1_211' title='bbox 1411 1599 1569 1640; x_wconf 87' lang='lat' dir='ltr'>socium</span> 
     </span>
     <span class='ocr_line' id='line_1_27' title="bbox 181 1656 1601 1713; baseline -0.001 -15"><span class='ocrx_word' id='word_1_212' title='bbox 181 1672 228 1698; x_wconf 89' lang='lat' dir='ltr'>ac</span> <span class='ocrx_word' id='word_1_213' title='bbox 250 1657 392 1698; x_wconf 89' lang='lat' dir='ltr'>Latini</span> <span class='ocrx_word' id='word_1_214' title='bbox 413 1657 608 1707; x_wconf 81' lang='lat' dir='ltr'>nominis,</span> <span class='ocrx_word' id='word_1_215' title='bbox 633 1658 754 1698; x_wconf 79' lang='lat' dir='ltr'>variis</span> <span class='ocrx_word' id='word_1_216' title='bbox 783 1657 944 1698; x_wconf 87' lang='lat' dir='ltr'>casibus</span> <span class='ocrx_word' id='word_1_217' title='bbox 965 1657 1009 1697; x_wconf 90' lang='lat' dir='ltr'>in</span> <span class='ocrx_word' id='word_1_218' title='bbox 1038 1656 1247 1712; x_wconf 88' lang='lat' dir='ltr'>Hispania</span> <span class='ocrx_word' id='word_1_219' title='bbox 1274 1656 1474 1713; x_wconf 85' lang='lat' dir='ltr'>oppressi,</span> <span class='ocrx_word' id='word_1_220' title='bbox 1497 1656 1571 1697; x_wconf 84' lang='lat' dir='ltr'>do·</span> <span class='ocrx_word' id='word_1_221' title='bbox 1597 1669 1601 1673; x_wconf 69' lang='grc'><em>’</em></span> 
     </span>
     <span class='ocr_line' id='line_1_28' title="bbox 180 1713 1571 1757; baseline -0.001 -1"><span class='ocrx_word' id='word_1_222' title='bbox 180 1730 282 1756; x_wconf 91' lang='lat' dir='ltr'>num</span> <span class='ocrx_word' id='word_1_223' title='bbox 312 1715 471 1757; x_wconf 90' lang='lat' dir='ltr'>consuli</span> <span class='ocrx_word' id='word_1_224' title='bbox 501 1731 524 1756; x_wconf 88' lang='lat' dir='ltr'>a</span> <span class='ocrx_word' id='word_1_225' title='bbox 550 1715 733 1757; x_wconf 85' lang='lat' dir='ltr'>barbaris</span> <span class='ocrx_word' id='word_1_226' title='bbox 760 1715 1079 1756; x_wconf 88' lang='lat' dir='ltr'>reducebantur.</span> <span class='ocrx_word' id='word_1_227' title='bbox 1144 1714 1271 1755; x_wconf 85' lang='lat' dir='ltr'>Fama</span> <span class='ocrx_word' id='word_1_228' title='bbox 1299 1714 1452 1755; x_wconf 89' lang='lat' dir='ltr'>deinde</span> <span class='ocrx_word' id='word_1_229' title='bbox 1480 1713 1571 1754; x_wconf 87' lang='lat' dir='ltr'>vul-</span> 
     </span>
     <span class='ocr_line' id='line_1_29' title="bbox 180 1772 1571 1829; baseline -0.001 -15"><span class='ocrx_word' id='word_1_230' title='bbox 180 1782 313 1829; x_wconf 84' lang='lat' dir='ltr'>gatur,</span> <span class='ocrx_word' id='word_1_231' title='bbox 343 1772 557 1814; x_wconf 87' lang='lat' dir='ltr'>consulem</span> <span class='ocrx_word' id='word_1_232' title='bbox 583 1774 627 1814; x_wconf 88' lang='lat' dir='ltr'>in</span> <span class='ocrx_word' id='word_1_233' title='bbox 660 1773 963 1814; x_wconf 86' lang='lat' dir='ltr'>Turdetaniam</span> <span class='ocrx_word' id='word_1_234' title='bbox 993 1773 1226 1814; x_wconf 81' lang='lat' dir='ltr'>exercitum</span> <span class='ocrx_word' id='word_1_235' title='bbox 1257 1773 1495 1822; x_wconf 83' lang='lat' dir='ltr'>ducturum,</span> <span class='ocrx_word' id='word_1_236' title='bbox 1529 1781 1571 1813; x_wconf 92' lang='lat' dir='ltr'>et</span> 
     </span>
     <span class='ocr_line' id='line_1_30' title="bbox 151 1830 1567 1887; baseline -0.002 -14"><span class='ocrx_word' id='word_1_237' title='bbox 151 1831 234 1875; x_wconf 71' lang='lat' dir='ltr'>&#39;tad</span> <span class='ocrx_word' id='word_1_238' title='bbox 265 1831 406 1872; x_wconf 79' lang='lat' dir='ltr'>devios</span> <span class='ocrx_word' id='word_1_239' title='bbox 437 1839 669 1881; x_wconf 83' lang='lat' dir='ltr'>montanOS,</span> <span class='ocrx_word' id='word_1_240' title='bbox 698 1831 931 1887; x_wconf 87' lang='lat' dir='ltr'>profectum</span> <span class='ocrx_word' id='word_1_241' title='bbox 963 1831 1103 1880; x_wconf 88' lang='lat' dir='ltr'>etiam,</span> <span class='ocrx_word' id='word_1_242' title='bbox 1132 1830 1233 1871; x_wconf 86' lang='lat' dir='ltr'>falso</span> <span class='ocrx_word' id='word_1_243' title='bbox 1264 1830 1469 1886; x_wconf 87' lang='lat' dir='ltr'>perlatum</span> <span class='ocrx_word' id='word_1_244' title='bbox 1495 1839 1567 1871; x_wconf 86' lang='lat' dir='ltr'>est.</span> 
     </span>
     <span class='ocr_line' id='line_1_31' title="bbox 149 1888 1570 1944; baseline -0.001 -15"><span class='ocrx_word' id='word_1_245' title='bbox 149 1889 252 1931; x_wconf 81' lang='lat' dir='ltr'>8Ad</span> <span class='ocrx_word' id='word_1_246' title='bbox 275 1889 387 1930; x_wconf 92' lang='lat' dir='ltr'>hunc</span> <span class='ocrx_word' id='word_1_247' title='bbox 408 1904 562 1930; x_wconf 84' lang='lat' dir='ltr'>vanum</span> <span class='ocrx_word' id='word_1_248' title='bbox 584 1897 627 1930; x_wconf 91' lang='lat' dir='ltr'>et</span> <span class='ocrx_word' id='word_1_249' title='bbox 647 1889 734 1930; x_wconf 89' lang='lat' dir='ltr'>sine</span> <span class='ocrx_word' id='word_1_250' title='bbox 757 1898 924 1930; x_wconf 87' lang='lat' dir='ltr'>auctore</span> <span class='ocrx_word' id='word_1_251' title='bbox 947 1888 1034 1929; x_wconf 91' lang='lat' dir='ltr'>ullo</span> <span class='ocrx_word' id='word_1_252' title='bbox 1056 1903 1278 1938; x_wconf 86' lang='lat' dir='ltr'>rumorem,</span> <span class='ocrx_word' id='word_1_253' title='bbox 1303 1888 1570 1944; x_wconf 81' lang='lat' dir='ltr'>Bergistano-</span> 
     </span>
     <span class='ocr_line' id='line_1_32' title="bbox 181 1946 1571 2003; baseline -0.001 -15"><span class='ocrx_word' id='word_1_254' title='bbox 181 1961 274 1988; x_wconf 90' lang='lat' dir='ltr'>rum</span> <span class='ocrx_word' id='word_1_255' title='bbox 295 1946 472 1988; x_wconf 86' lang='lat' dir='ltr'>civitatis</span> <span class='ocrx_word' id='word_1_256' title='bbox 493 1955 652 2003; x_wconf 89' lang='lat' dir='ltr'>septem</span> <span class='ocrx_word' id='word_1_257' title='bbox 681 1946 848 1988; x_wconf 85' lang='lat' dir='ltr'>castella</span> <span class='ocrx_word' id='word_1_258' title='bbox 879 1946 1146 1987; x_wconf 85' lang='lat' dir='ltr'>defecerunt:</span> <span class='ocrx_word' id='word_1_259' title='bbox 1182 1961 1264 1996; x_wconf 86' lang='lat' dir='ltr'>eos,</span> <span class='ocrx_word' id='word_1_260' title='bbox 1292 1946 1475 1987; x_wconf 85' lang='lat' dir='ltr'>deducto</span> <span class='ocrx_word' id='word_1_261' title='bbox 1497 1961 1571 1987; x_wconf 82' lang='lat' dir='ltr'>ex-</span> 
     </span>
     <span class='ocr_line' id='line_1_33' title="bbox 181 2003 1570 2060; baseline -0.001 -15"><span class='ocrx_word' id='word_1_262' title='bbox 181 2004 325 2053; x_wconf 83' lang='lat' dir='ltr'>ercitu,</span> <span class='ocrx_word' id='word_1_263' title='bbox 348 2004 493 2046; x_wconf 89' lang='lat' dir='ltr'>consul</span> <span class='ocrx_word' id='word_1_264' title='bbox 514 2006 602 2045; x_wconf 90' lang='lat' dir='ltr'>sine</span> <span class='ocrx_word' id='word_1_265' title='bbox 625 2004 895 2046; x_wconf 84' lang='lat' dir='ltr'>memorando</span> <span class='ocrx_word' id='word_1_266' title='bbox 924 2003 1082 2060; x_wconf 88' lang='lat' dir='ltr'>proelio</span> <span class='ocrx_word' id='word_1_267' title='bbox 1103 2004 1148 2044; x_wconf 90' lang='lat' dir='ltr'>in</span> <span class='ocrx_word' id='word_1_268' title='bbox 1176 2012 1424 2060; x_wconf 84' lang='lat' dir='ltr'>potestatem</span> <span class='ocrx_word' id='word_1_269' title='bbox 1451 2003 1570 2044; x_wconf 87' lang='lat' dir='ltr'>rede-</span> 
     </span>
     <span class='ocr_line' id='line_1_34' title="bbox 181 2061 1568 2118; baseline -0.001 -16"><span class='ocrx_word' id='word_1_270' title='bbox 181 2062 253 2117; x_wconf 72' lang='lat' dir='ltr'>git„</span> <span class='ocrx_word' id='word_1_271' title='bbox 316 2061 446 2103; x_wconf 85' lang='lat' dir='ltr'>Haud</span> <span class='ocrx_word' id='word_1_272' title='bbox 486 2062 544 2103; x_wconf 85' lang='lat' dir='ltr'>ita</span> <span class='ocrx_word' id='word_1_273' title='bbox 585 2062 716 2103; x_wconf 87' lang='lat' dir='ltr'>multo</span> <span class='ocrx_word' id='word_1_274' title='bbox 756 2070 851 2118; x_wconf 87' lang='lat' dir='ltr'>post</span> <span class='ocrx_word' id='word_1_275' title='bbox 884 2062 1027 2111; x_wconf 88' lang='lat' dir='ltr'>iidem,</span> <span class='ocrx_word' id='word_1_276' title='bbox 1062 2077 1247 2117; x_wconf 80' lang='lat' dir='ltr'>regresso</span> <span class='ocrx_word' id='word_1_277' title='bbox 1285 2061 1568 2102; x_wconf 86' lang='lat' dir='ltr'>Tarraconem</span> 
     </span>
     <span class='ocr_line' id='line_1_35' title="bbox 181 2119 1567 2175; baseline 0 -15"><span class='ocrx_word' id='word_1_278' title='bbox 181 2119 365 2169; x_wconf 89' lang='lat' dir='ltr'>consule,</span> <span class='ocrx_word' id='word_1_279' title='bbox 387 2119 629 2175; x_wconf 87' lang='lat' dir='ltr'>priusquam</span> <span class='ocrx_word' id='word_1_280' title='bbox 654 2119 753 2160; x_wconf 87' lang='lat' dir='ltr'>inde</span> <span class='ocrx_word' id='word_1_281' title='bbox 781 2135 992 2175; x_wconf 84' lang='lat' dir='ltr'>quoquam</span> <span class='ocrx_word' id='word_1_282' title='bbox 1022 2119 1280 2175; x_wconf 85' lang='lat' dir='ltr'>procederet,</span> <span class='ocrx_word' id='word_1_283' title='bbox 1311 2119 1567 2160; x_wconf 85' lang='lat' dir='ltr'>defecerunt.</span> 
     </span>
     <span class='ocr_line' id='line_1_36' title="bbox 182 2176 1571 2218; baseline -0.001 0"><span class='ocrx_word' id='word_1_284' title='bbox 182 2177 342 2218; x_wconf 90' lang='lat' dir='ltr'>Iterum</span> <span class='ocrx_word' id='word_1_285' title='bbox 363 2178 547 2218; x_wconf 87' lang='lat' dir='ltr'>subacti:</span> <span class='ocrx_word' id='word_1_286' title='bbox 583 2177 656 2218; x_wconf 84' lang='lat' dir='ltr'>sed</span> <span class='ocrx_word' id='word_1_287' title='bbox 678 2193 763 2218; x_wconf 90' lang='lat' dir='ltr'>non</span> <span class='ocrx_word' id='word_1_288' title='bbox 785 2177 931 2218; x_wconf 87' lang='lat' dir='ltr'>eadem</span> <span class='ocrx_word' id='word_1_289' title='bbox 952 2177 1076 2218; x_wconf 81' lang='lat' dir='ltr'>venia</span> <span class='ocrx_word' id='word_1_290' title='bbox 1096 2177 1215 2217; x_wconf 87' lang='lat' dir='ltr'>victis</span> <span class='ocrx_word' id='word_1_291' title='bbox 1235 2176 1325 2218; x_wconf 84' lang='lat' dir='ltr'>fuit.</span> <span class='ocrx_word' id='word_1_292' title='bbox 1392 2176 1479 2218; x_wconf 85' lang='lat' dir='ltr'>Sub</span> <span class='ocrx_word' id='word_1_293' title='bbox 1501 2191 1571 2217; x_wconf 92' lang='lat' dir='ltr'>co-</span> 
     </span>
     <span class='ocr_line' id='line_1_37' title="bbox 180 2234 1379 2291; baseline 0 -16"><span class='ocrx_word' id='word_1_294' title='bbox 180 2250 283 2277; x_wconf 87' lang='lat' dir='ltr'>rona</span> <span class='ocrx_word' id='word_1_295' title='bbox 302 2235 468 2276; x_wconf 89' lang='lat' dir='ltr'>veniere</span> <span class='ocrx_word' id='word_1_296' title='bbox 491 2250 648 2284; x_wconf 89' lang='lat' dir='ltr'>omnes,</span> <span class='ocrx_word' id='word_1_297' title='bbox 671 2250 724 2276; x_wconf 93' lang='lat' dir='ltr'>ne</span> <span class='ocrx_word' id='word_1_298' title='bbox 747 2235 910 2291; x_wconf 89' lang='lat' dir='ltr'>saepius</span> <span class='ocrx_word' id='word_1_299' title='bbox 932 2250 1074 2291; x_wconf 87' lang='lat' dir='ltr'>pacem</span> <span class='ocrx_word' id='word_1_300' title='bbox 1099 2234 1379 2276; x_wconf 84' lang='lat' dir='ltr'>sollicitarent.</span> 
     </span>
     <span class='ocr_line' id='line_1_38' title="bbox 238 2291 1712 2349; baseline 0.001 -16"><span class='ocrx_word' id='word_1_301' title='bbox 238 2292 411 2334; x_wconf 86' lang='lat' dir='ltr'>Interim</span> <span class='ocrx_word' id='word_1_302' title='bbox 440 2293 487 2334; x_wconf 92' lang='lat' dir='ltr'>P.</span> <span class='ocrx_word' id='word_1_303' title='bbox 507 2292 694 2334; x_wconf 65' lang='lat' dir='ltr'>Mfanlius</span> <span class='ocrx_word' id='word_1_304' title='bbox 722 2303 899 2349; x_wconf 84' lang='lat' dir='ltr'>praetor,</span> <span class='ocrx_word' id='word_1_305' title='bbox 923 2293 1109 2333; x_wconf 75' lang='lat' dir='ltr'>exercitu</span> <span class='ocrx_word' id='word_1_306' title='bbox 1131 2302 1271 2334; x_wconf 90' lang='lat' dir='ltr'>vetere</span> <span class='ocrx_word' id='word_1_307' title='bbox 1301 2308 1324 2333; x_wconf 91' lang='lat' dir='ltr'>a</span> <span class='ocrx_word' id='word_1_308' title='bbox 1349 2292 1401 2340; x_wconf 80' lang='lat' dir='ltr'>Q.</span> <span class='ocrx_word' id='word_1_309' title='bbox 1423 2291 1570 2333; x_wconf 91' lang='lat' dir='ltr'>Minu·</span> <span class='ocrx_word' id='word_1_310' title='bbox 1650 2294 1712 2335; x_wconf 87' lang='grc'>17.</span> 
     </span>
     <span class='ocr_line' id='line_1_39' title="bbox 181 2349 1570 2407; baseline -0.001 -15"><span class='ocrx_word' id='word_1_311' title='bbox 181 2350 257 2401; x_wconf 87' lang='lat' dir='ltr'>cio,</span> <span class='ocrx_word' id='word_1_312' title='bbox 280 2351 348 2392; x_wconf 89' lang='lat' dir='ltr'>cui</span> <span class='ocrx_word' id='word_1_313' title='bbox 376 2359 639 2400; x_wconf 86' lang='lat' dir='ltr'>successerat,</span> <span class='ocrx_word' id='word_1_314' title='bbox 663 2360 847 2407; x_wconf 88' lang='lat' dir='ltr'>accepto,</span> <span class='ocrx_word' id='word_1_315' title='bbox 878 2350 1075 2392; x_wconf 86' lang='lat' dir='ltr'>adiuncto</span> <span class='ocrx_word' id='word_1_316' title='bbox 1104 2360 1146 2391; x_wconf 78' lang='lat' dir='ltr'>et</span> <span class='ocrx_word' id='word_1_317' title='bbox 1175 2351 1257 2407; x_wconf 86' lang='lat' dir='ltr'>Ap.</span> <span class='ocrx_word' id='word_1_318' title='bbox 1280 2350 1450 2392; x_wconf 83' lang='lat' dir='ltr'>Claudii</span> <span class='ocrx_word' id='word_1_319' title='bbox 1481 2349 1570 2391; x_wconf 90' lang='lat' dir='ltr'>Ne-</span> 
     </span>
    </p>
   </div>
   <div class='ocr_carea' id='block_1_3' title="bbox 182 2463 1572 2931">
    <p class='ocr_par' dir='ltr' id='par_1_3' title="bbox 182 2463 1572 2931">
     <span class='ocr_line' id='line_1_40' title="bbox 224 2463 1570 2504; baseline -0.001 -8"><span class='ocrx_word' id='word_1_320' title='bbox 224 2473 241 2504; x_wconf 80' lang='lat'><strong>5</strong></span> <span class='ocrx_word' id='word_1_321' title='bbox 265 2467 388 2496; x_wconf 69' lang='lat' dir='ltr'>Procul</span> <span class='ocrx_word' id='word_1_322' title='bbox 408 2466 560 2503; x_wconf 74' lang='lat' dir='ltr'>navibus]</span> <span class='ocrx_word' id='word_1_323' title='bbox 598 2464 779 2504; x_wconf 73' lang='lat' dir='ltr'>Appianus,</span> <span class='ocrx_word' id='word_1_324' title='bbox 796 2464 850 2495; x_wconf 90' lang='lat' dir='ltr'>lib.</span> <span class='ocrx_word' id='word_1_325' title='bbox 896 2464 1035 2504; x_wconf 75' lang='lat' dir='ltr'>duplicis</span> <span class='ocrx_word' id='word_1_326' title='bbox 1062 2463 1248 2503; x_wconf 74' lang='lat' dir='ltr'>negationis,</span> <span class='ocrx_word' id='word_1_327' title='bbox 1273 2464 1401 2494; x_wconf 68' lang='lat' dir='ltr'>vitiatos</span> <span class='ocrx_word' id='word_1_328' title='bbox 1424 2474 1490 2494; x_wconf 86' lang='lat' dir='ltr'>esse</span> <span class='ocrx_word' id='word_1_329' title='bbox 1514 2474 1570 2503; x_wconf 84' lang='lat' dir='ltr'>pu-</span> 
     </span>
     <span class='ocr_line' id='line_1_41' title="bbox 182 2507 1107 2547; baseline -0.001 -9"><span class='ocrx_word' id='word_1_330' title='bbox 182 2508 222 2538; x_wconf 88' lang='lat' dir='ltr'>de</span> <span class='ocrx_word' id='word_1_331' title='bbox 238 2508 341 2539; x_wconf 79' lang='lat' dir='ltr'>Bellis</span> <span class='ocrx_word' id='word_1_332' title='bbox 357 2508 554 2547; x_wconf 77' lang='lat' dir='ltr'>Hispanicis,</span> <span class='ocrx_word' id='word_1_333' title='bbox 570 2507 676 2537; x_wconf 83' lang='lat' dir='ltr'>scribit</span> <span class='ocrx_word' id='word_1_334' title='bbox 693 2508 851 2538; x_wconf 80' lang='lat' dir='ltr'>Catonem</span> <span class='ocrx_word' id='word_1_335' title='bbox 896 2511 975 2537; x_wconf 81' lang='lat' dir='ltr'>tant.</span> <span class='ocrx_word' id='word_1_336' title='bbox 1001 2508 1107 2538; x_wconf 69' lang='lat' dir='ltr'>Ciu-zv,</span> 
     </span>
     <span class='ocr_line' id='line_1_42' title="bbox 182 2549 1570 2589; baseline -0.001 -9"><span class='ocrx_word' id='word_1_337' title='bbox 182 2550 279 2580; x_wconf 86' lang='lat' dir='ltr'>etiam</span> <span class='ocrx_word' id='word_1_338' title='bbox 295 2561 392 2581; x_wconf 81' lang='lat' dir='ltr'>naves</span> <span class='ocrx_word' id='word_1_339' title='bbox 408 2551 585 2581; x_wconf 83' lang='lat' dir='ltr'>Massiliam</span> <span class='ocrx_word' id='word_1_340' title='bbox 601 2550 765 2581; x_wconf 82' lang='lat' dir='ltr'>remisisse.</span> <span class='ocrx_word' id='word_1_341' title='bbox 790 2550 851 2581; x_wconf 65' lang='lat' dir='ltr'>Cic.</span> <span class='ocrx_word' id='word_1_342' title='bbox 941 2558 956 2589; x_wconf 84' lang='lat'>7</span> <span class='ocrx_word' id='word_1_343' title='bbox 981 2549 1182 2589; x_wconf 73' lang='lat' dir='ltr'>J’rqf&#39;ec·lmn]</span> <span class='ocrx_word' id='word_1_344' title='bbox 1217 2550 1270 2580; x_wconf 73' lang='lat' dir='ltr'>lta,</span> <span class='ocrx_word' id='word_1_345' title='bbox 1285 2560 1412 2589; x_wconf 85' lang='lat' dir='ltr'>quoque</span> <span class='ocrx_word' id='word_1_346' title='bbox 1430 2549 1570 2582; x_wconf 84' lang='lat' dir='ltr'>Bekker.</span> 
     </span>
     <span class='ocr_line' id='line_1_43' title="bbox 183 2592 1571 2633; baseline -0.001 -10"><span class='ocrx_word' id='word_1_347' title='bbox 183 2593 222 2623; x_wconf 88' lang='lat' dir='ltr'>cf.</span> <span class='ocrx_word' id='word_1_348' title='bbox 240 2603 324 2632; x_wconf 86' lang='lat' dir='ltr'>supr.</span> <span class='ocrx_word' id='word_1_349' title='bbox 345 2603 389 2631; x_wconf 88' lang='lat'>14.</span> <span class='ocrx_word' id='word_1_350' title='bbox 898 2593 1037 2632; x_wconf 86' lang='lat' dir='ltr'>reposuit</span> <span class='ocrx_word' id='word_1_351' title='bbox 1055 2603 1111 2632; x_wconf 87' lang='lat' dir='ltr'>pro</span> <span class='ocrx_word' id='word_1_352' title='bbox 1129 2594 1212 2633; x_wconf 71' lang='lat' dir='ltr'>vulg.</span> <span class='ocrx_word' id='word_1_353' title='bbox 1226 2594 1458 2632; x_wconf 72' lang='lat' dir='ltr'>profeclurzttn.</span> <span class='ocrx_word' id='word_1_354' title='bbox 1506 2592 1571 2622; x_wconf 85' lang='lat' dir='ltr'>Vo-</span> 
     </span>
     <span class='ocr_line' id='line_1_44' title="bbox 226 2634 1570 2675; baseline -0.001 -9"><span class='ocrx_word' id='word_1_355' title='bbox 226 2634 245 2666; x_wconf 91' lang='lat'><strong>6</strong></span> <span class='ocrx_word' id='word_1_356' title='bbox 273 2637 334 2667; x_wconf 78' lang='lat' dir='ltr'>Ubi</span> <span class='ocrx_word' id='word_1_357' title='bbox 358 2647 443 2675; x_wconf 80' lang='lat' dir='ltr'>spem</span> <span class='ocrx_word' id='word_1_358' title='bbox 473 2637 535 2666; x_wconf 78' lang='lat' dir='ltr'>nisi</span> <span class='ocrx_word' id='word_1_359' title='bbox 558 2637 593 2666; x_wconf 80' lang='lat' dir='ltr'>in</span> <span class='ocrx_word' id='word_1_360' title='bbox 617 2637 734 2666; x_wconf 69' lang='lat' dir='ltr'>virtute</span> <span class='ocrx_word' id='word_1_361' title='bbox 760 2636 852 2665; x_wconf 77' lang='lat' dir='ltr'>Imbe-</span> <span class='ocrx_word' id='word_1_362' title='bbox 898 2646 950 2666; x_wconf 78' lang='lat' dir='ltr'>ces</span> <span class='ocrx_word' id='word_1_363' title='bbox 975 2639 1083 2665; x_wconf 80' lang='lat' dir='ltr'>tamen</span> <span class='ocrx_word' id='word_1_364' title='bbox 1107 2637 1211 2666; x_wconf 65' lang='lat' dir='ltr'>&#39;levius</span> <span class='ocrx_word' id='word_1_365' title='bbox 1233 2641 1397 2666; x_wconf 77' lang='lat' dir='ltr'>montanos</span> <span class='ocrx_word' id='word_1_366' title='bbox 1421 2634 1570 2665; x_wconf 86' lang='lat' dir='ltr'>vitiosum</span> 
     </span>
     <span class='ocr_line' id='line_1_45' title="bbox 183 2678 1175 2717; baseline 0 -9"><span class='ocrx_word' id='word_1_367' title='bbox 183 2679 271 2715; x_wconf 80' lang='lat' dir='ltr'>rent]</span> <span class='ocrx_word' id='word_1_368' title='bbox 301 2678 363 2708; x_wconf 84' lang='lat' dir='ltr'>Vel</span> <span class='ocrx_word' id='word_1_369' title='bbox 389 2678 509 2708; x_wconf 83' lang='lat' dir='ltr'>excidit</span> <span class='ocrx_word' id='word_1_370' title='bbox 535 2678 596 2709; x_wconf 87' lang='lat' dir='ltr'>hoc</span> <span class='ocrx_word' id='word_1_371' title='bbox 621 2679 691 2708; x_wconf 88' lang='lat' dir='ltr'>loco</span> <span class='ocrx_word' id='word_1_372' title='bbox 716 2678 853 2717; x_wconf 75' lang='lat' dir='ltr'>negati0‚</span> <span class='ocrx_word' id='word_1_373' title='bbox 897 2678 1020 2717; x_wconf 81' lang='lat' dir='ltr'>aliquid</span> <span class='ocrx_word' id='word_1_374' title='bbox 1037 2678 1175 2717; x_wconf 77' lang='lat' dir='ltr'>sapiunt.</span> 
     </span>
     <span class='ocr_line' id='line_1_46' title="bbox 184 2720 1571 2760; baseline 0 -10"><span class='ocrx_word' id='word_1_375' title='bbox 184 2721 235 2751; x_wconf 87' lang='lat' dir='ltr'>vel</span> <span class='ocrx_word' id='word_1_376' title='bbox 265 2721 446 2759; x_wconf 78' lang='lat' dir='ltr'>supplenda</span> <span class='ocrx_word' id='word_1_377' title='bbox 468 2725 515 2751; x_wconf 80' lang='lat' dir='ltr'>est</span> <span class='ocrx_word' id='word_1_378' title='bbox 537 2732 577 2751; x_wconf 83' lang='lat' dir='ltr'>ex</span> <span class='ocrx_word' id='word_1_379' title='bbox 603 2732 705 2751; x_wconf 79' lang='lat' dir='ltr'>sensu.</span> <span class='ocrx_word' id='word_1_380' title='bbox 760 2722 851 2751; x_wconf 81' lang='lat' dir='ltr'>Utro·</span> <span class='ocrx_word' id='word_1_381' title='bbox 940 2722 958 2750; x_wconf 77' lang='lat'><strong>8</strong></span> <span class='ocrx_word' id='word_1_382' title='bbox 983 2722 1248 2760; x_wconf 33' lang='lat' dir='ltr'>Berqqislanorum</span> <span class='ocrx_word' id='word_1_383' title='bbox 1264 2722 1418 2759; x_wconf 71' lang='lat' dir='ltr'>civitatis]</span> <span class='ocrx_word' id='word_1_384' title='bbox 1443 2720 1518 2751; x_wconf 83' lang='lat' dir='ltr'>Vox</span> <span class='ocrx_word' id='word_1_385' title='bbox 1530 2721 1571 2751; x_wconf 80' lang='lat' dir='ltr'>ci-</span> 
     </span>
     <span class='ocr_line' id='line_1_47' title="bbox 183 2763 1571 2803; baseline 0 -11"><span class='ocrx_word' id='word_1_386' title='bbox 183 2773 246 2802; x_wconf 90' lang='lat' dir='ltr'>que</span> <span class='ocrx_word' id='word_1_387' title='bbox 272 2763 403 2793; x_wconf 76' lang='lat' dir='ltr'>trahunt</span> <span class='ocrx_word' id='word_1_388' title='bbox 428 2763 601 2793; x_wconf 79' lang='lat' dir='ltr'>doctissimi</span> <span class='ocrx_word' id='word_1_389' title='bbox 627 2764 694 2801; x_wconf 82' lang='lat' dir='ltr'>viri,</span> <span class='ocrx_word' id='word_1_390' title='bbox 718 2774 853 2803; x_wconf 84' lang='lat' dir='ltr'>quorum</span> <span class='ocrx_word' id='word_1_391' title='bbox 898 2764 981 2794; x_wconf 69' lang='lat' dir='ltr'>viltas</span> <span class='ocrx_word' id='word_1_392' title='bbox 1000 2763 1051 2793; x_wconf 88' lang='lat' dir='ltr'>hic</span> <span class='ocrx_word' id='word_1_393' title='bbox 1074 2774 1136 2793; x_wconf 87' lang='lat' dir='ltr'>non</span> <span class='ocrx_word' id='word_1_394' title='bbox 1159 2765 1282 2801; x_wconf 87' lang='lat' dir='ltr'>urbem,</span> <span class='ocrx_word' id='word_1_395' title='bbox 1298 2765 1353 2794; x_wconf 83' lang='lat' dir='ltr'>sed</span> <span class='ocrx_word' id='word_1_396' title='bbox 1372 2766 1499 2802; x_wconf 81' lang='lat' dir='ltr'>gentem</span> <span class='ocrx_word' id='word_1_397' title='bbox 1520 2763 1571 2793; x_wconf 87' lang='lat' dir='ltr'>de-</span> 
     </span>
     <span class='ocr_line' id='line_1_48' title="bbox 183 2805 1572 2845; baseline 0 -10"><span class='ocrx_word' id='word_1_398' title='bbox 183 2805 239 2836; x_wconf 86' lang='lat' dir='ltr'>alii</span> <span class='ocrx_word' id='word_1_399' title='bbox 269 2805 453 2835; x_wconf 70' lang='lat' dir='ltr'>existimant</span> <span class='ocrx_word' id='word_1_400' title='bbox 482 2807 545 2835; x_wconf 73' lang='lat' dir='ltr'>nisi</span> <span class='ocrx_word' id='word_1_401' title='bbox 575 2806 735 2836; x_wconf 86' lang='lat' dir='ltr'>interdum</span> <span class='ocrx_word' id='word_1_402' title='bbox 771 2806 851 2836; x_wconf 82' lang='lat' dir='ltr'>sumi</span> <span class='ocrx_word' id='word_1_403' title='bbox 897 2808 1005 2843; x_wconf 56' lang='lat' dir='ltr'>notat,</span> <span class='ocrx_word' id='word_1_404' title='bbox 1021 2810 1057 2836; x_wconf 86' lang='lat' dir='ltr'>nt</span> <span class='ocrx_word' id='word_1_405' title='bbox 1073 2807 1158 2845; x_wconf 76' lang='lat' dir='ltr'>apud</span> <span class='ocrx_word' id='word_1_406' title='bbox 1177 2807 1347 2837; x_wconf 82' lang='lat' dir='ltr'>Caesarem</span> <span class='ocrx_word' id='word_1_407' title='bbox 1365 2807 1478 2836; x_wconf 71' lang='lat' dir='ltr'>civitas</span> <span class='ocrx_word' id='word_1_408' title='bbox 1494 2806 1572 2836; x_wconf 86' lang='lat' dir='ltr'>Hel-</span> 
     </span>
     <span class='ocr_line' id='line_1_49' title="bbox 184 2848 1572 2887; baseline 0.001 -10"><span class='ocrx_word' id='word_1_409' title='bbox 184 2858 241 2887; x_wconf 90' lang='lat' dir='ltr'>pro</span> <span class='ocrx_word' id='word_1_410' title='bbox 257 2859 320 2879; x_wconf 76' lang='lat' dir='ltr'>non</span> <span class='ocrx_word' id='word_1_411' title='bbox 334 2873 340 2879; x_wconf 94' lang='lat'>.</span> <span class='ocrx_word' id='word_1_412' title='bbox 357 2873 362 2879; x_wconf 96' lang='lat'>.</span> <span class='ocrx_word' id='word_1_413' title='bbox 378 2872 385 2879; x_wconf 89' lang='lat'>.</span> <span class='ocrx_word' id='word_1_414' title='bbox 400 2849 482 2884; x_wconf 68' lang='lat' dir='ltr'>ni.s·i,·</span> <span class='ocrx_word' id='word_1_415' title='bbox 507 2848 560 2878; x_wconf 83' lang='lat' dir='ltr'>alii</span> <span class='ocrx_word' id='word_1_416' title='bbox 578 2853 706 2887; x_wconf 75' lang='lat' dir='ltr'>negant.</span> <span class='ocrx_word' id='word_1_417' title='bbox 719 2853 751 2878; x_wconf 84' lang='lat' dir='ltr'>ct</span> <span class='ocrx_word' id='word_1_418' title='bbox 767 2849 854 2879; x_wconf 83' lang='lat' dir='ltr'>locos</span> <span class='ocrx_word' id='word_1_419' title='bbox 896 2851 1062 2886; x_wconf 74' lang='lat' dir='ltr'>velim-um,</span> <span class='ocrx_word' id='word_1_420' title='bbox 1077 2850 1189 2880; x_wconf 76' lang='lat' dir='ltr'>civilas</span> <span class='ocrx_word' id='word_1_421' title='bbox 1201 2850 1396 2880; x_wconf 75' lang='lat' dir='ltr'>Aeduorum.</span> <span class='ocrx_word' id='word_1_422' title='bbox 1419 2849 1572 2879; x_wconf 68' lang='lat' dir='ltr'>GRONoV.</span> 
     </span>
     <span class='ocr_line' id='line_1_50' title="bbox 184 2891 853 2931; baseline 0.001 -11"><span class='ocrx_word' id='word_1_423' title='bbox 184 2901 305 2927; x_wconf 77' lang='lat' dir='ltr'>omnes,</span> <span class='ocrx_word' id='word_1_424' title='bbox 333 2891 384 2921; x_wconf 85' lang='lat' dir='ltr'>ubi</span> <span class='ocrx_word' id='word_1_425' title='bbox 418 2892 479 2921; x_wconf 70' lang='lat' dir='ltr'>nisi</span> <span class='ocrx_word' id='word_1_426' title='bbox 512 2891 636 2921; x_wconf 81' lang='lat' dir='ltr'>videtur</span> <span class='ocrx_word' id='word_1_427' title='bbox 665 2891 752 2931; x_wconf 79' lang='lat' dir='ltr'>fungi</span> <span class='ocrx_word' id='word_1_428' title='bbox 786 2891 853 2921; x_wconf 79' lang='lat' dir='ltr'>vice</span> 
     </span>
    </p>
   </div>
  </div>
 </body>
</html>
