1960 3218
405 154 490 192 440
917 152 1063 195 ΤΙΤΙ
1104 153 1280 196 LIVII

204 248 247 281 U.
264 249 302 280 C.
324 257 395 289 570·
410 245 421 264 ‘
437 241 516 283 hoc
540 242 685 291 noctis,
707 242 810 298 quid
837 243 1028 285 inimicus
1056 244 1109 286 ad
1136 245 1298 295 iratum,
1321 245 1424 301 quid
1448 260 1542 286 cum
1564 245 1670 287 ferro
1689 259 1810 290 suc-5

202 292 242 325 A.
265 293 304 324 C·
328 295 584 340 ¹⁸²·‘cinctis
609 299 826 341 iuvenibus
850 301 998 343 venis?
1060 302 1289 344 Convivam
1320 318 1386 344 me
1418 303 1491 344 tibi
1523 303 1780 344 committere

411 361 422 379 ‘
438 371 561 397 ausus
581 372 667 397 non
686 373 802 407 sum3
839 359 1143 401 comissatorem
1166 370 1205 402 te
1229 376 1324 402 eum
1353 361 1516 402 armatis
1543 361 1780 402 venientem

411 414 667 471 ‘recipiamP
729 415 772 457 Si
802 425 943 472 aperta
972 417 1096 459 ianua
1121 418 1275 468 fuisset,
1301 419 1424 459 funus
1449 433 1588 459 meum
1616 432 1781 474 parares

410 471 517 513 ‘hoe
552 481 750 529 tempore,
783 484 913 530 pater,
946 490 1029 531 quo
1065 484 1308 532 querentem
1344 476 1471 517 audis.
1535 475 1655 516 Nihil
1689 490 1780 532 ego,

410 534 635 586 ‘tanquam
663 541 886 581 accusator,
908 533 1126 574 criminose
1158 549 1235 575 nec
1259 534 1386 575 dubia
1415 533 1668 590 argumentis
1697 532 1813 574 eol-6

409 587 605 644 ‘ligendo
639 603 728 644 ago.
794 589 910 638 Quid
946 590 1091 632 enim?
1135 600 1259 647 negat
1297 607 1339 632 se
1379 607 1474 633 cum
1514 590 1780 632 multitudine

410 645 596 687 ‘venisse
631 646 684 686 ad
719 646 885 688 ianuam
925 649 1092 689 meam?
1133 663 1186 688 an
1226 648 1332 689 ferro
1371 649 1600 690 succinctos
1640 662 1780 689 secum

410 703 593 744 ‘fuisse?
661 702 779 751 Quos
822 704 1102 754 nominavero,
1143 721 1312 747 arcesse.
1384 705 1564 747 Possunt
1609 705 1780 762 quidem

411 761 577 802 ‘omnia
606 760 770 811 audere,
797 762 870 818 qui
900 761 980 803 hoc
1010 763 1096 803 ausi
1127 772 1249 813 sunt3
1282 778 1367 804 non
1398 773 1537 804 tamen
1567 763 1782 804 audebunt

410 823 422 841 ‘
437 833 599 874 negare.
666 817 709 859 Si
734 819 1014 875 deprehensos
1038 820 1146 862 intra
1172 820 1300 862 limen
1326 836 1464 862 meum
1485 835 1582 861 cum
1601 821 1708 861 ferro
1729 819 1782 862 ad

410 880 478 917 ‘te
506 875 770 926 deducerem,
801 892 890 918 rem
919 892 995 933 pro
1025 878 1243 920 manifesto
1274 878 1471 927 haberes3
1503 878 1678 919 fatentes
1707 892 1782 933 pro

269 938 331 976 10.
411 938 423 956 ‘
438 932 705 989 deprehensis
725 934 844 976 habe.
907 934 1133 977 Exsecrare
1159 951 1271 977 nune
1296 936 1566 992 cupiditatem
1586 935 1717 991 regni,
1740 943 1783 976 et

410 995 423 1014 ‘
436 991 562 1032 furias
580 990 779 1033 fraternas
800 993 973 1034 concita.
1038 992 1134 1043 Sed,
1156 1009 1209 1035 ne
1229 994 1311 1035 sint
1335 1009 1494 1043 caecae,
1515 1002 1643 1050 pater,
1665 1007 1782 1033 exse·
1796 1005 1814 1037 7

409 1053 421 1071 ‘
437 1049 641 1090 crationes
662 1057 770 1099 tuae,
788 1050 976 1092 discerne
999 1059 1041 1092 et
1061 1051 1216 1108 dispice
1238 1052 1520 1092 insidiatorem
1541 1059 1584 1092 et
1603 1050 1782 1106 petitum

410 1106 620 1148 ‘insidiisz
664 1108 838 1149 noxium
870 1108 1026 1149 incesse
1060 1117 1194 1165 caput.
1260 1109 1346 1158 Qui
1379 1109 1584 1150 occisurus
1615 1108 1781 1149 fratrem

410 1169 421 1187 ‘
436 1164 526 1214 fuit,
548 1164 698 1206 habeat
719 1166 840 1206 etiam
864 1165 988 1207 iratos
1008 1175 1203 1222 paternos
1222 1166 1347 1208 deos:
1381 1167 1453 1223 qui
1477 1166 1683 1222 periturus
1702 1165 1813 1206 fra-8

409 1227 555 1263 ‘terno
589 1222 741 1264 scelere
776 1223 866 1272 fuit,
900 1223 1135 1279 perfugium
1176 1224 1220 1265 in
1259 1225 1386 1281 patris
1424 1223 1706 1265 misericordia
1740 1231 1783 1263 et

409 1279 592 1321 ‘iustitia
621 1280 781 1322 habeat.
847 1280 944 1329 Quo
975 1282 1086 1322 enim
1117 1281 1196 1323 alio
1227 1282 1475 1338 confugiam,
1497 1281 1564 1322 eui
1589 1294 1674 1322 non
1703 1279 1784 1321 sol-

409 1337 559 1378 ‘lenne
592 1337 757 1379 lustrale
789 1339 995 1379 exercitus
1026 1339 1100 1388 tui,
1131 1355 1216 1380 non
1247 1340 1443 1382 decursus
1473 1339 1664 1387 militum,
1696 1353 1782 1378 non

409 1394 597 1444 ‘domus,
630 1410 715 1436 non
748 1395 909 1452 epulae,
941 1411 1027 1437 non
1059 1412 1156 1445 nox,
1188 1397 1241 1438 ad
1273 1397 1457 1452 quietem
1485 1396 1580 1437 data
1609 1403 1813 1439 naturae9

408 1457 419 1475 ‘
435 1453 638 1494 beneficio
668 1453 922 1503 mortalibus,
943 1462 1032 1494 tuta
1058 1455 1152 1495 est?
1214 1454 1256 1495 Si
1287 1455 1372 1495 iero
1403 1454 1455 1495 ad
1481 1454 1649 1494 fratrem
1676 1452 1783 1493 invi-

408 1515 419 1533 ‘
437 1518 556 1560 tatus,
589 1510 851 1551 moriendum
882 1520 969 1552 est:
1004 1511 1037 1552 si
1070 1527 1264 1567 recepero
1296 1512 1405 1552 intra
1435 1512 1602 1552 ianuam
1634 1510 1782 1550 comis-

408 1573 419 1590 ‘
434 1576 568 1608 satum
584 1567 764 1617 fratrem,
783 1568 1045 1609 moriendum
1063 1577 1135 1610 est.
1188 1568 1281 1609 Nec
1303 1569 1454 1617 eundo,
1476 1583 1553 1609 nec
1575 1566 1783 1608 manendo

409 1624 603 1666 ‘insidias
630 1625 751 1666 evito.
817 1625 914 1674 Quo
943 1641 1008 1666 me
1037 1626 1279 1667 conferam?
1340 1625 1459 1667 Nihil
1483 1634 1645 1682 praeter
1669 1624 1781 1674 deos,

409 1688 564 1738 ‘pater,
594 1692 635 1724 et
666 1691 705 1723 te
737 1682 856 1724 colui.
920 1683 1021 1724 Non
1053 1684 1265 1725 Romanos
1295 1684 1440 1733 habeo,
1468 1683 1520 1724 ad
1550 1697 1654 1739 quos
1684 1697 1783 1724 con-

408 1740 601 1796 ‘fugiam.
663 1740 823 1781 Perisse
855 1750 1072 1796 expetunt,
1099 1742 1198 1797 quia.
1228 1742 1308 1782 tuis
1339 1741 1499 1782 iniuriis
1529 1740 1662 1790 doleo,
1685 1739 1783 1795 quia

409 1803 420 1820 ‘
436 1798 511 1839 tibi
538 1798 752 1853 ademptas
780 1806 841 1838 tot
869 1799 1003 1848 urbes,
1026 1807 1086 1839 tot
1112 1807 1269 1855 gentes,
1292 1798 1415 1840 modo
1437 1797 1638 1839 Thraciae
1660 1796 1782 1837 mari-

409 1860 419 1878 ‘
436 1855 579 1896 timam
600 1870 726 1905 oram,
748 1855 953 1911 indignor.
1017 1855 1110 1897 Nee
1138 1871 1218 1906 me,
1240 1871 1317 1897 nec
1343 1864 1381 1896 te
1403 1855 1614 1904 incolumi,
1638 1853 1782 1895 Mace-

409 1913 604 1954 ‘doniam
637 1928 753 1953 suam
784 1913 963 1954 futuram
997 1922 1174 1969 sperant.
1241 1913 1284 1955 Si
1315 1929 1380 1954 me
1412 1912 1544 1954 scelus
1574 1911 1718 1961 fratris,
1740 1920 1780 1953 te

408 1975 420 1993 ⁶
435 1979 637 2020 senectus,
660 1971 944 2027 absumpserit,
963 1979 1034 2011 aut
1054 1987 1107 2012 ne
1128 1987 1177 2012 ea
1197 1971 1365 2027 quidem
1388 1979 1624 2026 exspectata
1643 1969 1779 2019 fucrit,
1797 1987 1809 2008 1

408 2033 574 2084 ‘regem
615 2042 874 2083 regnumque
912 2028 1187 2070 Macedoniae
1228 2044 1301 2070 sua
1335 2028 1473 2069 futura
1511 2028 1658 2068 sciunt.
1738 2026 1782 2068 Si

408 2086 538 2142 ‘quid
571 2094 688 2127 extra
721 2085 1014 2127 Macedoniam
1049 2087 1123 2128 tibi
1158 2087 1338 2127 Romani
1371 2085 1645 2141 reliquissent,
1679 2084 1781 2125 mihi

408 2149 419 2167 ⁶
435 2158 602 2199 quoque
630 2143 674 2184 id
702 2143 892 2184 relictum
920 2144 1131 2185 crederem
1160 2143 1477 2200 receptaculum.
1541 2142 1601 2183 At
1621 2143 1664 2182 in
1686 2141 1782 2182 Ma-

408 2200 662 2242 ‘cedonibus
697 2201 794 2242 satis
828 2201 1022 2257 praesidii
1057 2211 1128 2242 est.
1190 2201 1345 2242 Vidisti
1376 2201 1571 2242 hesterno
1603 2200 1670 2240 die
1703 2199 1781 2239 im—

408 2265 577 2314 ‘petum
611 2259 654 2298 in
687 2273 753 2299 me
788 2258 977 2300 militum,
1044 2258 1160 2307 Quid
1196 2259 1275 2300 illis
1307 2258 1451 2308 defuit,
1485 2258 1561 2298 nisi
1595 2257 1780 2298 ferrum?

408 2322 419 2340 ⁶
439 2315 566 2364 Quod
586 2315 666 2356 illis
687 2315 819 2357 defuit
846 2316 1041 2366 interdiu,
1064 2317 1260 2358 convivae
1282 2316 1415 2357 fratris
1442 2324 1568 2356 noctu
1595 2328 1779 2368 sumpse-

407 2380 541 2414 ‘runt.
607 2372 724 2421 Quid
757 2373 808 2414 de
841 2389 991 2430 magna
1025 2383 1139 2431 parte
1173 2374 1407 2430 principum
1443 2372 1598 2427 loquar,
1633 2371 1704 2426 qui
1734 2370 1777 2411 in

449 2542 465 2572 5
491 2536 559 2564 Hoc
576 2536 690 2572 noctis]
715 2545 756 2565 sc.
772 2535 944 2574 Tempore,
957 2545 1073 2574 nempe
1117 2540 1172 2565 tes.
1197 2536 1301 2565 Cum.

406 2580 493 2607 nocte
508 2577 705 2615 intempesta.
1157 2588 1176 2616 ()
1200 2579 1271 2607 Nun
1292 2577 1422 2615 epulae]
1451 2575 1654 2605 Manifestum
1676 2574 1707 2604 in
1730 2573 1780 2604 his

448 2617 468 2648 6
490 2620 558 2648 Nec
580 2618 693 2657 dubia]
728 2619 799 2649 Nec
823 2630 861 2648 ea
882 2619 1071 2659 colligendm
1115 2619 1323 2648 imitationem
1347 2618 1509 2648 Ciceronis
1525 2620 1578 2648 ()ι·.
1600 2617 1631 2647 in
1649 2617 1720 2648 Cat.
1736 2616 1777 2647 iv.

406 2671 498 2700 quac,
518 2660 575 2690 nisi
597 2662 791 2699 argumentis
816 2662 951 2699 firmata,
974 2662 1071 2691 (lubia
1119 2671 1142 2691 1.
1172 2661 1293 2691 notarit
1320 2661 1468 2691 Muretus
1494 2661 1568 2691 Vair.
1595 2660 1684 2691 Leet.
1711 2659 1778 2690 xix.

406 2707 522 2734 csscnt.
1123 2714 1165 2741 ¹4-

452 2746 796 2785 7Iv'urz'asfiwternas]
819 2745 930 2775 Furias
943 2746 1071 2776 ultrices
1162 2756 1171 2775 1
1199 2748 1266 2775 Aut
1299 2756 1337 2775 m:
1367 2757 1404 2776 m
1438 2747 1562 2785 quidem
1595 2748 1777 2783 ars-pectam

407 2790 613 2819 fraternarum
632 2787 871 2818 discordiarum.
1106 2790 1230 2826 suci-il}
1259 2790 1321 2818 Aut
1344 2800 1383 2818 nc
1405 2791 1625 2827 exspectatum
1647 2786 1776 2825 quidem

447 2832 465 2859 8
492 2833 646 2862 Falernos·
672 2832 758 2868 drus]
798 2831 985 2860 Adulatorio
1014 2841 1068 2870 pro
1113 2831 1202 2861 fucrit
1234 2832 1334 2860 donec
1366 2835 1528 2861 senectute
1555 2829 1696 2865 solvaris,
1721 2829 1775 2858 scd

404 2879 538 2912 patrem.
586 2873 627 2903 Et
654 2873 746 2902 simul
777 2873 903 2912 respicit
929 2874 966 2903 aul
993 2874 1069 2903 (loos
1112 2884 1196 2902 mors
1212 2874 1266 2902 tibi
1285 2878 1443 2904 maturata
1461 2874 1501 2903 ab
1516 2873 1609 2904 avido
1624 2871 1775 2911 regnandi

405 2920 568 2946 exactores
591 2915 718 2955 pietatis
741 2916 876 2946 liliorum
902 2916 932 2946 in
959 2926 1066 2955 purcu-
1115 2916 1179 2946 lilio
1196 2916 1298 2947 fucrit.
1323 2918 1427 2947 cum.
