1960 3218
548 135 673 177 LIB.
707 135 878 177 XXXI.
926 135 1071 179 CAP
1106 140 1172 177 24.
1498 142 1548 179 21

174 238 282 270 terra
302 226 678 284 Thermopylarum
699 227 912 283 angustiae
939 226 1172 277 Graeciam,
1195 227 1254 268 ita
1273 228 1373 268 mari
1396 227 1547 269 fretum

174 286 322 342 Euripi
343 285 509 327 claudit.

230 342 499 385 Demetriade
521 351 609 384 tum
631 342 849 400 Philippus
870 352 967 385 erat.
1033 343 1130 392 Quo
1152 359 1282 400 quum
1308 351 1415 385 esset
1439 359 1548 384 nun-

172 402 273 443 tiata
293 401 429 443 clades
449 401 582 442 sociae
600 401 724 451 urbis,
743 417 983 457 quanquam
999 416 1136 442 serum
1153 401 1354 442 auxilium
1375 401 1547 458 perditis

142 469 271 510 zerat,
305 468 458 509 tamen,
490 475 596 524 quae
628 459 818 515 proxima
852 459 1006 501 auxilio
1041 469 1115 509 est,
1148 459 1351 501 ultionem
1387 469 1546 515 petens.

171 533 266 559 cum
288 517 493 574 expeditis
514 517 699 574 quinque
721 517 902 558 millibus
926 517 1130 573 peditum,
1152 527 1193 558 et
1215 517 1408 558 trecentis
1429 516 1549 573 equi-

170 575 280 616 tibus
321 574 531 631 extemplo
570 575 790 631 profectus,
827 590 948 616 cursu
988 591 1117 631 prope
1161 575 1406 618 Chalcidem
1446 590 1546 616 con-

170 633 319 683 tendit,
341 633 664 689 haudquaquam
693 633 843 674 dubius
871 633 1050 690 opprimi
1073 633 1285 675 Romanos
1312 647 1441 689 posse.
1505 632 1547 673 A

170 706 254 747 qua
273 691 495 732 destitutus
523 706 608 747 spe,
631 706 708 732 nee
729 691 955 747 quicquam
986 691 1111 740 aliud,
1136 707 1261 747 quam
1289 691 1341 732 ad
1362 690 1545 732 deforme

170 748 451 805 spectaculum
482 749 700 790 semirutae
730 764 777 790 ac
804 749 1001 790 fumantis
1028 749 1161 790 sociae
1190 749 1302 790 urbis
1327 764 1457 805 quum
1478 764 1547 790 ve-

169 807 308 857 nisset,
338 806 479 863 paucis
506 806 588 856 viX,
611 807 684 863 qui
713 807 937 863 sepelirent
965 807 1074 848 bello
1105 808 1358 862 absumptos,
1381 806 1545 857 relictis,

169 880 302 921 aeque
329 865 478 921 raptim
506 880 552 906 ac
573 874 755 915 venerat,
779 873 1052 921 transgressus
1078 874 1205 922 ponte
1233 864 1452 921 Euripum,
1474 880 1549 921 per

138 922 389 964 3Boe0tiam
430 922 620 964 Athenas
660 897 787 973 ducit,
829 924 917 980 pali
967 923 1134 979 incepto
1183 923 1296 965 haud
1340 923 1546 989 disparem

169 990 366 1022 eventum
400 990 511 1021 ratus
546 996 850 1037 responsurum.
914 981 969 1022 Et
1001 981 1290 1047 respondisset,
1325 981 1369 1021 ni
1401 996 1548 1037 specu-

169 1038 287 1088 lator,
310 1038 667 1095 (hemerodromos
692 1048 841 1080 vocant
864 1038 1060 1089 Graeci,
1050 1054 1197 1095 ingens
1218 1039 1286 1080 die
1315 1055 1399 1080 uno
1427 1054 1549 1080 611150

171 1097 416 1138 emetientes
436 1096 635 1152 spatium)
657 1096 960 1153 contemplatus
986 1097 1146 1153 legium
1168 1112 1317 1153 agmen
1339 1112 1360 1138 e
1382 1096 1550 1162 specula

172 1154 364 1210 quadam,
405 1169 666 1210 praegressus
706 1164 827 1195 nocte
868 1154 1006 1195 media
1031 1131 1237 1196 ζῗ1111160615
1280 1155 1547 1211 pervenisset.

171 1212 291 1253 Idem
316 1212 375 1252 ibi
404 1226 584 1261 somnus,
614 1211 845 1268 eademque
875 1212 1131 1268 negligentia
1157 1222 1256 1262 erat,
1283 1229 1389 1269 quae
1422 1212 1551 1254 Chal-

170 1269 306 1311 cidem
323 1269 412 1310 dies
432 1280 528 1310 ante
549 1284 701 1325 paucos
722 1269 972 1326 piwodideiat.
1021 1270 1205 1312 Excitati
1221 1271 1370 1312 nuntio
1388 1270 1550 1326 trepido

170 1336 212 1369 et
235 1336 400 1383 praetor
422 1326 758 1377 Atheniensium,
782 1337 824 1369 et
846 1328 1085 1385 Dioxippus
1112 1329 1343 1384 praefectus
1370 1328 1550 1370 cohortis

170 1385 362 1426 mercede
397 1385 664 1426 militantium
691 1385 954 1436 auxiliorum,
977 1387 1211 1428 convocatis
1241 1387 1285 1427 in
1311 1386 1446 1427 forum
1474 1386 1551 1426 mi-

170 1443 325 1493 litibus,
349 1443 447 1484 tuba
477 1443 641 1499 signum
673 1459 725 1485 ex
756 1459 847 1485 arce
873 1444 961 1485 dari
989 1444 1147 1494 iubent,
1170 1453 1217 1486 ut
1243 1445 1381 1486 hostes
1408 1444 1550 1486 adesse

171 1517 315 1543 omnes
354 1501 517 1542 scirent.
580 1500 646 1542 Ita
685 1502 872 1558 undique
913 1502 966 1543 ad
1005 1511 1155 1558 portas,
1197 1503 1250 1544 ad
1290 1517 1429 1544 muros
1468 1502 1552 1543 dis-

171 1568 354 1600 currunt.
416 1558 574 1600 Paucas
609 1568 701 1624 post
736 1560 857 1601 horas
892 1559 1125 1617 Philippus,
1162 1560 1376 1617 aliquanto
1412 1570 1551 1602 tamen

173 1627 267 1658 ante
289 1617 472 1666 1066111,
461 1617 798 1673 appropinquans
826 1618 931 1668 urbi,
954 1619 1186 1675 conspectis
1213 1618 1440 1660 luminibus
1464 1634 1552 1660 cre-

172 1675 268 1725 biis,
291 1684 332 1716 et
351 1674 520 1715 fiemitu
540 1674 759 1716 hominum
781 1676 1091 1732 trepidantium,
1114 1685 1160 1717 ut
1185 1676 1229 1717 in
1257 1676 1329 1718 tali
1355 1676 1550 1726 tumultu,

173 1733 382 1782 exaudito,
419 1732 614 1773 sustinuit
654 1734 794 1790 signa:
843 1743 885 1775 et
925 1734 1139 1776 considere
1176 1750 1222 1776 ac
1257 1735 1551 1790 conquiesceie

173 1806 321 1848 agmen
354 1790 483 1839 iussit,
516 1790 556 1830 vi
589 1802 731 1846 aperta
764 1792 976 1848 propalam
1014 1807 1173 1842 usurUS,
1206 1792 1374 1848 quando
1407 1808 1553 1857 parum

141 1849 292 1895 4dolus
319 1848 539 1913 profuerat.
603 1849 672 1890 Ab
699 1850 857 1915 Dipylo
888 1850 1069 1891 accessit.
1132 1851 1259 1891 Porta
1286 1866 1346 1900 ea,
1370 1850 1519 1891 velut
1510 1866 1553 1890 111

173 1923 242 1949 016
293 1907 404 1948 urbis
453 1905 598 1962 posita,
641 1923 772 1949 maior
821 1907 1035 1964 aliquanto
1080 1909 1386 1965 patentiorque,
1428 1923 1553 1964 quam

173 1973 347 2015 ceterae,
370 1973 455 2006 est:
490 1972 532 2004 et
558 1964 666 2007 intra
696 1981 786 2007 eam
818 1975 923 2007 extr
912 1981 1018 2022 aque
1050 1965 1157 2008 latae
1185 1974 1282 2007 sunt
1310 1967 1413 2016 xiae,
1437 1975 1482 2007 ut
1514 1976 1555 2006 et

143 2037 159 2067 5
175 2022 372 2078 oppidani
392 2021 568 2077 dirigeie
591 2024 721 2065 aciem
743 2039 766 2064 a
786 2024 873 2065 foro
895 2024 947 2064 ad
968 2039 1044 2079 p01
1049 2034 1128 2065 tam
1151 2033 1345 2080 possent:
1376 2033 1419 2065 et
1439 2033 1556 2065 extra

143 2080 291 2122 6li1nes
312 2080 424 2122 mille
445 2079 573 2120 selme
600 2096 741 2137 passus
767 2081 959 2137 longus,
950 2096 994 2121 m
1018 2081 1270 2123 Academiae
1292 2082 1555 2139 gymnasium

219 2237 235 2257 τι
261 2230 350 2265 Quae
365 2230 513 2268 pravima
535 2229 657 2258 ‹moeilz‘o
678 2229 739 2265 est]
773 2227 840 2258 Ubi

175 2271 259 2301 enim
288 2271 442 2310 impedire
470 2282 532 2301 non
560 2280 738 2310 possumus,
763 2281 839 2309 quo-

175 2313 280 2343 minus
314 2314 429 2344 iniuria
462 2315 626 2351 inferatur,
660 2313 841 2353 proximum

176 2356 311 2391 ridetur,
322 2361 356 2387 ut
366 2357 489 2387 illatam
502 2357 701 2387 ulciscamur.
719 2357 840 2387 RAscu.

219 2409 236 2439 3
256 2401 338 2429 Pari
350 2401 473 2439 incepto
484 2401 573 2430 Imm!
582 2401 738 2439 disparem
752 2411 842 2430 even

175 2443 259 2480 tum]
297 2443 441 2473 Athenas
471 2453 509 2472 ex
541 2442 711 2481 improviso
741 2453 842 2481 oppu-

175 2485 284 2525 gnanti
312 2485 381 2523 sibi,
407 2486 677 2524 quemadmodum
704 2485 843 2515 Romani

177 2527 367 2558 Chalcidem
417 2532 664 2567 oppugnassent,
706 2528 843 2558 eundem

177 2574 327 2600 eventum
362 2581 585 2610 responsurum
618 2575 715 2607 ratus,

178 2612 359 2643 habuissent
378 2613 526 2644 Romani.
552 2615 656 2644 CREv.

221 2667 239 2693 4
262 2657 312 2686 Ab
329 2658 447 2695 Dipylo
468 2658 612 2694 accessit]
641 2656 768 2686 Nomen
786 2657 843 2685 Di-

177 2699 285 2736 pylnm
318 2699 441 2729 Graece
474 2699 571 2735 idem,
606 2700 689 2738 quod
730 2699 844 2729 Latine

180 2742 292 2777 laum,
313 2740 479 2779 significat,
503 2742 623 2771 scilicet
652 2746 774 2781 portam
803 2742 847 2771 'ni-

180 2785 289 2813 forem.
336 2784 386 2813 Ab
403 2794 439 2814 ea
457 2789 546 2823 parte
565 2785 763 2815 Athenarum
781 2787 848 2814 crat

178 2837 240 2865 qua
266 2826 451 2856 Ceramicus
477 2827 606 2857 interior
633 2839 652 2857 a
679 2827 847 2857 Ceramico

178 2869 334 2899 exteriore
348 2869 432 2898 urbis
446 2879 534 2899 muro
547 2870 759 2907 distinguitur.
789 2870 846 2899 Pa-

178 2911 296 2942 tentior
311 2911 439 2950 quidem
462 2916 539 2949 erat,
556 2912 676 2952 quippe
700 2923 755 2952 per
777 2923 847 2943 eam

747 2581 842 2609 quem

886 2228 1030 2258 Eleusini
1059 2231 1091 2258 et
1117 2228 1148 2257 in
1176 2227 1435 2267 Peloponnesum
1461 2231 1558 2266 atque.

890 2271 1057 2301 Boeotiam
1075 2270 1126 2300 via
1142 2272 1291 2301 ducebat.
1324 2271 1447 2301 Eadem
1464 2275 1557 2309 porta

887 2314 1046 2351 Τ111·1’151;1,
1075 2318 1166 2353 110111
1194 2314 1393 2345 Ceramicic⁴i
1424 2314 1555 2344 vocaba-

887 2360 948 2387 tur.

931 2408 947 2437 5
972 2402 997 2430 1
1016 2400 1092 2437 soro
1113 2401 1156 2429 ml
1172 2401 1312 2438 portam]
1343 2400 1415 2429 Vox
1436 2401 1556 2430 lorum

886 2442 1067 2472 interimem
1097 2442 1300 2473 Uelaniicum
1331 2443 1482 2472 deuottre
1515 2442 1556 2472 11-

889 2486 993 2522 detur,
1018 2485 1138 2524 quippe
1162 2486 1249 2524 ‘tpud
1279 2486 1385 2524 plures
1411 2490 1557 2515 :um-tmes-

889 2509 1076 2558 (Jeraiiiicus
1093 2528 1218 2558 (rraeca
1234 2538 1310 2558 voce
1327 2527 1423 2568 ἀγορᾷ
1440 2528 1555 2558 intelli—

887 2570 979 2608 gitur.
1016 2572 1054 2600 cf.
1084 2571 1247 2601 Plutarch.
1272 2572 1312 2601 de
1338 2581 1370 2601 x.
1401 2571 1497 2601 Rhet.
1524 2571 1556 2600 10

890 2614 1024 2653 Lycurg.
1044 2613 1157 2643 Lcakii
1183 2613 1321 2653 Topogr.
1347 2614 1464 2644 Athen.
1483 2615 1510 2651 ξ.
1528 2623 1556 2652 3.

890 2656 1022 2686 Mem-sii
1040 2657 1197 2687 Ceramic.
1217 2657 1311 2687 Geni.
1334 2656 1378 2687 16.

931 2698 950 2729 6
969 2701 1007 2729 Ιη,
1018 2700 1438 2738 Academiaeffymnaxium]
1460 2699 1558 2735 Quod

891 2753 911 2771 a
939 2741 1061 2781 Dipylo
1088 2752 1141 2772 sex
1170 2742 1273 2772 stadia.
1296 2746 1452 2772 remotum
1482 2746 1559 2772 erat.

893 2785 932 2815 ef.
959 2786 1027 2815 Cle..
1054 2785 1094 2815 de
1120 2785 1190 2815 Fin.
1218 2795 1244 2815 v.
1274 2795 1298 2816 1.
1346 2785 1476 2815 Nomen
1504 2786 1560 2814 du-

892 2828 984 2857 cebat
1018 2828 1058 2857 ab
1098 2828 1273 2865 Academo,
1309 2828 1355 2857 vel
1396 2828 1560 2858 Eeademo

894 2870 997 2900 heroe.
1029 2870 1122 2909 Diog.
1148 2871 1249 2901 Laert.
1276 2870 1307 2900 in
1332 2871 1458 2901 Platon.
1481 2871 1507 2906 ξ.
1531 2872 1559 2900 8.

896 2913 934 2943 In
971 2913 1029 2943 hoe
1063 2912 1228 2953 gymnasio
1262 2914 1356 2944 Plato
1388 2913 1561 2953 discipulos

1564 238 1607 269 U.
1624 238 1662 269 C.
1685 247 1755 277 552.

1560 281 1598 312 A.
1624 281 1661 312 C.
1685 291 1755 312 200.

1623 343 1689 381 24.

1561 399 1611 428 Ad
1617 399 1701 428 volat

1562 441 1744 480 Philippus,

1560 485 1615 515 sed
1631 494 1708 514 sero.

1561 932 1662 963 Ducit

1561 975 1714 1007 Athenas.
