1960 3218
526 127 654 170 LIB.
687 127 863 170 XXXI.
909 128 1058 171 CAP.
1090 132 1160 172 49.
1494 133 1549 172 43

151 225 320 259 senatus
351 226 395 259 et
425 217 719 274 magnitudine
739 232 881 259 rerum
906 226 1118 274 gestarum
1137 217 1315 269 valebat,
1339 226 1382 260 et
1401 219 1548 276 gratia.
1565 232 1610 266 U
1627 232 1666 265 c
1689 241 1762 273 55²·

151 274 339 317 Maiores
368 283 471 316 natu
501 276 714 340 negabant
743 275 1020 340 triumphurn,
1059 281 1130 317 ‘et
1159 275 1276 332 quod
1306 275 1444 318 alieno
1475 292 1551 318 ex·
1565 276 1762 349 ῥγ-Ἠξὲθξζξζ

1563 362 1685 392 tentiae
1700 361 1733 391 in

149 337 162 356 ‘
181 332 315 374 ercitu
334 347 423 374 rem
443 333 649 388 gessisset,
672 341 714 374 et
734 332 850 389 quod
870 333 1131 389 provinciam
1159 333 1398 389 reliquisset
1420 334 1552 375 avidi-

154 394 167 414 ‘
182 398 267 431 tate
288 390 479 446 rapiendi
500 405 576 447 per
596 390 860 431 occasionem
882 390 1111 446 triumphi3
1134 390 1180 432 id
1195 405 1295 432 vero
1312 406 1408 432 eum
1432 391 1551 432 nullo
1565 408 1688 435 senatu.

561 448 571 464 5

154 451 167 470 ‘
183 447 379 503 exemplo
398 447 557 489 fecisse
634 447 887 489 Consulares
918 448 1173 513 praecipue,
1191 453 1203 472 ‘
1219 448 1552 505 exspectandum

154 509 168 528 ‘
182 504 307 545 fuisse
330 504 571 570 consulem,’
593 504 800 546 dicebant.
865 510 876 529 ‘
892 504 1085 546 Potuisse
1107 505 1234 555 enim,
1256 506 1399 547 castris
1420 521 1551 562 prope

120 576 142 609 9
156 562 330 603 ‘urbem
350 562 509 618 positis,
532 562 710 604 tutanda
730 562 935 612 colonia,
925 571 1051 604 1ta21t
1071 563 1160 604 acie
1181 578 1268 604 non
1289 563 1551 613 decerneret,

156 619 229 660 ‘in
260 619 488 661 adventum
519 620 609 661 eius
639 635 727 662 rem
760 620 1006 661 extrahere:
1043 628 1097 670 et,
1121 620 1237 676 quod
1267 629 1435 677 praetor
1465 635 1552 662 non

156 682 168 700 ‘
183 676 361 727 fecisset,
384 678 547 719 senatui
568 677 807 719 faciendum
829 693 929 719 esse.
977 676 1209 719 Consulem
1231 686 1551 735 exspectarent:

156 739 168 758 ‘
184 734 256 776 ubi
277 749 417 776 coram
439 735 721 800 disceptantes
748 735 964 777 consulem
992 744 1035 777 et
1062 745 1298 792 praetorem
1324 735 1552 785 audissent,

155 796 167 815 ‘
184 792 322 833 verius
342 792 395 833 de
422 807 545 834 causa
569 792 879 834 existimaturos
907 795 1021 834 esse]
1083 792 1245 850 Magna
1267 809 1362 850 pars
1383 802 1554 834 senatus

153 849 261 890 nihil
281 858 446 906 praeter
465 866 530 892 res
550 859 698 907 gestas,
717 858 759 892 et
775 865 829 891 an
846 850 890 891 in
907 850 1151 907 magistratu
1172 851 1340 907 suisque
1358 850 1554 907 auspiciis

154 906 359 963 gessisset,
383 909 611 950 censebant
631 916 817 964 spectare
839 918 1031 950 senatum
1054 908 1220 950 debere.
1275 914 1286 932 ‘
1301 908 1367 949 Ex
1390 908 1554 949 duabus

157 964 372 1015 ‘coloniis,
402 981 509 1021 quae
540 965 655 1007 velut
686 965 866 1007 claustra
895 965 949 1007 ad
979 966 1237 1007 cohibendos
1270 965 1456 1007 Gallicos
1487 974 1554 1006 tu-

128 1021 341 1063 1‘multus
372 1023 586 1087 oppositae
617 1022 806 1072 fuissent,
838 1038 971 1079 quum
1001 1039 1087 1064 una
1116 1023 1281 1080 direpta
1310 1032 1353 1064 et
1383 1023 1556 1064 incensa

158 1084 171 1103 ‘
186 1088 307 1129 esset,
330 1080 689 1136 traiecturumque
718 1080 764 1121 id
791 1080 1050 1131 incendium,
1072 1080 1188 1122 velut
1216 1096 1270 1122 ex
1299 1080 1556 1122 continenti-

158 1137 264 1178 ‘bus
297 1137 430 1187 tectis,
463 1138 508 1178 in
540 1137 712 1178 alteram
749 1144 835 1178 tam
870 1137 1152 1194 plopinquam
1188 1137 1396 1180 coloniam
1433 1146 1553 1187 esset,

159 1193 292 1250 ‘quid
328 1194 497 1235 tandem
530 1195 712 1250 praetori
743 1194 984 1235 faciendum
1017 1195 1177 1236 fuisse?
1238 1194 1365 1245 Nam,
1400 1195 1433 1236 si
1464 1195 1554 1236 sine

159 1256 172 1276 6
187 1251 358 1293 consule
387 1251 477 1307 geri
505 1252 611 1292 nihil
640 1252 884 1308 oportuerit,
919 1259 992 1293 aut
1019 1261 1211 1293 senatum
1239 1267 1446 1308 peccasse,
1481 1252 1555 1308 qui

127 1309 421 1352 2‘exercitum
451 1309 632 1366 praetori
664 1308 840 1359 dederit,
875 1309 1078 1375 (potuisse
1112 1309 1240 1359 enim,
1272 1310 1306 1350 si
1339 1325 1425 1350 non
1458 1324 1556 1350 cum

161 1366 400 1423 ‘praetoris,
438 1367 512 1407 sed
552 1366 747 1416 consulis,
785 1367 974 1408 exercitu
1015 1382 1105 1408 rem
1144 1367 1234 1424 geri
1267 1366 1460 1416 voluerit,
1498 1367 1557 1408 ita

161 1429 173 1448 ‘
188 1424 309 1465 finire
331 1433 499 1466 senatus
520 1423 771 1474 consultum,
795 1439 848 1465 ne
877 1439 953 1481 per
979 1433 1228 1481 praetorem,
1252 1424 1326 1466 sed
1353 1439 1429 1480 per
1457 1439 1558 1465 con-

162 1486 175 1506 ‘
189 1480 336 1531 sulem,
358 1481 593 1538 gereretur)
615 1491 687 1523 aut
708 1481 936 1532 consulem,
948 1482 1041 1548 ..qni
1051 1497 1150 1532 non,
1170 1497 1302 1538 quum
1324 1482 1557 1523 exercitum

163 1544 175 1563 ‘
190 1553 245 1579 ex
267 1538 438 1581 Etruria
462 1539 636 1580 transire
665 1539 710 1580 in
734 1538 918 1580 Galliam
946 1539 1141 1589 iussisset,
1164 1540 1251 1596 ipse
1275 1539 1458 1582 Arimini
1488 1554 1558 1580 oc-

163 1597 378 1646 ‘currerit,
418 1606 463 1638 ut
497 1597 610 1638 bello
646 1597 877 1647 interesset,
910 1597 1026 1653 quod
1058 1597 1147 1638 sine
1181 1612 1231 1638 eo
1261 1597 1351 1654 geri
1381 1597 1441 1637 fas
1471 1612 1558 1637 non

130 1664 148 1695 3
164 1659 176 1678 6
192 1662 310 1695 esset.
374 1653 476 1695 Non
498 1664 740 1711 exspectare
769 1654 870 1695 belli
899 1663 1090 1711 tempora
1117 1670 1252 1695 moras
1273 1663 1316 1695 et
1336 1654 1559 1695 dilationes

164 1711 517 1767 ‘imperatorumz
564 1721 605 1753 et
640 1711 917 1768 pugnandum
953 1727 1041 1753 esse
1078 1712 1305 1761 interdum,
1340 1727 1427 1753 non
1460 1712 1560 1767 quia

164 1774 176 1793 6
192 1769 306 1818 velis,
329 1768 403 1810 sed
424 1769 523 1825 quia
544 1769 674 1810 hostis
695 1778 828 1826 cogat.
890 1769 1123 1826 Pugnam
1113 1785 1245 1826 ipsam
1273 1779 1559 1825 eventumque

164 1832 177 1850 ‘
192 1841 358 1883 pugnae
381 1827 559 1883 spectari
581 1835 784 1883 oportere.
839 1826 968 1868 Fusos
989 1842 1213 1883 caesosque
1235 1827 1397 1868 hostes:
1429 1836 1561 1868 castra

166 1890 315 1940 ‘capta
339 1899 386 1925 ac
412 1883 600 1940 direpta:
634 1884 842 1925 coloniam
870 1884 1087 1926 liberatam
1113 1885 1356 1926 obsidione:
1391 1884 1560 1925 alterius

166 1941 380 1983 ‘coloniae
414 1942 600 1997 captivos
632 1950 899 1998 recuperatos
931 1942 1229 1998 restitutosque
1267 1943 1378 1983 suis:
1417 1941 1562 1982 debel—

166 1999 324 2040 ‘latum
346 2014 431 2039 uno
452 1999 611 2055 proelio
633 2015 732 2040 esse.
798 1998 900 2040 Non
921 1999 1112 2040 homines
1135 2009 1298 2040 tantum
1320 2014 1369 2040 ea
1390 1999 1562 2040 victoria

167 2056 379 2105 ‘laetatos,
402 2057 476 2097 sed
502 2056 581 2097 diis
606 2072 776 2112 quoque
808 2056 1111 2098 immortalibus
1142 2072 1217 2112 per
1247 2056 1434 2098 triduum
1464 2071 1562 2111 sup-

167 2113 442 2169 ‘plicationes
463 2113 636 2162 habitas,
660 2113 773 2169 quod
795 2114 903 2154 bene
927 2129 973 2154 ac
994 2113 1184 2162 feliciter,
1207 2129 1293 2155 non
1315 2113 1430 2169 quod
1453 2129 1505 2153 ni
1497 2113 1561 2154 ile

166 2176 238 2211 ‘ac
282 2179 452 2220 temere,
497 2171 731 2226 respublica
767 2186 791 2211 a
825 2170 874 2211 L.
899 2170 1026 2211 Furio
1062 2180 1252 2226 praetore
1289 2180 1405 2225 gesta
1440 2179 1558 2212 esset.

134 2227 309 2274 4‘Data
348 2228 432 2268 f-tto
476 2228 602 2269 etiam
646 2227 835 2292 quodam
876 2227 1025 2270 Fuliae
1064 2228 1181 2283 genti
1221 2227 1386 2270 Gallica
1426 2227 1562 2268 bella)

165 2285 307 2327 Huius
338 2285 504 2341 genelis
537 2285 795 2326 orationibus
826 2285 955 2341 ipsius
989 2286 1305 2341 amit-mumque
1338 2285 1449 2326 victa
1484 2294 1559 2335 cst,

209 2424 228 2455 9
255 2415 403 2444 Tulamla
420 2415 559 2452 colonia]
587 2414 698 2444 Intell.
716 2413 839 2444 Cremo·
885 2417 975 2444 sente
992 2414 1131 2444 consule.
1165 2414 1227 2445 Sed
1246 2413 1357 2445 Livius
1372 2414 1478 2444 forsan
1495 2425 1563 2445 ora-

166 2468 222 2494 na,
238 2458 278 2487 de
294 2457 384 2486 cuius
405 2456 570 2487 obsidione
591 2466 676 2495 supr.
695 2466 744 2487 21.
770 2466 840 2486 nar·
885 2456 984 2486 toriee
996 2456 1148 2496 loquitur,
1160 2460 1191 2486 et
1205 2457 1305 2487 verbis
1315 2459 1457 2488 eoeercitu
1468 2468 1563 2498 prae-

166 2499 323 2530 rationem
341 2500 447 2530 adeas.
886 2500 963 2529 toris
989 2509 1045 2538 pro
1069 2500 1168 2530 ductu
1187 2501 1350 2539 praetoris
1373 2510 1486 2539 parum
1511 2510 1563 2530 cu-

215 2551 226 2571 1
252 2543 390 2572 Incensa
409 2542 504 2578 esset]
544 2541 596 2570 De
613 2540 739 2580 direpta
754 2545 785 2570 ct
801 2551 840 2571 ex
887 2541 968 2571 riose
986 2541 1095 2571 utitur.

168 2593 285 2623 magna
316 2588 406 2623 parte
436 2583 566 2613 incensa
598 2583 766 2613 Placentia
802 2584 841 2615 cf.
936 2592 952 2620 3
977 2585 1053 2614 Non
1083 2589 1267 2623 edas-peccare
1299 2585 1371 2614 belli
1401 2586 1560 2624 tempora]

168 2636 254 2665 supr.
276 2635 321 2656 10.
888 2625 975 2655 Vide
998 2626 1138 2655 Dobraei
1166 2627 1357 2656 Adversnria
1380 2626 1399 2657 i.
1425 2626 1492 2657 161.
1524 2628 1565 2658 cf.

214 2678 229 2698 2
254 2670 287 2697 Si
304 2679 367 2698 mm
383 2679 455 2699 cum
471 2669 642 2707 praetoris,
657 2669 712 2697 sed
732 2679 842 2698 consu-
890 2668 1061 2699 Dcniosth.
1076 2668 1197 2708 Philip.
1215 2669 1234 2700 i.
1252 2679 1282 2707 p.
1300 2678 1349 2709 49.
1375 2668 1525 2708 Τὴιιο)’(].
1544 2670 1564 2700 i.

169 2712 394 2748 lia-,emercitzd
426 2710 558 2749 Aliquid
585 2710 693 2739 mendi
722 2710 752 2739 in
784 2711 843 2740 hoc
893 2720 960 2747 142.

169 2753 241 2782 loeo
259 2753 357 2782 latere
372 2752 599 2783 animadvertit
610 2752 763 2788 Crevier„
776 2763 842 2782 rem
932 2764 951 2790 4
974 2754 1064 2782 Data
1080 2754 1155 2791 salo
1173 2754 1267 2783 eliam
1290 2754 1423 2793 quodam
1442 2755 1566 2784 Furiae

170 2795 255 2826 enini
278 2805 296 2824 a
317 2795 475 2825 consulari
497 2795 638 2825 exercitu
658 2799 778 2832 gestam
797 2797 843 2824 fu-
886 2797 975 2833 „clenti
993 2796 1119 2825 (insliz-11
1137 2796 1234 2833 bella]
1275 2796 1438 2825 Alludunt
1456 2796 1495 2825 ad
1515 2806 1564 2825 vo-

170 2837 230 2867 isse
252 2841 375 2867 constat
398 2847 436 2866 ex
454 2848 524 2876 cap.
552 2847 596 2867 ιι.
617 2843 649 2867 ct
668 2847 714 2867 21.
738 2848 844 2876 snpra,
890 2842 988 2867 terem
1023 2837 1114 2867 illum
1147 2842 1178 2867 et
1209 2837 1363 2877 insignem
1394 2838 1565 2868 Gallorum

171 2880 270 2910 ductu
281 2883 389 2909 tamen
401 2879 608 2918 auspicioque
620 2880 843 2918 praetoriani)-
892 2880 1043 2911 victorem
1063 2880 1110 2911 M.
1126 2879 1258 2911 Furium
1275 2879 1463 2912 Camillum.
1488 2880 1550 2912 Cu.

1637 2290 1705 2329 49.
