1960 3218
355 132 408 170 56
868 129 1019 172 ΤΙΤΙ
1056 129 1238 172 LIVII

150 221 193 252 U·
211 222 249 252 C·
273 229 343 261 554·
358 226 503 268 maret,
537 218 667 274 ‘quid
693 219 804 260 victo
833 220 1001 275 gravius
1030 220 1268 276 imperares,
1293 219 1344 262 T.
1369 219 1595 269 Quincti?’
1630 227 1790 276 atque9

149 265 187 295 A.
212 264 250 295 C.
276 264 345 304 ¹98·
359 275 419 316 ita
444 290 488 316 se
519 290 573 316 ex
601 276 811 332 colloquio
844 276 1063 333 proripuit.
1128 276 1185 318 Et
1215 286 1495 333 temperatum
1529 292 1649 333 aegre
1681 286 1757 326 est,

360 332 465 389 quin
486 333 723 383 missilibus,
739 334 839 389 quia
859 334 1059 390 dirempti
1080 334 1221 376 medio
1242 334 1355 376 amni
1375 335 1553 384 fuerant,
1570 348 1758 390 pugnam

150 390 350 439 Leviaproe-
360 390 471 431 inter
491 405 534 431 se
555 400 834 432 consererent.
897 391 1071 432 Postero
1099 391 1168 433 die
1197 407 1273 448 per
1300 391 1568 433 excursiones
1596 391 1648 432 ab
1675 399 1758 432 sta-

152 435 205 464 ¹¹³·
361 447 546 489 tionibus
575 448 711 504 primo
733 448 776 490 in
801 448 989 505 planitie,
1016 449 1114 490 satis
1144 449 1198 490 ad
1228 449 1273 490 id
1302 449 1476 505 patenti,
1499 447 1631 489 multa
1650 447 1760 489 levia.

362 505 582 546 commissa
612 506 771 561 proelia
800 515 919 547 sunt:
956 506 1110 547 deinde
1141 506 1441 563 recipientibus
1473 521 1516 547 se
1552 505 1677 561 regiis
1711 505 1758 546 in

362 571 452 603 arta
472 570 514 603 et
535 563 778 619 confragosa
796 563 900 613 loca,
919 563 1116 605 aviditate
1139 564 1303 606 accensi
1324 563 1562 605 certaminis
1581 578 1631 604 eo
1652 578 1758 618 quo-

363 634 446 675 que
477 619 662 661 Romani
693 630 978 676 penetravere.
1041 621 1125 663 Pro
1155 621 1221 662 his
1252 621 1367 671 ordo,
1390 630 1433 662 et
1463 620 1651 662 militaris
1672 620 1757 661 dis-

363 676 531 732 ciplina,
550 686 593 718 et
612 693 745 733 genus
766 693 975 719 armorum
997 687 1096 728 erat,
1115 688 1261 735 aptum
1283 678 1474 735 tegendis
1494 677 1753 734 corporibus:
1773 696 1786 717 1

363 748 439 789 pro
460 734 579 776 hoste
601 734 704 783 loca,
723 744 766 777 et
786 735 1019 792 catapultae
1040 736 1325 792 ballistaeque,
1344 736 1387 776 in
1410 736 1604 777 omnibus
1624 750 1755 791 prope

364 791 551 847 rupibus,
585 793 704 848 quasi
744 793 789 833 in
824 793 966 843 muris,
1003 793 1239 850 dispositae.
1309 793 1459 834 Multis
1494 793 1593 834 hinc
1629 801 1755 848 atque

363 847 480 889 illinc
500 848 743 890 vulneribus
764 851 957 906 acceptis,
981 866 1113 906 quum
1135 852 1275 900 etiam,
1298 859 1345 892 ut
1372 851 1417 891 in
1446 850 1605 907 proelio
1632 850 1755 899 iusto,

364 904 525 960 aliquot
546 906 806 956 cecidissent,
828 923 914 948 nox
934 923 1100 964 pugnae
1122 908 1251 949 finem
1271 908 1382 949 fecit.

426 962 571 1010 Quum
600 964 645 1003 in
672 963 752 1004 hoc
782 972 893 1005 statu
914 979 978 1005 res
1000 974 1120 1014 esset,
1142 974 1282 1021 pastor
1302 964 1488 1020 quidam,
1511 980 1535 1005 a
1558 964 1756 1020 Charopo

363 1019 552 1075 principe
585 1020 856 1076 Epirotarum
892 1021 1053 1071 missus,
1083 1022 1306 1063 deducitur
1338 1022 1392 1062 ad
1425 1022 1651 1063 consulem.
1714 1021 1756 1062 Is

365 1081 377 1099 ‘
393 1090 435 1117 se
457 1076 503 1116 in
524 1092 574 1118 eo
595 1077 715 1127 saltu,
738 1078 812 1134 qui
838 1078 963 1135 regiis
984 1087 1085 1120 tunc
1107 1087 1321 1121 teneretur
1340 1080 1496 1129 castris,
1518 1087 1757 1120 armentum

366 1139 560 1189 ‘pascere
591 1134 786 1185 solitum,’
814 1135 884 1185 ait,
918 1142 1091 1178 ‘omnes
1126 1137 1332 1178 montium
1367 1151 1513 1177 eorum
1549 1136 1757 1177 anfractus

366 1190 601 1248 ‘callesque
632 1207 765 1234 nosse.
831 1192 875 1234 Si
906 1208 1048 1235 secum
1083 1193 1245 1249 aliquos
1277 1193 1421 1235 consul
1451 1194 1615 1235 mittere
1640 1192 1754 1243 velit,

365 1254 375 1272 ‘
392 1264 434 1289 se
463 1264 549 1290 non
577 1250 724 1305 iniquo
752 1265 831 1291 nec
861 1250 1097 1306 perdifficili
1123 1251 1240 1292 aditu
1267 1266 1392 1307 super
1420 1260 1546 1307 caput
1569 1250 1755 1291 hostium

364 1311 375 1329 ⁶
391 1321 461 1347 eos
483 1306 790 1348 deducturum.’
842 1307 963 1349 Haec
984 1308 1053 1349 ubi
1078 1308 1223 1349 consul
1244 1308 1415 1358 audivit,
1433 1316 1752 1364 percunctatum
1767 1326 1784 1347 2

362 1362 416 1403 ad
450 1362 694 1419 Charopum
727 1365 868 1415 mittit,
903 1365 1079 1407 ‘satisne
1113 1365 1371 1407 credendum
1404 1380 1529 1422 super
1561 1373 1677 1406 tanta
1709 1380 1754 1406 re

364 1426 375 1443 ‘
388 1420 539 1475 agresti
560 1422 797 1463 censeret?’
860 1422 1082 1479 Charopus
1103 1423 1334 1464 renuntiari
1354 1423 1483 1472 iubet,
1508 1423 1590 1464 ‘ita
1610 1422 1755 1463 crede-

363 1482 463 1526 ‘ret,
486 1486 533 1518 ut
564 1493 662 1519 suae
695 1479 835 1534 potius
862 1481 1015 1529 omnia,
1038 1495 1165 1535 quam
1198 1480 1321 1530 illius,
1349 1480 1566 1536 potestatis
1590 1480 1754 1521 essent?

365 1533 511 1582 Quum
533 1535 663 1591 magis
684 1535 811 1577 vellet
831 1537 1014 1587 credere,
1030 1552 1157 1593 quam
1179 1537 1364 1587 auderet,
1380 1537 1537 1586 consul,
1552 1537 1754 1577 mixtum-

361 1607 444 1645 que
480 1592 634 1647 gaudio
670 1608 718 1633 ac
753 1602 870 1634 metu
905 1595 1093 1635 animum
1128 1603 1304 1651 gereret,
1339 1595 1583 1636 auctoritate
1616 1603 1754 1635 motus

364 1648 563 1705 Charopi,
596 1650 775 1705 experiri
811 1666 929 1706 spem
962 1651 1143 1693 oblatam
1176 1653 1345 1693 statuit:
1385 1661 1440 1701 et,
1472 1660 1519 1693 ut
1549 1659 1755 1693 averteret

360 1720 447 1746 rem
479 1722 502 1747 a
532 1707 781 1762 suspicione,
808 1708 938 1749 biduo
969 1709 1207 1765 insequenti
1238 1709 1438 1750 lacessere
1469 1709 1646 1758 hostem,
1668 1708 1754 1750 dis-

389 1763 504 1804 ositis
531 1763 582 1804 ab
605 1764 720 1804 omni
750 1773 868 1820 parte
899 1766 1042 1821 copiis,
1065 1766 1472 1822 succedentibusque
1503 1766 1677 1821 integris
1707 1766 1753 1806 in

358 1778 496 1860 locum
519 1820 787 1871 defessorum,
810 1837 897 1863 non
918 1822 1088 1863 destitit.
1141 1823 1353 1871 Quattuor
1373 1823 1502 1864 millia
1523 1823 1622 1863 inde
1643 1822 1753 1864 lecta

357 1876 548 1931 peditum
567 1886 609 1918 et
627 1886 834 1920 trecentos
851 1880 1014 1935 equites
1035 1880 1204 1921 tribuno
1226 1880 1407 1921 militum
1428 1880 1565 1921 tradit.
1617 1879 1751 1935 Equi-

358 1942 431 1982 tes,
447 1934 587 1989 quoad
607 1934 698 1975 loca
717 1936 943 1991 patiantur,
966 1936 1119 1978 ducere
1141 1937 1280 1978 iubet:
1315 1938 1387 1978 ubi
1408 1937 1461 1978 ad
1481 1937 1595 1978 invia
1615 1937 1751 1992 equiti

357 1999 529 2031 ventum
565 1992 630 2040 sit,
663 1992 707 2032 in
740 1992 912 2048 planitie
944 1993 1085 2049 aliqua
1118 1994 1246 2036 locari
1277 1995 1536 2050 equitatum,
1571 1994 1748 2051 pedites,

355 2062 439 2102 qua
469 2048 557 2089 dux
588 2057 837 2091 monstraret
867 2051 989 2100 viam,
1017 2051 1099 2092 ire:
1135 2051 1219 2101 ubi,
1250 2061 1296 2093 ut
1326 2052 1606 2108 polliceretur,
1624 2067 1779 2108 super3

354 2114 480 2160 caput
504 2104 688 2146 hostium
709 2114 958 2162 perventum
980 2107 1045 2157 sit,
1067 2108 1183 2149 fumo
1205 2108 1303 2150 dare
1327 2109 1516 2164 signum:
1550 2124 1629 2150 nec
1650 2117 1747 2151 ante

353 2160 577 2202 clamorem
607 2162 764 2213 tollere,
788 2179 914 2219 quam
941 2165 991 2206 ab
1013 2180 1055 2205 se
1086 2165 1205 2221 signo
1236 2175 1408 2222 accepto
1438 2181 1624 2222 pugnam
1652 2181 1748 2208 coe-

354 2226 467 2272 ptam
490 2219 678 2260 arbitrari
699 2229 849 2275 posset.
914 2221 1053 2262 Nocte
1076 2222 1227 2263 itinera
1246 2223 1337 2264 fieri
1358 2223 1486 2273 iubet,
1502 2224 1564 2278 (et
1585 2238 1745 2279 pernox
1759 2242 1779 2269 4

352 2274 457 2316 forte
488 2275 588 2317 luna
618 2277 726 2333 erat)
756 2277 943 2319 interdiu
973 2278 1057 2320 cibi
1084 2279 1322 2335 quietisque
1354 2288 1538 2322 sumeret
1565 2289 1742 2336 tempus.

222 964 284 1003 ll.

154 1019 183 1048 A
200 1023 326 1058 pastore

155 1061 205 1090 via
215 1062 353 1092 ostendi-

154 1108 206 1133 tur
222 1104 325 1140 Quin-

151 1146 224 1178 ctio.

1071 2409 1178 2448 Vulgo
1202 2409 1316 2449 legitur
1334 2415 1446 2450 aptum
1464 2411 1616 2449 uryendis
1634 2412 1744 2450 regiis,

1068 2453 1153 2490 quod
1185 2452 1343 2482 Gelenius
1380 2452 1526 2483 coniecit.
1581 2452 1742 2484 Emenda-

1068 2493 1188 2524 tionem
1208 2493 1383 2533 Kreyssigii
1400 2494 1514 2533 probat
1531 2494 1671 2526 Bekker.

1111 2545 1127 2565 2
1151 2537 1243 2567 Ilaec
1259 2537 1314 2566 ubi
1329 2538 1440 2566 consul
1454 2537 1581 2567 audivit
1597 2560 1604 2568 .
1622 2561 1629 2568 .
1647 2561 1654 2568 .
1671 2548 1742 2569 cen-

393 2414 411 2446 9
440 2407 526 2442 Quid
554 2408 635 2438 victo
661 2409 798 2446 gravius
826 2410 1020 2448 imperares]

351 2448 388 2478 cf.
405 2448 536 2478 Diodor.
550 2448 632 2479 Exc.
646 2449 726 2479 Vat.
741 2451 789 2480 ed.
804 2450 842 2481 A.
855 2451 957 2488 Maio,
968 2451 1022 2481 ubi

350 2489 482 2519 totidem
508 2490 573 2520 fere
597 2491 699 2521 verbis
725 2491 921 2531 colloquium
949 2493 1021 2523 Fla-

348 2531 437 2560 minii
465 2541 537 2561 cum
566 2531 720 2572 Philippo
747 2539 901 2565 narratur.
949 2535 1021 2565 Rex

346 2573 413 2609 ille,
440 2572 472 2602 τί
495 2572 608 2604 τούτου
634 2573 805 2615 βαρύτερον
830 2576 1022 2615 προσέταξαν
1065 2579 1163 2616 seret]
1193 2579 1286 2608 Haec
1310 2578 1456 2608 clausula
1481 2579 1569 2617 apud
1595 2580 1741 2611 Draken-

345 2614 382 2644 ἄν
396 2626 447 2652 μοι
463 2615 588 2653 πολέμῳ
604 2616 816 2655 κρατήσαντες
832 2619 951 2656 dicens,
974 2619 1019 2649 in—

345 2657 569 2695 dignabundus
582 2659 732 2689 discessit.
769 2661 869 2691 Aliud
884 2671 956 2691 vero
973 2665 1018 2691 est

344 2700 540 2739 colloquium
568 2701 649 2730 illud
676 2702 821 2741 Philippi
845 2713 919 2733 cum
945 2704 1018 2734 Fla—

342 2742 454 2779 minio,
477 2743 562 2781 quod
587 2744 682 2773 refert
707 2744 862 2783 Polybius
885 2745 960 2775 xvii.
990 2755 1017 2775 1.

341 2794 408 2823 sqq.

389 2836 398 2855 1
426 2828 548 2866 Aplnm
566 2830 707 2866 leffe-ndis
723 2830 924 2868 corporibus]
955 2830 1014 2860 Co-

339 2868 426 2899 dices
463 2869 523 2899 hoc
561 2870 631 2900 loco
669 2871 897 2909 corruptissimi
932 2875 1014 2902 sunt.

1065 2620 1171 2650 borch.
1190 2624 1220 2650 ct
1237 2620 1375 2651 Crevier.
1393 2622 1531 2651 exsulat.

1107 2671 1124 2699 3
1147 2663 1220 2697 Ubi,
1235 2668 1271 2692 ut
1285 2664 1509 2701 polliceretur]
1530 2665 1742 2703 Polliceatur,

1064 2704 1149 2742 quod
1167 2705 1192 2733 F
1196 2705 1344 2735 robenius
1366 2705 1505 2743 primum
1525 2706 1637 2744 edidit,
1654 2706 1740 2737 Bek-

1063 2745 1127 2777 ker.
1145 2750 1260 2777 servat.

1105 2799 1123 2826 4
1146 2790 1314 2819 Arbitrari
1334 2791 1456 2829 posset]
1494 2791 1658 2821 Tribunus
1681 2791 1737 2820 mi-

1063 2829 1167 2868 litum,
1181 2831 1235 2869 qui
1252 2831 1310 2862 toti
1327 2832 1454 2871 negotio
1471 2837 1628 2872 praeerat.
1655 2833 1714 2863 Cn.
