1960 3218
587 137 714 179 LIB.
748 136 942 178 XXXV.
989 137 1136 179 CAP.
1172 142 1209 179 8.
1520 141 1599 183 187

205 229 528 285 professionibus
549 229 717 270 detecta
737 237 801 270 est
821 229 1070 286 magnitudo
1096 229 1202 271 aeris
1227 229 1366 280 alieni,
1388 245 1464 286 per
1492 231 1601 273 hanc
1617 243 1661 276 U.
1679 244 1718 275 C.
1741 251 1814 286 559·

204 287 394 329 fraudem
423 287 637 336 contracti,
668 286 730 328 M.
753 286 1027 343 Sempronius
1056 287 1248 329 tribunus
1272 287 1407 352 plebis
1430 303 1482 329 ex
1504 304 1603 331 auc-
1616 287 1655 319 A.
1680 288 1718 319 C.
1745 296 1813 329 193·

171 345 372 387 8toritate
395 345 569 386 Patrum
599 344 767 401 plebem
799 344 972 401 rogavit,
1001 344 1231 401 plebesque
1264 346 1396 395 scivit,
1428 355 1475 387 ut
1505 362 1602 388 cum

174 403 327 450 9sociis
354 418 401 444 ac
430 403 601 444 nomine
623 401 777 443 Latino
798 403 1003 459 pecuniae
1030 403 1212 444 creditae
1242 403 1307 444 ius
1335 403 1462 454 idem,
1486 405 1601 460 quod

205 475 302 501 cum
324 461 483 502 civibus
507 460 723 510 Romanis,
746 469 864 501 esset.
920 460 1039 501 Haec
1061 461 1105 501 in
1128 460 1251 502 Italia
1271 461 1387 502 domi
1408 462 1604 504 militiae-

205 533 288 574 que
310 526 412 559 acta.

263 575 315 616 In
357 575 565 632 Hispania
604 591 873 632 nequaquam
915 584 1079 617 tantum
1125 576 1225 618 belli
1264 576 1357 626 fuit,
1381 586 1603 634 *quantum

204 643 379 674 auxerat
399 634 519 675 fama.
576 633 625 675 C.
647 633 876 674 Flaminius
897 634 942 674 in
963 634 1145 675 citeriori
1169 634 1377 691 Hispania
1398 636 1602 692 oppidum
1618 646 1814 695 ResHispa-

204 690 380 732 Iluciam
409 692 453 732 in
485 691 681 733 Oretanis
710 692 848 747 cepit:
883 691 1037 732 deinde
1067 692 1111 732 in
1140 692 1316 733 hiberna.
1347 693 1501 735 milites
1530 694 1604 735 de·
1617 700 1701 721 mae.

204 749 337 790 duxit.
401 749 458 790 Et
498 764 573 805 per
613 749 797 790 hiemem
836 749 998 805 proelia
1036 749 1209 806 aliquot,
1247 750 1363 791 nulla
1403 752 1605 793 memoria

203 806 343 863 digna,
381 807 577 848 adversus
617 807 827 848 latronum
869 808 1013 864 magis,
1051 823 1178 863 quam
1219 808 1416 859 hostium,
1455 825 1604 850 excur-

203 864 352 914 siones,
375 865 489 906 vario
511 874 653 906 tamen
676 874 844 915 eventu,
867 880 945 906 nec
974 866 1062 906 sine
1092 866 1275 907 militum
1304 866 1475 917 iactura,
1506 877 1604 909 sunt

202 922 321 963 facta.
386 922 572 964 BIaiores
592 938 657 964 res
677 932 819 979 gestae
842 938 866 964 a
892 922 954 964 M.
974 923 1133 965 Fulvio.
1197 923 1239 965 Is
1267 924 1380 980 apud
1402 925 1603 967 Toletum

203 981 407 1036 oppidum
430 996 527 1021 cum
550 980 751 1022 Vaccaeis
773 980 1119 1037 Vectonibusque
1149 990 1192 1023 et
1222 982 1445 1024 Celtiberis
1474 983 1604 1039 signis

203 1038 362 1079 collatis
395 1038 634 1080 dimicavit:
681 1039 914 1080 exercitum
948 1054 1091 1080 earum
1125 1040 1317 1095 gentium
1345 1040 1455 1082 fudit
1484 1041 1602 1098 fuga-

203 1096 346 1151 vitque
365 1112 374 1145 3
408 1112 550 1152 regem
574 1096 814 1137 Hilermum
836 1097 977 1137 vivum
1000 1097 1124 1152 cepit.

175 1165 186 1185 1
265 1154 410 1202 Quum
433 1154 536 1195 haec
558 1154 601 1195 111
625 1154 833 1210 Hispania
852 1155 1118 1210 gerebantur,
1137 1155 1403 1197 comitiorum
1426 1157 1508 1197 iam
1530 1173 1603 1214 ap·-

203 1213 372 1268 petebat
394 1212 495 1253 dies.

203 1269 332 1310 citum
375 1269 437 1310 M.
466 1268 648 1310 Claudio
690 1269 841 1325 legato,
881 1269 1062 1310 Romam
1099 1271 1225 1312 venit.

1696 1161 1734 1199 8.

559 1211 709 1268 Itaque
733 1211 781 1252 L.
804 1212 1029 1253 Cornelius
1055 1212 1214 1263 consul,
1238 1213 1383 1255 relicto
1405 1214 1459 1255 ad
1481 1230 1601 1256 exer-
1617 1222 1653 1252 L.
1668 1222 1789 1254 Corne-

1290 1270 1331 1312 Is
1368 1272 1412 1312 in
1453 1265 1679 1314 senatulius
1696 1266 1770 1297 Cos.

1617 1309 1760 1347 postulat

172 1342 336 1383 2quum
370 1327 422 1368 de
456 1328 580 1368 rebus
613 1327 664 1368 ab
697 1343 740 1368 se
774 1327 900 1383 gestis
934 1328 1207 1378 disseruisset,
1235 1344 1405 1385 quoque
1428 1330 1472 1370 in
1493 1339 1603 1372 statu
1616 1351 1817 1390 triumphum

202 1385 417 1441 provincia
457 1394 592 1434 esset3
646 1394 819 1441 questus
865 1394 927 1426 est
968 1401 1065 1426 cum
1106 1386 1302 1428 Patribus
1343 1389 1601 1445 conscriptis,
1617 1393 1676 1442 sibi
1693 1394 1801 1425 decer-

203 1443 331 1498 quod,
365 1452 481 1484 tanto
518 1443 629 1484 bello
663 1458 747 1484 una
777 1443 963 1484 secunda
997 1459 1141 1500 pugna
1174 1454 1258 1485 tam
1299 1445 1478 1487 feliciter
1509 1462 1604 1503 per·
1617 1447 1660 1467 ¹¹¹·

201 1501 324 1550 fecto,
347 1516 433 1541 non
464 1510 571 1542 esset
601 1501 768 1542 habitus
799 1501 878 1542 diis
909 1501 1212 1543 immortalibus
1244 1503 1388 1544 honos.
1453 1504 1604 1546 Postu-

202 1557 303 1599 lavit
333 1558 502 1608 deinde,
529 1567 576 1599 ut
609 1559 958 1615 supplicationem
992 1560 1117 1600 simul
1150 1561 1497 1617 triumphumque
1529 1563 1604 1604 (16-

204 1625 435 1657 cernerent.
499 1616 621 1657 Prius
650 1627 804 1666 tamen,
827 1632 954 1672 quam
983 1617 1130 1658 relatio
1152 1619 1284 1667 fieret,
1311 1619 1364 1667 Q.
1386 1619 1601 1671 Metellus,

204 1674 277 1729 qui
310 1674 455 1715 consul
488 1674 752 1731 dictatorque
785 1675 932 1724 fuerat,
979 1675 1170 1716 ‘Literas
1204 1677 1353 1717 eodem
1386 1680 1603 1734 tempore‚'

203 1731 324 1782 dixit,
360 1738 371 1755 ‘
386 1741 429 1773 et
450 1732 631 1773 consulis
661 1732 709 1773 L.
732 1733 919 1774 Cornelii
942 1733 996 1774 ad
1024 1734 1228 1783 senatum,
1260 1743 1302 1776 et
1325 1735 1386 1776 M.
1409 1735 1601 1778 Marcelli

205 1789 285 1830 ‘ad
314 1805 510 1846 magnam.
538 1799 700 1846 partem
729 1800 982 1843 senatorum,
1006 1791 1150 1833 allatas
1184 1808 1285 1842 esse,
1316 1793 1426 1835 inter
1452 1809 1495 1835 se
1524 1810 1603 1850 pu-

205 1852 430 1903 ‘gnantesz
470 1863 605 1904 eoque
638 1848 809 1889 dilatam
838 1864 926 1890 esse
950 1849 1314 1900 consultationem,
1338 1860 1385 1892 ut
1405 1867 1603 1908 praesen-

205 1905 344 1946 ‘tibus
377 1906 614 1947 auctoribus
647 1921 790 1947 earum
823 1906 1036 1948 literarum
1072 1907 1387 1964 disceptaretur.
1451 1909 1601 1966 Itaque

204 1968 494 2019 ‘exspectasse
528 1979 630 2013 sese,
653 1973 701 2005 ut
729 1964 886 2013 consul,
911 1965 985 2020 qui
1015 1965 1139 2006 sciret
1169 1967 1220 2007 ab
1252 1966 1389 2022 legato
1423 1983 1498 2009 suo
1530 1969 1604 2009 ad-

205 2026 374 2062 ‘versus
407 2036 449 2062 sc
483 2022 685 2077 scriptum
719 2022 893 2077 aliquid,
917 2038 1048 2078 quum
1083 2023 1161 2079 ipsi
1190 2025 1446 2065 veniendum
1479 2036 1602 2076 esset,

205 2083 217 2101 ‘
233 2078 464 2120 deduceret
485 2094 582 2120 eum
604 2094 745 2120 secum
770 2079 950 2120 Romam
969 2096 978 2120 ε
1013 2096 1144 2136 quum
1171 2082 1297 2122 ctiam
1319 2083 1458 2123 verius
1479 2093 1600 2134 esset,

173 2135 299 2177 3‘Ti.
327 2135 574 2192 Sempronio
606 2137 830 2193 imperium
862 2137 1034 2178 habenti
1065 2138 1172 2179 tradi
1203 2140 1450 2190 exercitum,
1474 2157 1601 2197 quam

205 2192 381 2249 ‘legata
446 2194 575 2235 Nunc
607 2195 740 2235 videri
772 2210 860 2236 esse
892 2205 1079 2236 amotum
1107 2196 1161 2237 de
1193 2197 1410 2247 industria,
1435 2199 1508 2255 qui
1538 2215 1600 2250 ea,

205 2256 216 2274 ‘
233 2266 340 2307 quae
363 2252 605 2308 scripsisset,
628 2268 824 2309 praesens
846 2253 1017 2303 (liceret,
1041 2263 1112 2295 aut
1133 2264 1327 2310 argueret
1348 2271 1513 2298 coram:
1545 2267 1600 2308 et,

205 2314 216 2332 ‘
233 2309 265 2349 si
287 2309 390 2365 quid
411 2311 506 2351 vani
529 2311 708 2360 afferret,
731 2311 847 2363 argui
874 2320 1025 2367 posset,
1049 2311 1184 2353 donec
1217 2313 1269 2353 ad
1302 2312 1509 2369 liquidum
1531 2330 1603 2356 ve-

205 2371 217 2390 ‘
231 2367 331 2410 ritas
349 2368 565 2424 explorata
580 2377 699 2410 essct.
764 2365 913 2425 Itaque
936 2369 1043 2410 nihil
1065 2385 1223 2420 eorum,
1242 2386 1350 2427 quac
1372 2372 1602 2427 postularet

247 2523 265 2553 8
290 2525 370 2555 Cum
392 2527 500 2563 sociis]
542 2525 610 2561 Qui
635 2525 787 2565 pecunias
810 2536 878 2556 1110-

926 2526 1000 2565 pitis
1027 2526 1058 2557 in
1087 2527 1229 2566 singulos
1255 2539 1382 2560 menses
1407 2540 1427 2560 a
1454 2531 1603 2560 debitori-

205 2569 276 2596 tuas
292 2567 413 2598 civibus
429 2568 586 2598 Romanis
605 2569 778 2600 dedissent.
825 2570 879 2599 so-

925 2570 984 2599 11115
996 2571 1181 2602 solveretur.
1199 2571 1237 2602 cf.
1246 2582 1330 2612 supr.
1340 2572 1390 2603 vii.
1405 2572 1451 2603 16.
1466 2573 1602 2605 Niebhr.

206 2608 246 2639 cii
271 2608 354 2639 inter
379 2620 411 2640 se
442 2610 506 2640 suis
536 2611 658 2650 legibus
688 2611 734 2641 uti
767 2613 879 2651 procul

205 2651 303 2681 dubio
319 2651 474 2683 sinuntur.
503 2654 608 2684 Cum.

248 2703 267 2735 9
290 2695 349 2724 Ius
371 2696 468 2733 idem]
507 2695 692 2727 Verisimile
707 2700 766 2733 est,
777 2699 881 2736 fenus

205 2735 288 2767 illud
318 2739 503 2768 unciarinm
530 2749 631 2778 usque
661 2741 703 2769 ad
734 2744 882 2780 tempora

205 2779 340 2819 Syllana
372 2780 497 2811 Romae
526 2782 620 2821 vulgo
653 2783 809 2814 valuisse:
850 2786 881 2813 et

205 2826 276 2861 post
294 2822 417 2861 Syllam
436 2823 591 2854 rationem
611 2835 727 2855 novam
744 2836 763 2855 a
780 2826 878 2856 Grae-

206 2865 250 2895 cis
280 2865 459 2895 adhibitam
491 2876 570 2903 esse,
599 2877 682 2906 quae
710 2871 880 2899 centesima

205 2908 444 2948 appellabatur,
460 2919 523 2949 qna
547 2910 720 2941 centesima
743 2921 814 2950 pars
830 2922 879 2942 ca-

925 2622 969 2642 111.
987 2623 1017 2644 n.
1040 2623 1106 2643 102.

973 2665 983 2685 1
1012 2657 1117 2692 Quum
1133 2657 1212 2687 lmen
1228 2681 1235 2687 .
1254 2681 1260 2688 .
1279 2681 1285 2687 .
1301 2658 1515 2698 fferebantur]
1543 2661 1602 2690 Ge-

924 2703 1077 2729 reremnr
1092 2699 1233 2738 reposuit
1252 2700 1392 2731 Bckltcr.

969 2751 985 2771 ε
1004 2743 1136 2782 Quoque
1149 2743 1181 2772 in
1198 2745 1302 2781 statu]
1327 2743 1600 2783 l’raepositionem

926 2785 961 2814 in
978 2784 1065 2814 delet
1083 2785 1223 2815 Bekker.

969 2836 986 2865 3
1007 2828 1051 2857 Ti.
1064 2829 1268 2867 Sempronio]
1293 2829 1355 2859 Cui
1373 2828 1542 2868 imperium
1561 2840 1598 2860 ex

925 2870 1095 2900 consulatu
1124 2876 1327 2909 prorogatum
1356 2876 1435 2909 erat,
1459 2876 1493 2902 ut
1517 2882 1600 2913 supr.

926 2912 1035 2943 xxxiv.
1053 2912 1101 2950 56.
1120 2913 1290 2953 colligitur.
