1960 3218
541 150 669 192 LIB.
704 147 970 191 XXXVIII.
1016 148 1162 190 CAP.
1197 152 1264 190 29.
1521 148 1603 191 347

204 243 386 285 fuerunt.
449 242 616 283 Tiberis
647 239 876 281 duodecies
913 254 1108 296 campum
1147 238 1352 280 Martium
1392 238 1602 295 planaque
1622 250 1663 282 U.
1681 250 1720 282 C.
1743 250 1819 291 563·

204 301 319 342 urbis
339 299 572 341 inundavit.
1616 295 1656 325 A.
1681 294 1720 325 C.
1747 295 1816 334 189·

265 359 335 399 Ab
365 357 446 399 Cn.
463 356 629 398 BIanlio
661 354 831 396 consule
862 354 974 396 bello
1005 354 1050 394 in
1078 353 1183 396 Asia
1213 369 1310 394 cum
1343 353 1477 395 Gallis
1507 369 1602 410 per·
1615 362 1818 393 FulviusCe-

206 416 330 465 fecto,
362 415 465 456 alter
495 413 640 455 consul
672 413 734 454 M.
760 412 944 462 Fulvius,
976 411 1225 468 perdomitis
1258 411 1435 461 Aetolis,
1469 427 1600 467 quum
1616 405 1816 453 phalleniam

208 474 436 515 traiecisset
470 472 514 512 in
551 470 884 528 Cephalleniam,
923 470 1032 511 circa
1072 469 1259 510 civitates
1294 468 1453 510 insulae
1491 452 1738 510 misitrecipit.

207 539 540 588 percunctatum,
558 538 699 570 utrum
721 543 764 570 se
786 528 940 569 dedere
964 527 1182 576 Romanis,
1198 542 1250 568 an
1271 526 1371 568 belli
1392 526 1604 567 fortunam

208 588 402 645 experiri,
431 587 634 629 mallent?
695 586 841 627 Metus
862 586 915 627 ad
936 600 1081 627 omnes
1102 585 1245 634 valuit,
1267 600 1321 625 ne
1343 583 1604 625 deditionem

207 654 460 687 recusarent.
526 644 706 686 Obsides
728 644 827 685 inde
849 644 1075 700 imperatos
1095 658 1172 699 pro
1193 642 1349 684 viribus
1370 641 1507 698 inopis
1532 657 1608 698 po-

178 704 309 761 7puli,
339 704 508 744 vicenos
540 702 753 751 Nesiotae,
787 701 945 749 Cranii,
978 700 1177 742 Palenses
1208 709 1251 742 et
1282 699 1446 742 Samaei
1478 699 1608 740 dede-

208 770 318 803 runt.
384 761 601 817 Insperata
635 775 717 816 pax
755 758 1057 816 Cephalleniae
1094 758 1331 807 affulserat3
1375 772 1507 813 quum
1543 763 1819 812 re-Saynaeide-

207 828 335 876 pente
367 834 453 860 una
483 819 639 868 civitas,
666 818 875 859 incertum
897 832 1023 873 quam
1055 817 1108 858 ob
1134 831 1314 865 causam,
1345 815 1509 857 Samaei
1534 815 1608 856 de·
1619 811 1770 845 smscunt.

209 877 430 919 sciverunt.
498 876 611 925 Quia
632 885 871 932 opportuno
892 875 984 916 loco
1006 875 1104 915 urbs
1125 874 1260 930 posita
1281 882 1400 923 esset,
1420 873 1606 914 timuisse

209 951 252 976 se
275 935 455 983 aiebant,
473 949 526 975 ne
549 934 782 989 demigrare
800 941 1050 989 cogerentur
1066 932 1117 973 ab
1137 931 1351 973 Romanis.
1404 930 1608 972 Ceterum

211 993 346 1049 ipsine
378 992 455 1033 sibi
487 1007 584 1033 eum
615 992 817 1032 finxerint
847 999 1022 1040 metum,
1051 998 1093 1031 et
1119 990 1267 1031 timore
1290 1004 1398 1030 vano
1419 989 1608 1045 quietem

212 1051 420 1099 exuerint,
443 1065 496 1090 an
518 1050 668 1091 iactata
689 1048 950 1090 sermonibus
982 1063 1046 1089 res
1078 1047 1190 1104 apud
1213 1047 1429 1089 Romanos
1449 1046 1610 1103 perlata

212 1109 265 1149 ad
288 1124 359 1149 eos
380 1108 444 1157 sit,
468 1107 574 1148 nihil
596 1107 798 1162 comperti
827 1115 910 1147 est:
946 1106 1026 1146 nisi
1048 1105 1175 1162 quod,
1202 1105 1311 1146 datis
1342 1105 1424 1146 iam
1454 1103 1610 1145 obsidi-

212 1167 302 1215 bus,
326 1174 498 1222 repente
527 1174 667 1221 portas
689 1164 954 1213 clauserunt3
989 1172 1031 1204 et
1052 1179 1105 1204 ne
1127 1178 1298 1204 suorum
1321 1162 1494 1219 quidem
1515 1177 1611 1218 pre-

212 1225 329 1266 cibus
351 1224 539 1276 (miserat
559 1223 673 1264 enim
694 1222 771 1262 sub
793 1236 933 1262 muros
955 1221 1100 1262 consul
1129 1221 1182 1261 ad
1212 1220 1457 1262 tentandam
1489 1220 1611 1260 mise-

212 1282 434 1323 ricordiam
470 1289 693 1337 parentum
729 1279 1102 1336 populariumque)
1130 1278 1329 1319 desistere
1359 1278 1410 1319 ab
1441 1278 1610 1334 incepto

212 1340 447 1381 voluerunt.
513 1337 763 1394 Oppugnari
794 1337 962 1386 deinde,
985 1345 1208 1392 postquam
1240 1335 1347 1376 nihil
1377 1336 1515 1392 pacati
1546 1350 1611 1376 re-
1625 1346 1825 1385 oppugnan-

212 1397 509 1454 spondebatur,
529 1406 679 1452 coepta
695 1395 792 1436 urbs
812 1404 884 1436 est.
949 1396 1211 1450 Apparatum
1234 1409 1403 1435 omnem
1427 1402 1612 1435 tormen·
1624 1392 1685 1420 tur.

214 1465 350 1497 torum
386 1454 759 1509 machinarumque
795 1461 1074 1494 transvectum
1109 1453 1160 1494 ab
1193 1451 1444 1492 Ambraciae
1479 1466 1614 1507 oppu-

214 1513 412 1569 gnatione
443 1512 645 1553 habebat:
680 1520 723 1552 et
751 1526 889 1566 opera,
913 1526 1020 1566 quae
1049 1510 1243 1551 facienda
1274 1518 1404 1559 erant,
1435 1509 1612 1565 impigre

216 1571 368 1611 milites
404 1570 681 1626 perfecerunt.
749 1569 929 1609 Duobus
966 1568 1093 1624 igitur
1132 1567 1234 1608 locis
1270 1567 1428 1608 admoti
1464 1567 1622 1608 arietes

217 1628 462 1685 quatiebant
498 1642 648 1667 muros.
713 1626 806 1667 Nec
843 1627 894 1666 ab
932 1625 1116 1666 Samaeis
1148 1625 1390 1680 quicquam,
1425 1640 1509 1680 quo
1542 1633 1615 1665 aut
1691 1628 1758 1667 29.

217 1701 355 1743 opera,
374 1695 443 1726 aut
467 1685 595 1726 hostis
617 1684 745 1725 arceri
769 1692 919 1740 posset,
938 1683 1275 1739 praetermissum
1298 1692 1371 1723 est.
1436 1682 1614 1723 Duabus

218 1754 359 1785 tamen
388 1743 569 1784 maxime
595 1743 843 1783 resistebant
874 1742 1019 1782 rebus:
1057 1757 1153 1790 una,
1177 1741 1421 1782 interiorem
1450 1755 1616 1796 semper

217 1802 336 1843 iuxta
356 1801 540 1842 validum
572 1816 648 1856 pro
680 1800 819 1840 diruto
849 1814 1004 1840 novum
1033 1799 1299 1840 obstruentes
1330 1813 1521 1847 murum,
1557 1798 1616 1838 al-

219 1869 318 1908 tera,
342 1858 631 1915 eruptionibus
663 1857 821 1907 subitis,
846 1873 959 1898 nunc
985 1857 1029 1896 in
1056 1872 1183 1913 opera
1204 1856 1401 1905 hostium,
1426 1871 1539 1897 nunc
1571 1856 1613 1896 in

218 1917 416 1958 stationes
434 1933 442 1957 ε
477 1926 518 1957 et
540 1916 788 1972 plerumque
811 1915 860 1955 iis
881 1914 1049 1971 proeliis
1070 1914 1303 1970 superiores
1324 1922 1455 1960 erant.
1517 1913 1617 1954 Una

219 1975 271 2016 ad
289 1974 542 2016 coercendos
559 1974 730 2015 inventa
752 1973 865 2013 haud
882 1988 1034 2024 magna
1051 1981 1283 2013 memoratu
1301 1987 1365 2012 res
1382 1981 1455 2012 est.
1502 1971 1617 2018 Cen-

220 2042 309 2073 tum
345 2032 579 2073 funditores
612 2032 662 2072 ab
698 2031 836 2086 Aegio
870 2040 912 2071 et
945 2030 1081 2070 Patris
1115 2038 1157 2070 et
1191 2029 1343 2086 Dymis
1376 2029 1508 2070 acciti.
1574 2029 1617 2069 A

220 2090 360 2146 pueris
383 2091 424 2139 ii,
447 2105 561 2130 more
584 2088 767 2145 quodam
793 2088 942 2144 gentis,
965 2087 1073 2128 saxis
1094 2087 1287 2143 globosis,
1311 2087 1463 2142 quibus
1486 2086 1615 2127 ferme

220 2163 369 2189 arenae
392 2147 594 2187 immixtis
616 2155 743 2187 strata
774 2146 895 2186 litora
920 2154 1030 2193 sunt,
1053 2145 1184 2185 funda
1205 2160 1316 2185 mare
1339 2152 1530 2200 apertum
1552 2144 1617 2184 in-

220 2215 440 2254 cessentes,
464 2205 779 2245 exercebantur.
834 2203 982 2258 Itaque
1006 2202 1170 2258 longius
1191 2203 1429 2258 certiusque
1452 2211 1495 2243 et
1517 2201 1616 2242 vali·
1630 2211 1823 2242 Funditores

220 2264 336 2304 diore
359 2263 457 2311 ictu,
482 2277 606 2318 quam
632 2261 804 2301 Baliaris
825 2261 1026 2309 funditor,
1049 2276 1098 2301 eo
1121 2260 1204 2301 telo
1228 2260 1289 2300 usi
1310 2269 1418 2300 sunt.
1478 2259 1533 2300 Et
1554 2269 1617 2302 est
1630 2254 1762 2286 Achaei.

221 2337 306 2363 non
340 2320 538 2377 simplicis
574 2320 776 2368 habenae,
812 2327 858 2359 ut
894 2318 1099 2359 Baliarica
1131 2317 1391 2373 aliarumque
1424 2317 1616 2373 gentium

189 2390 208 2420 8
221 2379 374 2421 funda:
409 2378 482 2419 sed
501 2377 652 2434 triplex
674 2376 844 2426 scutale,
864 2376 1018 2417 crebris
1034 2376 1187 2416 suturis
1203 2376 1413 2425 duratum,
1433 2390 1485 2416 ne
1503 2375 1618 2416 fluxa

268 2503 283 2534 7
317 2493 773 2533 lsfficenomvesiotaffiCranii]
808 2493 896 2523 Olim
986 2494 1004 2523 8
1032 2494 1163 2533 Triplex·
1195 2495 1333 2532 scutale]
1375 2494 1428 2524 De
1461 2493 1617 2533 significa-

224 2540 490 2577 legelmtur,testc
501 2539 778 2576 Sigoniomieenos
790 2542 895 2567 aulem
942 2536 1030 2566 tione
1063 2536 1148 2566 vocis
1177 2538 1298 2567 scutale
1329 2536 1408 2567 mire
1436 2537 1617 2575 discrepant

224 2583 389 2611 Cratmnii.
422 2582 521 2616 Quod
534 2581 741 2610 substitutum
757 2584 803 2609 est
819 2581 896 2609 ('›·tt-
943 2579 1053 2609 critici.
1102 2579 1241 2618 Lipsius,
1258 2590 1352 2618 quem
1376 2579 1530 2610 Dukerus
1546 2590 1616 2618 pro-

223 2625 283 2660 ηἰὶ,
311 2624 423 2653 merito
454 2625 575 2653 fuctum
603 2628 659 2653 cst.
709 2623 782 2652 Hoc
810 2622 896 2652 enim
943 2623 1010 2658 bat,
1027 2623 1110 2652 idem
1129 2623 1298 2660 essequod
1317 2622 1475 2652 habenam
1498 2623 1617 2652 fundae

224 2677 340 2696 nomen
368 2666 524 2704 reperitur
547 2666 634 2704 apud
658 2665 898 2704 '1‘h1tcy1li11i-1n,
943 2669 1062 2703 censet,
1079 2666 1119 2694 ob
1141 2665 1225 2694 hanc
1247 2675 1375 2694 causam
1394 2666 1479 2703 quod
1496 2664 1617 2703 alioqui

225 2709 442 2747 Stephanum,
457 2712 516 2738 etc.
564 2709 607 2738 At
633 2707 780 2738 Nes-inme
801 2719 820 2737 a
845 2719 897 2737 ue-
945 2709 1039 2738 verba
1072 2707 1154 2747 Livii
1190 2719 1253 2737 non
1286 2709 1440 2746 simplicis
1474 2708 1618 2738 habenae

225 2752 289 2781 scio
303 2762 365 2790 quo
382 2751 546 2780 inductum
565 2755 685 2780 temere
698 2755 753 2780 est.
788 2750 898 2780 Huius
942 2751 1093 2780 idoneum
1111 2760 1238 2780 sensum
1256 2760 1319 2779 non
1338 2750 1502 2780 haherent.
1549 2749 1617 2779 Sal-

225 2795 307 2824 enim
343 2793 428 2822 urhis
458 2793 578 2822 incolas
608 2791 773 2831 Πρυναίυυς
805 2797 896 2823 vocat
942 2794 1061 2823 masius
1081 2794 1202 2823 scutale
1222 2793 1325 2822 sinum
1349 2793 1479 2827 fundae,
1500 2792 1531 2821 in
1554 2801 1618 2830 quo

226 2836 436 2876 Thucydides
452 2835 482 2865 ii.
503 2845 565 2873 30;
590 2836 698 2865 urbem
717 2835 817 2874 ipsam
839 2836 898 2865 l'o-
944 2836 1068 2874 lapides
1100 2836 1354 2871 collocabantur,
1386 2835 1482 2864 fuisse
1514 2837 1618 2873 putat.

226 2880 331 2919 lybius
349 2889 374 2909 v.
393 2888 421 2916 3.
446 2877 592 2917 Πρόνους,
605 2878 719 2909 Strabo
736 2888 766 2908 x.
783 2888 812 2917 p.
827 2886 899 2918 455.
951 2879 1126 2916 Utcunque
1150 2878 1201 2911 sit,
1225 2878 1383 2907 Graecam
1409 2887 1518 2906 vocem
1546 2887 1617 2907 scu-

226 2921 396 2962 Πρόνησον.
422 2922 527 2952 Cum.
945 2922 1009 2951 tale
1046 2931 1113 2950 csse
1152 2924 1251 2960 patet,
1290 2923 1321 2950 et
1355 2920 1441 2950 haud
1473 2918 1538 2950 scio
1575 2929 1616 2949 an
