1960 3218
538 151 666 193 LIB.
699 150 942 193 XXXVII.
979 150 1126 192 CAP.
1161 154 1228 193 54.
1501 154 1585 192 313

188 241 308 279 ‘rum
329 253 415 281 una
441 240 655 296 quaelibet
681 241 768 298 regi
802 241 964 282 adiecta
994 239 1274 296 multiplicare
1296 254 1474 296 regnum
1498 239 1586 281 Eu·
1601 247 1645 278 U.
1663 246 1701 277 C.
1724 244 1796 286 563·

189 296 350 338 ‘menis
385 307 545 354 potest:
581 314 728 341 omnes
759 315 859 340 vero
895 299 1015 340 datae
1052 297 1246 339 maximis
1282 313 1380 339 eum
1416 298 1586 354 regibus
1599 291 1639 322 A·
1664 291 1702 322 C.
1728 291 1797 331 ¹89·

189 358 201 376 ‘
217 369 407 411 aequare.
471 356 594 398 Licet
615 373 713 414 ergo
734 358 864 407 vobis,
883 366 925 398 et
945 356 1141 413 praemiis
1162 355 1263 397 belli
1284 356 1416 397 ditare
1439 357 1584 406 socios,

189 416 201 434 ‘
218 421 259 453 et
280 428 364 454 non
386 413 591 456 decedere
612 416 806 456 instituto
827 425 976 464 vestro,
1000 424 1042 455 et
1065 414 1317 463 meminisse,
1336 429 1461 469 quem
1486 414 1587 455 titu-

191 469 305 511 ‘lum
339 472 660 527 praetenderitis
691 473 806 530 prius
839 473 1036 514 adversus
1072 472 1333 527 Philippum,
1366 487 1480 513 nunc
1513 472 1587 512 ad-

191 531 359 569 ‘versus
389 530 665 581 Antiochum,
697 531 821 572 belli:
857 531 960 587 quid
991 530 1184 579 feceritis,
1218 529 1418 585 Philippo
1449 530 1584 577 vict03

192 589 204 607 ‘
219 585 323 641 quid
351 602 465 628 nunc
497 604 520 628 a
540 589 670 639 vobis,
694 605 778 630 non
808 589 940 644 magis
963 588 1063 644 quia
1082 588 1249 637 fecistis,
1274 602 1401 643 quam
1423 587 1523 643 quia
1543 587 1587 627 id

192 647 290 684 ‘vos
325 643 460 686 facere
495 646 630 696 decet,
666 647 928 688 desideretur
968 655 1094 701 atque
1131 654 1411 701 exspectetur.
1489 644 1589 685 Alia

192 701 333 742 ‘enirn
367 703 457 744 aliis
490 713 533 745 et
564 704 742 746 honesta
774 713 836 745 est
871 713 913 745 et
946 703 1172 760 probabilis
1207 718 1331 745 causa
1363 718 1585 744 armorum.

192 757 289 800 ‘Illi
320 775 479 817 agrum,
508 762 553 803 hi
580 763 706 813 vicos,
737 762 783 803 hi
814 762 980 818 oppida,
1014 762 1058 802 hi
1088 770 1246 818 portus,
1280 776 1480 817 oramque
1514 760 1589 801 311-

192 820 204 838 ‘
221 832 347 872 quam
380 819 504 860 maris
534 829 582 861 ut
608 820 863 877 possideant.
926 819 1015 861 Vos
1036 835 1114 860 nec
1136 819 1309 876 cupistis
1331 819 1447 868 haec,
1471 828 1589 860 ante-

192 878 205 896 ‘
220 890 347 930 quam
364 876 594 919 haberetis:
629 893 709 919 nec
726 894 852 927 nunc,
868 893 999 934 quum
1018 877 1128 918 orbis
1145 886 1348 918 terrarum
1366 877 1410 917 in
1428 877 1588 917 ditione

193 935 356 974 ‘vestra
380 934 445 984 sit,
468 950 621 992 cupere
652 936 838 992 potestis.
901 936 984 977 Pro
1006 935 1211 990 dignitate
1243 944 1285 976 et
1314 934 1447 990 gloria
1476 934 1591 990 apud

193 993 346 1032 ‘omne
377 1007 511 1048 genus
544 994 790 1043 humanum,
814 993 928 1049 quod
949 1002 1134 1034 vestrum
1162 1008 1317 1033 nomen
1344 992 1591 1048 imperium-

162 1063 175 1084 1
194 1051 205 1069 ‘
222 1064 304 1104 que
326 1049 443 1091 iuxta
460 1065 506 1092 ac
524 1051 624 1092 deos
646 1051 900 1092 immortales
921 1051 1003 1091 13111
1025 1050 1188 1106 pridem
1210 1051 1410 1100 intuetur,
1428 1065 1591 1106 pugna-

194 1106 305 1148 ς3113.
372 1107 494 1155 Quae
530 1124 675 1164 parare
712 1118 755 1150 et
789 1124 989 1165 quaerere
1026 1108 1203 1149 arduum
1239 1108 1331 1157 fuit,
1360 1108 1503 1149 nescio
1536 1123 1590 1148 an

194 1165 330 1205 ‘tueri
351 1164 560 1207 difficilius
582 1168 646 1208 sit.
708 1166 860 1208 Gentis
880 1166 1184 1207 vetustissimae
1207 1166 1589 1221 nobilissimaeque,

194 1221 288 1263 ‘vel
318 1222 428 1264 fama
458 1239 597 1265 rerum
629 1233 852 1280 gestarum,
875 1224 940 1265 vel
967 1224 1082 1264 0111111
1113 1224 1480 1264 commendatione
1513 1224 1591 1264 hu-

194 1282 206 1300 (
223 1280 433 1322 manitatis
451 1281 835 1337 doctrinarumque,
852 1281 1054 1323 tuendam
1072 1281 1122 1322 ab
1140 1282 1307 1322 servitio
1329 1282 1444 1337 regio
1467 1281 1592 1322 liber-

163 1348 179 1370 2
195 1340 206 1358 ‘
225 1346 350 1378 tatem
383 1339 633 1396 suscepistis.
698 1339 794 1380 Hoc
816 1339 1096 1396 patrocinium
1118 1348 1310 1395 receptae
1333 1339 1378 1379 in
1399 1339 1527 1380 fidem
1549 1347 1592 1380 et

195 1395 267 1435 ‘in
308 1395 547 1437 clientelam
583 1406 761 1439 vestram
799 1397 1016 1438 universae
1056 1398 1194 1453 gentis
1234 1406 1487 1453 perpetuum
1520 1411 1592 1438 vos

196 1455 430 1509 ‘praestare
452 1454 586 1496 decet.
651 1455 765 1506 Non,
789 1471 897 1512 quae
925 1455 970 1496 in
998 1454 1084 1496 solo
1116 1455 1243 1496 modo
1274 1455 1449 1511 antiquo
1480 1463 1591 1504 sunt,

196 1513 208 1532 ⁶
227 1510 414 1553 Graecae
446 1512 577 1569 magis
610 1513 733 1554 urbes
766 1522 877 1562 sunt,
907 1528 1034 1569 quam
1066 1513 1254 1554 coloniae
1287 1528 1443 1563 earum,
1477 1512 1593 1553 1111116

197 1572 208 1590 ‘
225 1569 440 1624 quondam
462 1570 673 1627 profectae
696 1571 739 1611 in
763 1571 920 1612 Asiam.
985 1570 1028 1611 N
1032 1586 1080 1612 66
1102 1581 1212 1612 terra
1232 1580 1394 1612 mutata
1415 1570 1594 1611 mutavit

197 1629 208 1647 ‘
223 1641 356 1682 genus
378 1637 449 1668 aut
471 1643 618 1669 moreS.
674 1628 848 1669 Certare
871 1629 941 1685 pio
963 1629 1191 1670 certamine
1213 1628 1435 1670 cuiuslibet
1457 1629 1592 1669 bonae

197 1687 208 1705 ‘
225 1684 322 1725 artis
344 1700 391 1726 ac
412 1685 576 1727 virtutis
607 1686 696 1727 ausi
721 1702 864 1727 sumus
885 1701 981 1727 611111
1012 1687 1255 1742 parentibus
1277 1701 1471 1742 quaeque
1494 1686 1595 1727 civi-

197 1745 209 1763 (
226 1751 287 1783 tas
315 1752 358 1784 et
390 1743 677 1785 conditoribus
710 1745 806 1786 suis.
870 1744 1032 1785 Adistis
1057 1744 1274 1794 Graeciae,
1302 1744 1445 1785 adistis
1467 1743 1594 1784 Asiae

197 1803 210 1821 ‘
226 1800 350 1841 urbes
381 1800 594 1856 plerique:
629 1802 708 1842 nisi
731 1802 846 1857 quod
877 1802 1042 1858 longius
1064 1818 1088 1843 a
1108 1802 1225 1843 vobis
1247 1802 1456 1851 absumus,
1480 1801 1596 1842 nulla

198 1857 434 1899 ‘vincimur
473 1859 554 1900 alia
592 1875 649 1900 re.
719 1859 1018 1909 BIassilienses,
1053 1875 1170 1915 quos,
1208 1860 1242 1901 si
1282 1870 1432 1901 natura
1472 1859 1596 1900 insita

166 1918 211 1955 3‘
226 1914 342 1957 velut
370 1916 541 1972 ingenio
567 1926 699 1958 terrae
725 1917 837 1958 111161
865 1926 1018 1973 posset,
1051 1918 1133 1958 iam
1162 1917 1326 1973 pridem
1354 1918 1596 1959 efferassent

199 1976 210 1994 ‘
228 1981 289 2014 tot
310 1973 539 2015 indomitae
561 1975 836 2016 circumfusae
857 1984 1016 2031 gentes,
1036 1975 1079 2015 in
1101 1991 1151 2016 eo
1174 1975 1347 2024 honore,
1372 1976 1416 2016 in
1438 1991 1487 2016 ea
1507 1990 1596 2016 me-

167 2030 308 2071 4‘rito
334 2031 540 2087 dignitate
569 2032 762 2073 audimus
791 2033 905 2088 apud
930 2048 1002 2074 vos
1024 2048 1124 2082 esse,
1149 2048 1195 2074 36
1224 2033 1257 2073 si
1285 2033 1474 2073 medium
1504 2048 1597 2072 um·-

201 2087 399 2129 ‘bilicum
436 2089 639 2131 Graeciae
676 2090 922 2131 incolerent.
995 2090 1097 2130 Non
1133 2091 1247 2131 enim
1283 2106 1433 2131 sonum
1470 2090 1596 2131 modo

201 2149 213 2167 ‘
229 2144 398 2201 linguae
422 2147 703 2203 vestitumque
727 2157 769 2188 et
790 2148 993 2197 habitum,
1012 2148 1086 2189 sed
1107 2157 1203 2189 ante
1226 2148 1367 2189 omnia
1388 2163 1536 2197 mores,
1555 2157 1598 2189 et

202 2202 354 2258 ‘leges,
385 2213 427 2245 et
457 2204 675 2260 ingenium
710 2205 918 2246 sincerum
955 2206 1253 2261 integrumque
1291 2221 1315 2247 a
1347 2206 1596 2261 contagione

202 2261 476 2311 ‘accolarum,
500 2271 728 2303 servarunt.
793 2263 1020 2304 Terminus
1051 2272 1114 2304 est
1144 2279 1258 2304 nunc
1287 2263 1453 2319 imperii
1474 2263 1598 2304 vestri

201 2322 349 2359 ‘mons
376 2319 552 2360 Taurus.
619 2320 838 2376 Quicquid
869 2321 979 2361 intra
1009 2336 1106 2362 eum
1139 2321 1353 2362 cardinem
1387 2329 1461 2370 est,
1493 2319 1599 2361 nihil

202 2375 510 2433 ‘longinquum
531 2378 648 2419 vobis
670 2377 803 2418 videri
829 2378 968 2420 debet.
1036 2379 1134 2427 Quo
1156 2394 1271 2419 arma
1291 2387 1426 2419 vestra
1452 2393 1598 2434 perve-

203 2437 396 2484 ‘nm-unt,
429 2435 580 2476 eodem
616 2436 680 2476 ius
716 2435 815 2477 hinc
847 2436 1083 2492 profectum
1120 2436 1347 2492 perveniat.
1410 2435 1597 2485 Barbari,

250 2590 259 2610 1
289 2582 387 2611 lumea
407 2583 460 2620 ac]
502 2582 701 2612 particulam
725 2593 762 2613 (ιε
786 2582 877 2612 011111-
924 2586 1061 2613 vestram
1087 2583 1281 2622 receperitis,
1301 2593 1356 2613 vos
1379 2584 1472 2614 decet
1496 2588 1600 2623 patro-

202 2623 333 2653 tendam
359 2629 467 2654 censet
482 2625 623 2656 Crevier.
640 2629 753 2664 utpote
776 2626 817 2654 ab
842 2625 879 2655 iis
923 2636 980 2655 nos
1002 2636 1056 2655 vos
1079 2626 1106 2655 ei
1132 2626 1294 2663 exhibere,
1318 2626 1383 2656 sive
1407 2627 1437 2656 in
1463 2627 1601 2657 Graecia

203 2665 374 2703 adiectam,
391 2667 445 2705 qui
469 2667 650 2706 ignorarent
671 2668 877 2707 praepositio·
922 2668 1003 2707 ipsa,
1019 2669 1084 2698 sive
1100 2668 1132 2698 in
1152 2669 1227 2699 Asia
1241 2669 1357 2699 Graeci
1375 2669 1502 2709 degant.
1527 2670 1588 2700 CR.

204 2707 253 2738 nis
280 2709 372 2738 iumta
399 2710 533 2739 eandem
566 2720 632 2740 esse
660 2710 723 2740 11111
755 2720 793 2740 ac
823 2711 880 2740 τοῦ
967 2720 983 2749 3
1017 2712 1107 2741 Velut
1124 2713 1252 2750 inssenio
1268 2711 1389 2750 terrae]
1430 2712 1529 2741 Velut
1554 2712 1599 2741 in-

203 2752 390 2787 secundum,
420 2762 483 2781 non
513 2753 620 2782 minus·
654 2763 760 2792 quam.
815 2753 877 2783 Sed
923 2754 996 2783 dole
1020 2758 1132 2788 terrac,
1155 2764 1251 2793 qnam
1280 2754 1438 2791 incolunt,
1460 2755 1600 2793 propria.

205 2793 332 2822 codices
355 2803 466 2823 omnes
489 2794 586 2823 nostri
605 2795 768 2834 vulgatum
788 2800 878 2826 tucn·
926 2796 1035 2826 Donn.

205 2839 266 2865 tur.
298 2835 410 2865 Inna.
969 2851 987 2876 4
1012 2840 1160 2869 Aledium
1195 2840 1376 2869 umbilicum
1404 2863 1410 2869 .
1429 2862 1460 2868 ..
1487 2840 1599 2869 incole-

251 2887 266 2907 2
291 2879 361 2908 Hoc
382 2877 616 2917 patrocinium]
644 2879 756 2913 Quum
782 2880 880 2910 Grae—
927 2881 1014 2920 rent]
1037 2887 1246 2921 sc.tanqi1am
1262 2883 1386 2912 Graece
1402 2879 1600 2921 μεσομφάλοι

207 2929 275 2950 63111
304 2925 432 2959 gentem
457 2920 489 2950 in
517 2921 611 2951 fidem
635 2921 882 2962 clientelamque
928 2928 1043 2954 essent.
