1960 3218
544 718 846 773 EPITOM
861 719 910 772 E
971 719 1215 772 LIBRI
1276 717 1586 771 XXXVII.

371 1110 422 1150 L.
446 1109 814 1152 CORNELIUS
827 1111 1038 1153 SCIPIO
1054 1113 1199 1162 consul,
1218 1113 1343 1167 leyato
1363 1113 1412 1153 P.
1433 1112 1614 1166 Scipione
1633 1110 1672 1150 A
1663 1112 1752 1165 fri-

372 1183 469 1208 cano
482 1166 572 1222 (qui
582 1184 621 1208 se
637 1169 807 1223 leyatum
815 1171 1172 1224 fi‘atrisficturum
1190 1171 1355 1219 dixerat,
1373 1172 1408 1210 si
1419 1172 1454 1209 ei
1472 1170 1646 1210 Graecia
1655 1184 1751 1223 pro-

370 1227 500 1266 vincia
516 1226 796 1275 decerneretur,
811 1242 930 1282 quum
956 1228 998 1268 C.
1014 1229 1166 1277 Laelio,
1182 1230 1252 1283 qui
1262 1229 1427 1268 multum
1442 1230 1482 1268 in
1495 1233 1632 1267 senatu
1640 1233 1751 1281 pote-

371 1290 448 1332 rat,
471 1299 516 1323 ea
531 1286 740 1338 provincia
761 1286 854 1325 (lari
872 1285 1088 1341 videretur)
1102 1287 1308 1340 profectus
1328 1286 1385 1325 ad
1401 1286 1541 1325 bellum
1562 1285 1750 1324 adversus

369 1342 610 1382 Antiochum
626 1343 853 1396 yerendum,
877 1345 917 1383 in
942 1344 1082 1384 Asiam
1103 1346 1262 1397 primus
1283 1345 1454 1384 omnium
1476 1344 1749 1383 Romanorum

367 1400 511 1439 ducum
541 1401 705 1440 traiecit.
766 1401 961 1441 Aemilius
992 1402 1171 1456 Reqillus
1195 1402 1383 1441 adversus
1413 1403 1561 1455 reyiam
1587 1401 1748 1439 classem

366 1457 556 1498 Antiochi
561 1458 738 1511 feliciter
751 1461 952 1512 puffnavit
970 1460 1026 1499 acl
1039 1460 1318 1513 lllyonnesum,
1336 1460 1505 1498 Rhodiis
1520 1459 1748 1497 adiuvanti-

365 1516 446 1555 bus.
509 1516 642 1555 Filius
662 1516 866 1569 Africani,
889 1517 938 1556 ab
958 1517 1154 1557 Antiocho
1176 1523 1327 1571 captus,
1340 1518 1456 1570 patri
1475 1517 1658 1555 remissus
1678 1521 1744 1555 est.

365 1573 426 1612 M
428 1573 447 1613 ⁷.
466 1573 622 1613 Acilius
649 1573 816 1613 Glabrzb
837 1575 883 1613 (le
902 1575 1109 1623 Antiocho,
1133 1590 1244 1629 quem
1273 1575 1447 1615 Graecia
1474 1574 1688 1627 expulerat,
1711 1579 1749 1612 et

364 1631 411 1670 de
429 1631 580 1670 Aetolis
601 1632 871 1685 triumphavit.
945 1632 1053 1673 Victo
1074 1633 1211 1672 deinde
1231 1633 1426 1672 Antiocho
1447 1647 1472 1671 a
1493 1632 1543 1672 L.
1568 1631 1747 1671 Cornelio

368 1688 561 1742 Scipione,
590 1690 803 1728 adiuvante
828 1690 1009 1730 Eumene
1036 1706 1123 1745 resse
1150 1690 1352 1744 Pcrfsami,
1381 1690 1515 1730 Attali
1527 1689 1636 1741 filio,
1659 1703 1747 1742 pax

362 1746 459 1786 data
486 1753 543 1786 est
571 1762 616 1786 ea
646 1748 873 1796 conditione,
903 1754 947 1788 ut
975 1749 1149 1787 omnibus
1174 1749 1391 1802 provinciis
1421 1749 1522 1787 citra
1562 1747 1745 1787 Taurum

362 1809 527 1843 montem
549 1805 705 1844 cederet.
767 1805 953 1854 Eumeni,
977 1820 1052 1859 quo
1073 1808 1231 1845 iuvante
1251 1806 1471 1845 Antiochus
1498 1806 1623 1843 victus
1644 1809 1742 1852 erat,

363 1876 526 1916 reynum
558 1862 804 1916 ampliatum.
867 1863 1036 1903 Rhodiis
1071 1878 1232 1918 quoque,
1265 1865 1335 1917 qui
1367 1869 1404 1902 et
1437 1864 1514 1916 ipsi
1547 1864 1741 1910 iuverant,

362 1920 556 1973 quaedam
587 1922 760 1959 civitates
791 1935 999 1961 concessae.
1070 1921 1231 1961 Colonia
1262 1921 1427 1960 deducta
1458 1926 1515 1959 est
1542 1919 1739 1959 Bononia.

361 1977 555 2017 Aemilius
586 1978 778 2031 Relqillus,
811 1980 880 2032 qui
900 1979 1128 2033 praffectos
1152 1978 1343 2018 Antiochi
1367 1978 1504 2018 navali
1533 1978 1743 2016 certamine

361 2036 520 2082 vicerat,
543 2036 722 2075 navalem
748 2037 991 2090 triumphum
1016 2037 1138 2076 (lm-it.
1200 2037 1251 2076 L.
1278 2036 1480 2077 Cornelius
1507 2035 1651 2088 Scipio,
1674 2036 1744 2088 qui

361 2107 449 2131 cum
470 2093 664 2132 Antiocho
680 2093 950 2143 debellaverat,
969 2096 1192 2149 οοφῑοφηὶηε
1199 2095 1337 2149 fratri
1351 2099 1600 2151 eoeaequatuS,
1617 2092 1741 2133 Asia-

361 2151 461 2190 ticus
481 2151 704 2206 appellatus
725 2158 789 2192 est.
1202 2150 1204 2152 ¹
