1960 3218
366 152 449 191 256
883 147 1032 190 TITI
1071 146 1251 189 LIVII

158 245 203 277 U.
222 246 259 277 C.
283 238 474 286 561.Asia
503 238 551 280 P.
571 238 772 280 Cornelio
807 238 1016 295 Scipione,
1049 239 1118 280 cui
1148 247 1243 295 post
1270 238 1471 280 Africano
1500 238 1581 279 fuit
1610 253 1765 294 cogno—

156 289 196 319 Α·
221 289 259 321 Ο·
286 299 480 346 I9¹-men,
503 296 551 338 P.
569 296 736 338 Licinio
758 296 1010 347 consulibus,
1042 297 1085 337 in
1114 297 1325 338 Palatium
1356 312 1379 337 a
1410 296 1513 337 mari
1542 295 1762 337 detulerat.
1779 315 1796 336 2

368 354 631 396 Locaverant
652 354 799 395 aedem
817 354 1052 395 faciendam
1074 370 1127 395 ex
1148 353 1511 396 senatusconsulto
1529 353 1591 394 M.
1604 352 1763 402 Livius,

372 411 421 453 C.
445 411 649 453 Claudius
681 427 885 462 censores,
911 411 972 453 M.
996 411 1208 462 Cornelio,
1232 412 1280 452 P.
1303 411 1553 467 Sempronio
1584 410 1766 452 consuli-

366 470 470 511 bus:
505 469 707 511 tredecim
738 470 857 510 annis
883 478 990 525 post,
1013 485 1140 525 quam
1163 469 1298 511 locata
1318 478 1418 518 erat,
1441 468 1652 509 dedicavit
1672 483 1766 509 eam

368 527 431 568 Μ.
448 527 596 568 Iunius
619 527 787 576 Brutus,
811 527 986 583 ludique
1009 528 1062 568 ob
1083 527 1392 568 dedicationem
1415 527 1505 567 eius
1525 526 1636 575 facti,
1660 540 1766 581 quos

368 585 524 641 primos
552 585 738 626 scenicos
759 585 897 635 fuisse,
923 585 1074 626 Antias
1097 584 1290 625 Valerius
1311 593 1374 625 est
1395 593 1551 633 auctor,
1574 583 1796 639 RIegale-3

368 643 429 684 sia
461 642 700 698 appellatos.
764 642 874 683 Item
907 642 1137 683 Iuventatis
1173 642 1320 683 aedem
1357 642 1402 682 in
1437 642 1547 683 circo
1580 641 1765 681 maximo

372 699 422 741 C.
440 700 631 741 Licinius
649 700 853 741 Lucullus
874 700 1071 741 duumvir
1092 699 1312 740 dedicavit.
1358 698 1543 740 Voverat
1563 713 1654 739 eam
1672 713 1766 741 sex-

369 758 507 799 decim
539 758 658 798 annis
687 767 783 798 ante
814 756 876 798 Μ.
896 757 1042 798 Livius
1067 756 1225 806 consul,
1249 772 1334 812 quo
1360 756 1427 797 die
1455 755 1764 797 Hasdrubalem

369 816 688 871 exercitumque
725 815 814 855 eius
851 815 1030 856 cecidit:
1072 814 1186 855 idem
1223 829 1370 855 censor
1404 829 1497 855 eam
1528 813 1765 854 faciendam

368 873 532 922 locavit,
552 872 613 913 Μ.
633 872 846 922 Cornelio,
865 872 912 913 P.
933 872 1181 927 Sempronio
1203 871 1454 912 consulibus.
1502 870 1643 911 Huius
1660 886 1766 926 quo-

370 946 452 986 que
475 930 733 971 dedicandae
763 945 887 970 causa
911 929 1001 970 ludi
1025 929 1148 970 facti:
1185 937 1228 970 et
1248 944 1298 970 eo
1319 928 1460 969 omnia
1484 942 1581 968 cum
1609 928 1764 969 maiore

369 988 572 1044 religione
603 987 723 1037 facta,
751 987 867 1043 quod
895 1002 1051 1028 novum
1085 1001 1181 1028 cum
1217 985 1433 1027 Antiocho
1468 985 1647 1026 instabat
1677 984 1766 1026 bel-

370 1045 471 1087 lum.

429 1104 644 1160 Principio
673 1104 762 1145 eius
791 1104 902 1154 anni,
930 1119 1014 1160 quo
1045 1103 1161 1154 haec,
1195 1103 1275 1144 iam
1308 1102 1494 1160 profecto
1526 1101 1578 1143 ad
1607 1101 1766 1143 bellum

372 1161 445 1203 M’.
470 1162 624 1212 Acilio,
662 1171 859 1203 manente
894 1162 1031 1203 adhuc
1070 1162 1232 1202 Romae
1270 1161 1317 1202 P.
1345 1159 1545 1202 Cornelio
1581 1158 1765 1208 consule,

371 1220 614 1276 agebantur,
637 1220 763 1261 boves
785 1220 890 1260 duos
912 1220 1093 1261 domitos
1114 1220 1159 1260 in
1183 1218 1350 1260 Carinis
1374 1233 1450 1274 per
1471 1217 1598 1258 scalas
1619 1229 1800 1273 perve-4

370 1278 480 1319 nisse
498 1277 542 1318 in
561 1277 719 1334 tegulas
737 1278 930 1327 aedificii,
949 1277 1162 1333 proditum
1185 1277 1410 1317 memoriae
1429 1285 1502 1317 est.
1552 1274 1636 1315 Eos
1653 1274 1768 1315 vivos

371 1335 573 1384 comburi,
596 1336 865 1391 cineremque
899 1350 1043 1376 corum
1073 1334 1197 1375 deiici
1228 1334 1269 1374 in
1301 1334 1504 1382 Tiberim,
1527 1331 1767 1388 haruspices

371 1393 594 1434 iusserunt.
658 1393 907 1434 Tarracinae
932 1401 974 1434 et
1002 1392 1209 1432 Amiterni
1241 1391 1482 1432 nuntiatum
1513 1398 1575 1431 est
1606 1389 1768 1445 aliquo-

372 1451 449 1492 ties
479 1450 688 1507 lapidibus
713 1450 895 1506 pluissc3
930 1449 1162 1491 Minturnis
1186 1449 1333 1490 aedem
1364 1448 1475 1489 Iovis
1501 1456 1543 1489 et
1576 1447 1767 1488 tabernas

372 1509 481 1549 circa
502 1508 637 1549 forum
659 1508 711 1549 de
734 1508 851 1549 coelo
875 1517 1003 1549 tactas
1023 1522 1135 1556 esse3
1166 1506 1368 1548 Vulturni
1389 1507 1433 1546 in
1455 1506 1561 1546 ostio
1581 1504 1767 1545 fluminis

372 1565 476 1607 duas
497 1581 623 1607 naves
642 1566 817 1607 fulmine
840 1566 941 1607 ictas
963 1566 1247 1620 conflagrasse.
1298 1564 1457 1605 Eorum
1480 1562 1767 1619 prodigiorum

373 1639 496 1665 causa
526 1623 651 1664 libros
676 1623 902 1679 Sibyllinos
923 1639 975 1664 ex
1004 1621 1364 1664 senatusconsulto
1387 1620 1613 1662 decemviri
1635 1634 1767 1675 quum

374 1681 570 1731 adissent,
589 1682 896 1731 renuntiarunt,
917 1687 928 1704 ‘
941 1681 1153 1722 Ieiunium
1176 1679 1483 1720 instituendum
1499 1677 1646 1719 Cereri
1663 1692 1765 1726 esse,
1783 1689 1800 1721 5

376 1745 444 1781 ‘et
474 1740 519 1780 id
546 1740 695 1795 quinto
718 1755 887 1795 quoque
918 1754 1029 1780 anno
1060 1738 1337 1779 servandum:
1371 1745 1414 1778 et
1441 1745 1489 1777 ut
1519 1734 1768 1776 novendiale

376 1802 561 1838 ‘sacrum
590 1797 720 1846 fieret,
744 1805 786 1838 et
808 1812 940 1837 unum
966 1797 1080 1837 diem
1105 1795 1353 1851 supplicatio
1381 1803 1499 1835 esset.
1565 1791 1769 1834 Coronati

377 1855 707 1911 ‘supplicarentz
743 1863 784 1895 et
805 1854 951 1895 consul
972 1854 1019 1895 P.
1043 1852 1279 1901 Cornelius,
1303 1852 1454 1908 quibus
1480 1850 1572 1900 diis,
1596 1850 1769 1905 quibus-

377 1918 483 1968 ‘que
525 1912 670 1953 hostiis
711 1912 941 1953 edidissent
976 1910 1215 1960 decemviri,
1250 1909 1524 1951 sacrificaret.’
1589 1906 1769 1948 Placatis

375 1969 467 2020 diis,
490 1985 603 2010 nunc
624 1970 730 2011 votis
755 1970 832 2010 rite
859 1969 1079 2018 solvendis,
1103 1983 1216 2009 nunc
1245 1967 1447 2024 prodigiis
1468 1965 1702 2021 expiandis,
1725 1964 1770 2004 in

375 2028 632 2084 provinciam
664 2027 941 2084 proficiscitur
966 2026 1124 2075 consul,
1148 2035 1273 2081 atque
1303 2024 1403 2065 inde
1429 2024 1510 2065 Cn.
1532 2022 1770 2063 Domitium

375 2085 682 2141 proconsulem,
720 2085 890 2126 dimisso
926 2084 1127 2133 exercitu,
1164 2083 1345 2124 Romam
1381 2081 1585 2123 decedere
1622 2079 1768 2120 iussit:

375 2143 464 2199 ipse
486 2143 530 2183 in
551 2158 696 2198 agrum
720 2142 920 2183 Boiorum
943 2142 1128 2198 legiones
1150 2140 1329 2182 induxit.

438 2199 525 2242 Sub
550 2201 664 2241 idem
696 2200 783 2241 fere
813 2209 977 2255 tempus
1004 2199 1197 2254 Ligures,
1224 2198 1315 2254 lege
1345 2204 1504 2238 sacrata
1527 2203 1672 2237 coacto
1697 2202 1804 2235 ex-6

376 2258 522 2308 ercitu,
554 2267 677 2299 nocte
709 2258 934 2314 improviso
962 2268 1094 2298 castra
1125 2255 1177 2304 Q.
1198 2255 1381 2296 Minucii
1411 2252 1670 2310 proconsulis
1700 2266 1772 2307 ag-

223 1105 291 1147 37.

161 1162 322 1203 Prodigia.

231 2203 298 2242 38.

168 2257 301 2298 Ligures

167 2301 229 2331 fusi
246 2312 265 2332 a
282 2302 344 2333 Mi-

168 2344 274 2376 nucio.

426 2412 442 2432 2
466 2403 654 2441 Detulerat]
695 2403 762 2434 Res
792 2405 938 2433 narratur
965 2412 1050 2441 supr.

377 2456 466 2476 xxrx.
488 2456 534 2483 14.

421 2497 438 2526 3
463 2489 590 2518 Primos
612 2489 766 2525 scenicos]
809 2487 960 2526 Intellige
983 2488 1051 2526 pri-

376 2541 441 2561 mos
455 2532 593 2561 scenicos
609 2532 824 2569 AIeyalenses,
838 2541 902 2559 non
920 2530 1051 2559 omnino

374 2575 496 2613 primos
522 2574 668 2603 scenicas.
721 2573 886 2602 Ludorum
913 2572 1051 2602 scenico-

378 2625 448 2645 rum
472 2616 558 2654 apud
578 2616 744 2645 Romanos
759 2615 845 2654 origo
862 2615 955 2653 longe
971 2614 1051 2644 anti-

378 2658 472 2697 quior
501 2661 557 2688 est.
591 2658 628 2687 cf.
654 2668 738 2696 supr.
768 2657 818 2687 vii.
849 2666 875 2687 2.
927 2657 990 2686 Sed
1021 2660 1052 2686 et

377 2701 442 2731 iam
459 2700 552 2731 tertio
565 2704 640 2729 ante
652 2700 738 2729 hune
750 2710 835 2729 anno
848 2709 931 2737 supr.
943 2698 1051 2728 xxxiv.

380 2751 430 2781 54.
448 2742 625 2781 Megalesia
642 2742 734 2772 ludos
750 2741 892 2772 scenicos
908 2751 975 2771 csse
990 2742 1052 2770 fae—

378 2789 428 2816 tos
443 2785 633 2815 memoravit
651 2784 770 2815 Livius.

428 2839 446 2866 4
475 2830 517 2858 In
547 2827 693 2866 Carinis]
738 2826 883 2865 Regione
913 2826 1052 2864 quadam

380 2871 507 2902 Romae
523 2871 561 2900 ad
580 2873 722 2900 montem
741 2869 901 2905 Coelium,
919 2868 973 2898 ubi
990 2879 1054 2898 una

381 2914 547 2943 domorum
567 2912 730 2943 Ciceronis
748 2912 819 2947 fuit,
843 2915 878 2941 ut
902 2911 1053 2941 discimus

1096 2411 1135 2431 ex
1149 2399 1253 2439 Epist.
1266 2400 1307 2429 ad
1321 2398 1436 2434 Quint.
1451 2397 1501 2427 Fr.
1518 2396 1549 2427 ii.
1564 2405 1592 2435 3.
1618 2395 1728 2426 DOER.

1140 2451 1156 2481 5
1182 2443 1348 2473 Ieiunium
1379 2440 1611 2470 instituendum
1641 2438 1768 2476 Cereri]

1098 2485 1225 2516 Ieiunio
1249 2485 1399 2514 Cererem
1424 2482 1583 2519 colebant,
1607 2484 1643 2511 ut
1666 2480 1771 2510 imita-

1096 2532 1206 2557 rentur
1222 2527 1349 2565 longam
1367 2525 1435 2555 eius
1453 2524 1485 2554 in
1503 2525 1592 2554 luctu
1609 2534 1677 2560 suo,
1693 2523 1771 2552 dum

1090 2566 1221 2609 ¹raptam
1245 2579 1264 2598 a
1289 2568 1429 2598 Plutone
1454 2566 1680 2605 Proserpinam
1703 2569 1772 2595 toto

1097 2613 1173 2642 orbe
1200 2610 1334 2650 quaerit,
1359 2620 1377 2639 a
1404 2610 1475 2640 cibo
1508 2613 1650 2648 potuque
1677 2607 1771 2638 absti-

1097 2654 1251 2685 nentiam.
1298 2654 1415 2691 Itaque
1439 2651 1591 2682 ieiunium
1616 2651 1649 2681 in
1674 2650 1772 2681 Eleu-

1098 2697 1186 2727 siniis
1214 2700 1246 2726 et
1276 2694 1541 2734 Thesmophoriis
1571 2696 1772 2732 usurpatum.

1098 2740 1204 2770 Ciussv.

1140 2780 1159 2812 6
1175 2783 1258 2820 Leye
1281 2779 1426 2819 sacrata]
1471 2780 1549 2815 Qua
1572 2780 1671 2818 caput
1694 2777 1772 2814 eius,
1830 2799 1835 2803 .

1098 2824 1151 2863 qui
1188 2823 1337 2855 militiam
1368 2823 1587 2858 detrectasset,
1619 2820 1691 2851 Iovi
1721 2820 1772 2849 vel

1099 2866 1171 2896 Diis
1193 2866 1341 2896 manibus
1364 2875 1488 2896 sacrum
1512 2868 1604 2895 esset.
1631 2862 1670 2894 cf.
1686 2871 1771 2901 supr.

1098 2920 1127 2940 x.
1147 2909 1195 2947 38.
