1960 3218
155 476 175 508 9

166 1056 177 1076 1

596 134 722 177 LIB.
756 133 853 175 XL.

902 131 1048 175 CAP.
1082 135 1149 174 29.
1487 130 1569 171 457

184 227 272 285 agri
303 226 411 268 data.
475 225 659 268 Tresviri
690 224 973 273 deduxerunt,
1011 223 1061 264 C.
1089 221 1346 278 Calpurnius
1378 220 1490 270 Piso,
1524 220 1572 262 P.
1591 227 1634 261 U.
1652 229 1691 262 C.
1713 236 1786 270 571·

188 285 392 328 Claudius
412 284 607 333 Pulcher,
632 282 683 324 C.
707 282 935 324 Terentius
957 281 1074 322 Istra.

184 344 352 400 frugum
374 343 547 398 insignis
567 355 702 382 annus
722 339 812 381 fuit.

186 401 410 443 memoriae
431 399 645 456 proditum
666 406 739 439 est.

1140 279 1336 321 Siccitate
1365 288 1408 320 et
1434 278 1578 335 inopia

878 339 963 381 Sex
983 353 1147 380 menses
1167 352 1386 394 nunquam
1407 336 1576 393 pluisse,

1590 274 1630 305 A.
1653 273 1691 305 C.
1717 275 1788 305 181.

246 458 409 500 Eodem
429 472 539 498 anno
560 457 605 497 in
625 471 723 513 agro
745 455 794 496 L.
810 454 969 496 Petillii
989 453 1146 495 scribae
1163 453 1239 494 sub
1256 451 1458 503 Ianiculo,
1475 452 1578 493 dum
1591 457 1680 490 Libri
1696 458 1767 489 Nu-

188 517 368 558 cultores
394 515 482 571 agri
509 514 631 556 altius
656 513 886 555 moliuntur
913 522 1078 561 terram,
1102 511 1210 552 duae
1234 510 1424 567 lapideae
1446 525 1578 559 arcae,

189 583 360 616 octonos
380 573 509 614 ferme
531 572 660 629 pedes
681 571 843 628 longae,
862 578 1086 627 quaternos
1107 568 1227 618 latae,
1250 569 1445 609 inventae
1467 576 1579 617 sunt,

189 631 394 688 operculis
434 630 607 687 plumbo
648 630 864 671 devinctis.

927 627 1081 669 Literis
1120 626 1284 668 Latinis
1322 625 1581 681 Graecisque

188 699 366 745 utraque
395 704 490 730 arca
513 688 712 744 inscripta
737 696 850 736 erat3
883 687 927 727 in
948 685 1078 726 altera
1098 684 1287 726 Numam
1307 683 1582 740 Pompilium,

189 746 421 803 Pomponis
452 746 600 796 filium,
630 760 772 801 regem
805 745 1106 794 Romanorum,
1139 742 1351 799 sepultum
1383 757 1499 791 esse3
1537 741 1582 782 in

191 805 320 846 altera
342 804 468 845 libros
491 804 658 846 Numae
681 802 879 859 Pompilii
908 802 1053 843 inesse.

1118 800 1200 842 Eas
1228 815 1342 842 arcas
1369 815 1501 856 quum
1529 814 1583 840 ex

192 863 420 903 amicorum
451 862 660 903 sententia
689 861 885 902 dominus
916 859 1156 916 aperuisset,
1179 873 1287 914 quae
1319 857 1490 899 titulum
1520 873 1584 899 se-

191 920 300 976 pulti
327 920 435 976 regis
461 919 675 969 habuerat,
698 919 834 960 inanis
860 918 1044 966 inventa,
1067 917 1156 958 sine
1184 916 1270 958 ullo
1290 916 1467 972 vestigio
1494 930 1585 957 cor-

193 977 304 1034 poris
334 978 521 1027 humani‚
544 986 616 1018 aut
648 976 773 1018 ullius
804 976 878 1026 rei,
900 991 976 1032 per
1009 975 1148 1016 tabem
1174 982 1238 1015 tot
1264 989 1470 1015 annorum
1496 989 1586 1015 om-

194 1036 316 1076 nibus
351 1035 592 1091 absumptis.

655 1035 708 1076 In
739 1034 868 1075 altera
898 1034 982 1075 duo
1009 1033 1150 1083 fasces,
1177 1032 1361 1073 candelis
1394 1031 1584 1081 involuti,

194 1103 389 1149 septenos
424 1093 607 1135 habuere
643 1093 782 1142 libros,
818 1107 905 1133 non
940 1092 1125 1148 integros
1157 1089 1296 1140 modo,
1330 1089 1405 1131 sed
1441 1105 1587 1131 recen-

194 1151 352 1192 tiSS1ma
383 1151 533 1207 specie.

609 1149 779 1207 Septem
813 1150 957 1191 Latini
989 1149 1042 1190 de
1075 1149 1165 1190 iure
1195 1148 1414 1204 pontificio
1441 1156 1586 1197 erant3

195 1218 357 1265 septem
388 1208 541 1250 Graeci
572 1209 625 1250 de
653 1208 874 1265 disciplina
903 1207 1143 1263 sapientiae,
1170 1221 1277 1261 quae
1304 1205 1416 1246 illius
1444 1205 1588 1246 aetatis

196 1281 284 1307 esse
310 1266 458 1322 potuit.

522 1267 686 1308 Adiicit
708 1266 860 1307 Antias
881 1265 1088 1314 Valerius,
1116 1264 1418 1321 Pythagoricos
1448 1263 1587 1313 fuisse,

167 1324 388 1379 2vulgatae
434 1324 636 1380 opinioni,
678 1339 762 1380 qua
806 1323 1002 1372 creditur,
1044 1322 1309 1378 Pythagorae
1355 1321 1590 1362 auditorem

195 1381 321 1423 fuisse
368 1380 569 1431 Numam,
616 1381 837 1422 mendacio
881 1380 1086 1437 probabili
1130 1379 1444 1421 accommodata
1491 1379 1589 1420 fide.

198 1438 342 1480 Primo
373 1440 424 1481 ab
455 1440 611 1489 amicis,
641 1439 711 1496 qui
745 1439 790 1480 in
820 1454 864 1480 re
897 1438 1106 1494 praesenti
1138 1438 1321 1487 fuerunt,
1352 1437 1448 1477 libri
1479 1436 1590 1478 lecti.

201 1495 309 1537 Mox
344 1497 534 1553 pluribus
566 1497 802 1553 legentibus
834 1512 966 1552 quum
998 1495 1280 1551 vulgarentur,
1322 1494 1375 1543 Q
1400 1494 1593 1536 Petillius

200 1552 368 1610 praetor
393 1555 588 1604 urbanus,
611 1554 820 1595 studiosus
850 1553 1032 1610 legendi,
1055 1568 1126 1594 eos
1152 1553 1277 1594 libros
1304 1568 1329 1594 a
1355 1553 1404 1593 L.
1423 1552 1593 1593 Petillio

171 1629 188 1659 3

202 1612 388 1668 sumpsit.

248 1798 268 1830 9
289 1790 411 1820 Eodem
431 1800 518 1820 anno
537 1790 574 1819 in
589 1800 667 1829 ayro
682 1791 719 1820 L.
732 1789 875 1827 Petillii]

207 1831 283 1863 Hoc
296 1832 366 1862 loco
379 1833 529 1872 apposuit
544 1832 707 1862 Hearnius
719 1833 879 1871 quaedam

207 1885 227 1905 a
251 1874 398 1905 Nardino
424 1876 521 1906 Rom.
540 1875 616 1905 Vet.
634 1874 685 1905 vii.
708 1884 753 1905 11.
777 1876 880 1904 obser-

209 1921 294 1955 vata,
334 1928 373 1948 ex
419 1918 534 1957 quibus
577 1917 658 1948 haec
703 1917 881 1948 exscribere

209 1970 326 1999 operae
343 1961 481 2000 pretium
494 1971 563 1991 esse
578 1961 743 1992 duximus.
772 1961 882 1991 Multa

210 2003 262 2033 hie
278 2004 357 2033 mihi
373 2004 482 2040 dubia,
497 2003 602 2043 inquit
619 2004 796 2041 Nardinus,
815 2002 880 2033 ani-

210 2057 299 2076 mum
338 2051 499 2086 torquent.
544 2047 593 2076 Ac
630 2046 782 2085 primum,
819 2056 882 2084 quo

213 2093 308 2129 pacto
342 2093 409 2119 tam
444 2089 599 2129 praeclari
638 2089 766 2127 carique
803 2088 883 2128 regis

208 2137 459 2162 monumentum
486 2142 542 2172 per
565 2135 613 2162 tot
638 2132 747 2162 secula
771 2131 815 2162 ita
840 2132 882 2171 ig-

213 2179 325 2205 notum
343 2185 409 2205 esse
426 2176 548 2215 populo
566 2175 716 2205 Romano
732 2174 884 2214 potuerit,

215 2221 250 2247 ut
281 2222 312 2248 ct
342 2218 410 2257 ipse
440 2217 518 2247 situs
548 2217 615 2247 eius
644 2217 807 2257 ignoratus
836 2217 885 2248 sit.

216 2261 267 2291 Ad
284 2261 376 2297 haec,
393 2271 454 2300 quo
473 2264 568 2300 paeto
585 2260 668 2290 intra
685 2260 796 2299 paullo
814 2260 886 2298 plus

215 2303 463 2342 quingentorum
513 2313 668 2333 annorum
719 2303 887 2332 decursum

216 2357 332 2385 corpus
361 2346 539 2376 humanum
575 2346 621 2375 ita
654 2345 798 2375 consumi
833 2355 887 2384 po-

216 2389 324 2426 tuerit,
349 2393 384 2419 ut
408 2399 448 2419 ne
475 2388 639 2426 vestigium
665 2388 794 2427 quidem
820 2388 888 2417 eius

217 2431 347 2469 ossium,
375 2432 439 2461 imo
466 2443 524 2461 nec
553 2430 658 2470 pulvis
684 2430 886 2470 superfuerit.

221 2475 318 2512 Item,
334 2485 398 2513 quo
414 2479 509 2514 pacto
526 2474 597 2504 lib-ri
621 2474 791 2510 chartacei,
808 2477 888 2503 tam-

220 2517 277 2546 etsi
323 2517 410 2547 omni
456 2528 531 2547 cura
569 2516 731 2552 custoditi,
769 2515 888 2546 recenti

220 2559 325 2598 specie
352 2570 419 2590 esse
445 2559 616 2598 potuerint.
665 2560 712 2590 Ut
737 2564 780 2594 et,
805 2559 891 2588 unde

221 2602 351 2632 chartae
388 2607 465 2631 tunc
501 2612 587 2639 usus,
625 2613 720 2641 quam
765 2601 892 2632 Plinius

223 2645 267 2675 H.
301 2645 344 2675 N.
378 2644 444 2675 xiii.
479 2654 524 2674 11.
564 2650 634 2684 post
669 2646 890 2675 Alexandrum

223 2688 379 2727 Magnum
401 2687 564 2717 inventam
586 2687 617 2717 in
636 2688 785 2727 Aegypto
803 2687 893 2724 dicit,

223 2731 315 2761 annis
343 2731 511 2770 plusquam
542 2730 693 2760 trecentis
723 2734 795 2770 post
822 2731 892 2761 Nu-

224 2783 331 2804 mam:
358 2777 401 2809 ct,
426 2773 501 2803 licet
525 2772 656 2802 inventa
680 2772 742 2802 iam
768 2777 836 2803 tum
861 2777 893 2803 ct

225 2816 256 2846 in
280 2827 338 2846 usu
359 2816 466 2851 fuerit,
483 2816 568 2845 unde
592 2815 659 2844 rudi
686 2815 741 2845 illo
762 2820 794 2846 et
817 2826 894 2855 pau-

227 2870 300 2899 pere
326 2859 434 2889 seculo
460 2858 571 2888 charta¹
600 2859 737 2887 Romam
767 2868 805 2888 cx
834 2859 894 2888 Λο-

224 2906 324 2943 gypto
345 2902 452 2932 delata
472 2901 522 2932 sit.
568 2900 719 2939 Denique
734 2901 895 2940 quomodo

466 1611 523 1653 Et
567 1621 656 1653 erat
699 1611 912 1652 familiaris
956 1626 1067 1660 usuS,
1114 1610 1229 1666 quod
1273 1610 1450 1651 scribam
1495 1625 1592 1651 eum

203 1678 398 1725 quaestor
433 1669 487 1719 Q.
510 1670 703 1711 Petillius
734 1670 779 1710 in
809 1669 1024 1710 decuriam
1056 1668 1225 1724 legerat.

1288 1667 1429 1709 Lectis
1454 1682 1594 1708 rerum

924 1787 1033 1828 lingua
1064 1787 1193 1819 Graeca
1225 1791 1293 1818 tam
1326 1788 1493 1819 familiaris
1525 1792 1595 1819 turn

923 1831 1078 1871 temporis
1109 1831 1203 1862 Latio
1232 1831 1329 1861 fuerit
1354 1855 1361 1862 .
1379 1856 1386 1863 .
1403 1855 1411 1862 .
1439 1832 1534 1862 Haec
1564 1836 1597 1862 et

926 1874 1020 1913 plura
1044 1874 1109 1904 alia
1132 1875 1237 1904 forsan
1262 1884 1315 1904 me
1339 1874 1540 1911 inducerent,
1561 1879 1597 1905 ut

925 1917 1071 1947 fraudem
1092 1920 1190 1955 atque
1210 1917 1421 1956 imposturam
1443 1917 1527 1948 hanc
1551 1928 1597 1948 re-

926 1959 1075 1990 centioris
1085 1959 1222 1990 alicuius
1238 1959 1376 1990 hominis
1388 1960 1486 1990 fuisse
1498 1961 1598 2000 suspi-

926 2013 1024 2039 carer,
1053 2002 1113 2032 nisi
1145 2006 1212 2032 tarn
1244 2013 1355 2042 graves
1387 2008 1419 2033 et
1450 2003 1601 2043 antiquos

927 2045 1095 2085 scriptores
1118 2045 1236 2075 nimiae
1260 2048 1291 2075 et
1311 2045 1513 2076 inconsultae
1534 2057 1599 2077 cre-

927 2088 1072 2118 dulitatis
1088 2088 1240 2118 damnare
1261 2089 1352 2118 nefas
1372 2088 1601 2121 existimarem.

928 2130 1034 2161 szv.

974 2183 986 2204 1
1017 2174 1184 2211 Ccmdelis]
1232 2174 1412 2212 Funiculis‚
1449 2175 1499 2205 vel
1538 2174 1602 2205 filis

930 2215 1013 2255 pice,
1039 2220 1095 2246 aut
1119 2227 1191 2246 cera
1217 2216 1317 2247 illitis.
1363 2217 1516 2248 Ceterum
1540 2217 1602 2248 hoc

930 2259 1014 2289 idem
1043 2259 1082 2289 de
1109 2260 1234 2289 duabus
1260 2259 1325 2289 illis
1352 2260 1484 2290 Numae
1509 2260 1602 2297 arcis,

932 2302 1156 2332 dissentientes
1171 2306 1279 2332 tamen
1297 2302 1329 2332 in
1345 2303 1518 2342 aliquibus,
1533 2314 1603 2333 nar-

932 2349 1003 2374 rant
1020 2345 1095 2375 val.
1114 2345 1203 2375 MaX.
1221 2345 1240 2375 i.
1262 2355 1288 2376 1.
1313 2345 1397 2376 Plin.
1416 2346 1461 2376 H.
1479 2346 1523 2377 N.
1538 2345 1604 2377 xiii.

936 2396 981 2425 13-
1008 2387 1096 2417 I'lut.
1112 2387 1145 2416 in
1165 2388 1284 2418 Numa.
1308 2388 1415 2419 Canv.

976 2439 992 2459 2
1022 2431 1176 2469 l'ulyatae
1191 2432 1352 2470 opinioni]
1376 2432 1427 2461 Ad
1443 2432 1604 2469 vulgatam

934 2472 1131 2511 opinionem,
1152 2483 1215 2512 qua
1238 2473 1378 2503 creditur
1401 2470 1606 2514 Pythagorae

933 2515 1112 2545 auditorem
1138 2516 1234 2546 fuisse
1256 2516 1414 2553 Numam,
1433 2518 1528 2547 fldem
1555 2528 1605 2548 ac-

935 2559 1144 2588 commodans
1171 2569 1228 2598 per
1257 2559 1462 2589 mendacium
1494 2561 1605 2599 proba—

934 2599 1007 2631 bile.
1048 2601 1161 2631 Fidem
1192 2603 1438 2632 accommodare
1467 2603 1507 2633 ad
1540 2603 1606 2632 vul-

934 2648 1042 2681 gatam
1074 2644 1272 2683 opinionem,
1303 2649 1349 2675 est
1380 2645 1544 2675 inflectere
1575 2649 1606 2675 et

937 2688 1127 2725 detorquere
1149 2687 1338 2717 narrationis
1362 2688 1457 2718 fidem
1478 2689 1517 2717 ad
1540 2688 1606 2727 opi-

937 2730 1064 2759 nionem
1090 2730 1262 2769 vulgatam.
1287 2732 1393 2761 Cnffl‘.
1423 2731 1461 2760 cf.
1484 2741 1569 2769 supr.
1586 2730 1606 2761 i.

941 2773 987 2803 18.
1013 2772 1149 2803 Niebhr.
1165 2773 1184 2803 i.
1202 2784 1232 2803 n.
1249 2772 1321 2811 652.

982 2824 998 2853 3
1024 2817 1116 2852 Quod
1140 2817 1274 2846 scribam
1300 2826 1372 2845 eum
1396 2820 1546 2854 quaestor
1570 2817 1607 2852 Q.

939 2859 1091 2888 Petillivs
1111 2859 1146 2888 in
1166 2859 1329 2889 decuriam
1345 2859 1482 2896 leyerat]
1510 2859 1608 2893 Quod

941 2902 984 2936 Q.
1018 2900 1178 2938 Petillius,
1208 2910 1308 2939 quum
1339 2904 1488 2939 quaestor
1517 2905 1609 2939 esset,

1590 512 1663 532 mae
1679 501 1725 532 in-

1593 545 1690 576 venti.
