<?xml version="1.0" encoding="UTF-8"?>
<!DOCTYPE html PUBLIC "-//W3C//DTD XHTML 1.0 Transitional//EN"
    "http://www.w3.org/TR/xhtml1/DTD/xhtml1-transitional.dtd">
<html xmlns="http://www.w3.org/1999/xhtml" xml:lang="en" lang="en">
 <head>
  <title>
</title>
<meta http-equiv="Content-Type" content="text/html;charset=utf-8" />
  <meta name='ocr-system' content='tesseract 3.04.00' />
  <meta name='ocr-capabilities' content='ocr_page ocr_carea ocr_par ocr_line ocrx_word'/>
</head>
<body>
  <div class='ocr_page' id='page_1' title='image "./historiarumli03livyuoft_0191.png"; bbox 0 0 1960 3218; ppageno 0'>
   <div class='ocr_carea' id='block_1_1' title="bbox 379 669 1368 727">
    <p class='ocr_par' dir='ltr' id='par_1_1' title="bbox 379 669 1368 727">
     <span class='ocr_line' id='line_1_1' title="bbox 379 669 1368 727; baseline -0.006 0"><span class='ocrx_word' id='word_1_1' title='bbox 379 672 750 727; x_wconf 86' lang='lat' dir='ltr'>EPITOME</span> <span class='ocrx_word' id='word_1_2' title='bbox 813 671 954 725; x_wconf 87' lang='lat' dir='ltr'><em>LIB</em></span> <span class='ocrx_word' id='word_1_3' title='bbox 970 671 1059 724; x_wconf 77' lang='lat' dir='ltr'><em>RI</em></span> <span class='ocrx_word' id='word_1_4' title='bbox 1120 669 1368 724; x_wconf 88' lang='lat' dir='ltr'>XXXV.</span> 
     </span>
    </p>
   </div>
   <div class='ocr_carea' id='block_1_2' title="bbox 176 1033 1585 2534">
    <p class='ocr_par' dir='ltr' id='par_1_2' title="bbox 176 1033 1585 2534">
     <span class='ocr_line' id='line_1_2' title="bbox 176 1033 1576 1088; baseline -0.001 -13"><span class='ocrx_word' id='word_1_5' title='bbox 176 1035 226 1075; x_wconf 93' lang='lat' dir='ltr'><em>P.</em></span> <span class='ocrx_word' id='word_1_6' title='bbox 256 1034 468 1076; x_wconf 81' lang='lat' dir='ltr'><strong><em>SCIPIO</em></strong></span> <span class='ocrx_word' id='word_1_7' title='bbox 492 1034 868 1075; x_wconf 79' lang='lat' dir='ltr'><em>AFRICANUS</em></span> <span class='ocrx_word' id='word_1_8' title='bbox 893 1034 1046 1088; x_wconf 70' lang='lat' dir='ltr'><em>leyatus</em></span> <span class='ocrx_word' id='word_1_9' title='bbox 1073 1035 1130 1074; x_wconf 77' lang='lat' dir='ltr'><em>acl</em></span> <span class='ocrx_word' id='word_1_10' title='bbox 1154 1034 1398 1074; x_wconf 75' lang='lat' dir='ltr'><em>Antiochum</em></span> <span class='ocrx_word' id='word_1_11' title='bbox 1420 1033 1576 1088; x_wconf 75' lang='lat' dir='ltr'><em>Ephesi</em></span> 
     </span>
     <span class='ocr_line' id='line_1_3' title="bbox 177 1092 1573 1147; baseline -0.002 -14"><span class='ocrx_word' id='word_1_12' title='bbox 177 1108 265 1133; x_wconf 85' lang='lat' dir='ltr'><em>cum</em></span> <span class='ocrx_word' id='word_1_13' title='bbox 289 1093 535 1141; x_wconf 82' lang='lat' dir='ltr'><em>IIannibale,</em></span> <span class='ocrx_word' id='word_1_14' title='bbox 559 1094 629 1147; x_wconf 84' lang='lat' dir='ltr'><em>qui</em></span> <span class='ocrx_word' id='word_1_15' title='bbox 655 1107 694 1132; x_wconf 85' lang='lat' dir='ltr'><em>se</em></span> <span class='ocrx_word' id='word_1_16' title='bbox 714 1092 912 1132; x_wconf 73' lang='lat' dir='ltr'><em>Antiocho</em></span> <span class='ocrx_word' id='word_1_17' title='bbox 943 1094 1140 1141; x_wconf 70' lang='lat' dir='ltr'><em>iunxerat,</em></span> <span class='ocrx_word' id='word_1_18' title='bbox 1165 1093 1378 1132; x_wconf 85' lang='lat' dir='ltr'><em>collocutus</em></span> <span class='ocrx_word' id='word_1_19' title='bbox 1402 1098 1485 1140; x_wconf 84' lang='lat' dir='ltr'><em>est,·</em></span> <span class='ocrx_word' id='word_1_20' title='bbox 1517 1097 1573 1139; x_wconf 86' lang='lat' dir='ltr'><em>ut,</em></span> 
     </span>
     <span class='ocr_line' id='line_1_4' title="bbox 177 1151 1574 1204; baseline -0.001 -14"><span class='ocrx_word' id='word_1_21' title='bbox 177 1152 323 1203; x_wconf 81' lang='lat' dir='ltr'><em>sifieri</em></span> <span class='ocrx_word' id='word_1_22' title='bbox 335 1156 480 1204; x_wconf 76' lang='lat' dir='ltr'><em>posset,</em></span> <span class='ocrx_word' id='word_1_23' title='bbox 505 1157 648 1190; x_wconf 87' lang='lat' dir='ltr'><em>metum</em></span> <span class='ocrx_word' id='word_1_24' title='bbox 671 1151 716 1199; x_wconf 87' lang='lat' dir='ltr'><em>ei,</em></span> <span class='ocrx_word' id='word_1_25' title='bbox 740 1165 853 1204; x_wconf 78' lang='lat' dir='ltr'><em>quem</em></span> <span class='ocrx_word' id='word_1_26' title='bbox 884 1165 930 1189; x_wconf 72' lang='lat' dir='ltr'><em>ea:</em></span> <span class='ocrx_word' id='word_1_27' title='bbox 954 1151 1104 1204; x_wconf 80' lang='lat' dir='ltr'><em>populo</em></span> <span class='ocrx_word' id='word_1_28' title='bbox 1126 1151 1310 1190; x_wconf 81' lang='lat' dir='ltr'><em>Romano</em></span> <span class='ocrx_word' id='word_1_29' title='bbox 1332 1155 1574 1203; x_wconf 79' lang='lat' dir='ltr'><em>conceperat,</em></span> 
     </span>
     <span class='ocr_line' id='line_1_5' title="bbox 178 1208 1577 1262; baseline -0.002 -14"><span class='ocrx_word' id='word_1_30' title='bbox 178 1210 370 1248; x_wconf 62' lang='lat' dir='ltr'><em>eximeret.</em></span> <span class='ocrx_word' id='word_1_31' title='bbox 434 1208 547 1247; x_wconf 88' lang='lat' dir='ltr'><em>Inter</em></span> <span class='ocrx_word' id='word_1_32' title='bbox 567 1208 650 1247; x_wconf 86' lang='lat' dir='ltr'><em>alia</em></span> <span class='ocrx_word' id='word_1_33' title='bbox 676 1222 797 1262; x_wconf 80' lang='lat' dir='ltr'><em>quum</em></span> <span class='ocrx_word' id='word_1_34' title='bbox 823 1214 1040 1262; x_wconf 81' lang='lat' dir='ltr'><em>quaereret,</em></span> <span class='ocrx_word' id='word_1_35' title='bbox 1063 1223 1177 1262; x_wconf 80' lang='lat' dir='ltr'><em>quem</em></span> <span class='ocrx_word' id='word_1_36' title='bbox 1195 1209 1331 1261; x_wconf 79' lang='lat' dir='ltr'><em>fuisse</em></span> <span class='ocrx_word' id='word_1_37' title='bbox 1359 1209 1577 1247; x_wconf 72' lang='lat' dir='ltr'><em>maximum</em></span> 
     </span>
     <span class='ocr_line' id='line_1_6' title="bbox 179 1263 1577 1320; baseline -0.001 -15"><span class='ocrx_word' id='word_1_38' title='bbox 179 1268 454 1320; x_wconf 76' lang='lat' dir='ltr'><em>imperatorem</em></span> <span class='ocrx_word' id='word_1_39' title='bbox 471 1265 687 1305; x_wconf 75' lang='lat' dir='ltr'><em>Hannibal</em></span> <span class='ocrx_word' id='word_1_40' title='bbox 706 1265 889 1313; x_wconf 84' lang='lat' dir='ltr'><em>crederet,</em></span> <span class='ocrx_word' id='word_1_41' title='bbox 908 1266 1135 1319; x_wconf 78' lang='lat' dir='ltr'><em>respondit:</em></span> <span class='ocrx_word' id='word_1_42' title='bbox 1172 1264 1465 1306; x_wconf 82' lang='lat' dir='ltr'><em>Alexandrum</em></span> <span class='ocrx_word' id='word_1_43' title='bbox 1480 1263 1577 1304; x_wconf 88' lang='lat' dir='ltr'><em>Ma-</em></span> 
     </span>
     <span class='ocr_line' id='line_1_7' title="bbox 179 1321 1578 1378; baseline -0.002 -14"><span class='ocrx_word' id='word_1_44' title='bbox 179 1323 388 1364; x_wconf 86' lang='lat' dir='ltr'><em>cedonum</em></span> <span class='ocrx_word' id='word_1_45' title='bbox 410 1337 564 1378; x_wconf 81' lang='lat' dir='ltr'><em>regem,</em></span> <span class='ocrx_word' id='word_1_46' title='bbox 584 1322 699 1378; x_wconf 85' lang='lat' dir='ltr'><em>quod</em></span> <span class='ocrx_word' id='word_1_47' title='bbox 720 1337 848 1377; x_wconf 85' lang='lat' dir='ltr'><em>parva</em></span> <span class='ocrx_word' id='word_1_48' title='bbox 868 1337 996 1362; x_wconf 83' lang='lat' dir='ltr'><em>manu</em></span> <span class='ocrx_word' id='word_1_49' title='bbox 1018 1322 1345 1363; x_wconf 83' lang='lat' dir='ltr'><em>innumerabiles</em></span> <span class='ocrx_word' id='word_1_50' title='bbox 1367 1321 1578 1364; x_wconf 83' lang='lat' dir='ltr'><em>exereitus</em></span> 
     </span>
     <span class='ocr_line' id='line_1_8' title="bbox 178 1379 1579 1438; baseline -0.001 -17"><span class='ocrx_word' id='word_1_51' title='bbox 178 1380 380 1429; x_wconf 85' lang='lat' dir='ltr'><em>fudisset3</em></span> <span class='ocrx_word' id='word_1_52' title='bbox 424 1379 625 1436; x_wconf 89' lang='lat' dir='ltr'><em>quodque</em></span> <span class='ocrx_word' id='word_1_53' title='bbox 659 1379 828 1420; x_wconf 83' lang='lat' dir='ltr'><em>ultimas</em></span> <span class='ocrx_word' id='word_1_54' title='bbox 861 1394 963 1429; x_wconf 88' lang='lat' dir='ltr'><em>oras,</em></span> <span class='ocrx_word' id='word_1_55' title='bbox 997 1395 1099 1437; x_wconf 85' lang='lat' dir='ltr'><em>quas</em></span> <span class='ocrx_word' id='word_1_56' title='bbox 1134 1380 1266 1421; x_wconf 86' lang='lat' dir='ltr'><em>visere</em></span> <span class='ocrx_word' id='word_1_57' title='bbox 1302 1395 1428 1438; x_wconf 84' lang='lat' dir='ltr'><em>supra</em></span> <span class='ocrx_word' id='word_1_58' title='bbox 1460 1393 1579 1435; x_wconf 84' lang='lat' dir='ltr'><em>spem</em></span> 
     </span>
     <span class='ocr_line' id='line_1_9' title="bbox 178 1438 1580 1494; baseline -0.001 -15"><span class='ocrx_word' id='word_1_59' title='bbox 178 1438 407 1479; x_wconf 77' lang='lat' dir='ltr'><em>humanam</em></span> <span class='ocrx_word' id='word_1_60' title='bbox 428 1446 547 1487; x_wconf 87' lang='lat' dir='ltr'><em>esset,</em></span> <span class='ocrx_word' id='word_1_61' title='bbox 570 1445 839 1494; x_wconf 80' lang='lat' dir='ltr'><em>peragrasset.</em></span> <span class='ocrx_word' id='word_1_62' title='bbox 894 1438 1116 1488; x_wconf 73' lang='lat' dir='ltr'><em>Quaerenti</em></span> <span class='ocrx_word' id='word_1_63' title='bbox 1133 1440 1282 1488; x_wconf 81' lang='lat' dir='ltr'><em>deinde,</em></span> <span class='ocrx_word' id='word_1_64' title='bbox 1307 1454 1420 1494; x_wconf 80' lang='lat' dir='ltr'><em>quem</em></span> <span class='ocrx_word' id='word_1_65' title='bbox 1442 1452 1580 1478; x_wconf 86' lang='lat' dir='ltr'><em>secun-</em></span> 
     </span>
     <span class='ocr_line' id='line_1_10' title="bbox 180 1495 1581 1552; baseline 0 -16"><span class='ocrx_word' id='word_1_66' title='bbox 180 1498 275 1536; x_wconf 85' lang='lat' dir='ltr'><em>dum</em></span> <span class='ocrx_word' id='word_1_67' title='bbox 301 1503 475 1551; x_wconf 78' lang='lat' dir='ltr'><em>poneret,</em></span> <span class='ocrx_word' id='word_1_68' title='bbox 499 1495 723 1552; x_wconf 81' lang='lat' dir='ltr'><em>Pyrrhum,</em></span> <span class='ocrx_word' id='word_1_69' title='bbox 747 1498 887 1550; x_wconf 76' lang='lat' dir='ltr'><em>inquit,</em></span> <span class='ocrx_word' id='word_1_70' title='bbox 911 1504 1043 1537; x_wconf 83' lang='lat' dir='ltr'><em>castra</em></span> <span class='ocrx_word' id='word_1_71' title='bbox 1068 1496 1216 1539; x_wconf 83' lang='lat' dir='ltr'><em>metari</em></span> <span class='ocrx_word' id='word_1_72' title='bbox 1243 1496 1427 1552; x_wconf 88' lang='lat' dir='ltr'><em>primum</em></span> <span class='ocrx_word' id='word_1_73' title='bbox 1449 1495 1581 1536; x_wconf 88' lang='lat' dir='ltr'><em>docu-</em></span> 
     </span>
     <span class='ocr_line' id='line_1_11' title="bbox 180 1553 1580 1610; baseline -0.001 -15"><span class='ocrx_word' id='word_1_74' title='bbox 180 1554 282 1595; x_wconf 82' lang='lat' dir='ltr'><em>isse:</em></span> <span class='ocrx_word' id='word_1_75' title='bbox 322 1553 376 1595; x_wconf 82' lang='lat' dir='ltr'><em>ad</em></span> <span class='ocrx_word' id='word_1_76' title='bbox 408 1553 489 1595; x_wconf 90' lang='lat' dir='ltr'><em>hoc</em></span> <span class='ocrx_word' id='word_1_77' title='bbox 522 1553 738 1594; x_wconf 88' lang='lat' dir='ltr'><em>neminem</em></span> <span class='ocrx_word' id='word_1_78' title='bbox 773 1553 1006 1609; x_wconf 79' lang='lat' dir='ltr'><em>elegantius</em></span> <span class='ocrx_word' id='word_1_79' title='bbox 1041 1553 1133 1595; x_wconf 84' lang='lat' dir='ltr'>loca</span> <span class='ocrx_word' id='word_1_80' title='bbox 1168 1554 1340 1610; x_wconf 82' lang='lat' dir='ltr'><em>cepisse,</em></span> <span class='ocrx_word' id='word_1_81' title='bbox 1372 1553 1580 1609; x_wconf 83' lang='lat' dir='ltr'><em>praesidia</em></span> 
     </span>
     <span class='ocr_line' id='line_1_12' title="bbox 182 1611 1580 1667; baseline -0.001 -15"><span class='ocrx_word' id='word_1_82' title='bbox 182 1611 445 1667; x_wconf 79' lang='lat' dir='ltr'><em>disposuisse.</em></span> <span class='ocrx_word' id='word_1_83' title='bbox 507 1613 764 1666; x_wconf 69' lang='lat' dir='ltr'><em>Exsequenti,</em></span> <span class='ocrx_word' id='word_1_84' title='bbox 788 1627 901 1666; x_wconf 82' lang='lat' dir='ltr'><em>quem</em></span> <span class='ocrx_word' id='word_1_85' title='bbox 930 1614 1088 1652; x_wconf 86' lang='lat' dir='ltr'><em>tertium</em></span> <span class='ocrx_word' id='word_1_86' title='bbox 1109 1613 1264 1661; x_wconf 81' lang='lat' dir='ltr'><em>diceret,</em></span> <span class='ocrx_word' id='word_1_87' title='bbox 1289 1620 1421 1652; x_wconf 86' lang='lat' dir='ltr'><em>semet</em></span> <span class='ocrx_word' id='word_1_88' title='bbox 1441 1611 1580 1667; x_wconf 87' lang='lat' dir='ltr'><em>ipsum</em></span> 
     </span>
     <span class='ocr_line' id='line_1_13' title="bbox 182 1668 1578 1724; baseline -0.001 -15"><span class='ocrx_word' id='word_1_89' title='bbox 182 1671 291 1710; x_wconf 58' lang='lat' dir='ltr'><em>dimit.</em></span> <span class='ocrx_word' id='word_1_90' title='bbox 355 1671 508 1710; x_wconf 78' lang='lat' dir='ltr'><em>Ridens</em></span> <span class='ocrx_word' id='word_1_91' title='bbox 544 1670 690 1723; x_wconf 74' lang='lat' dir='ltr'><em>Scipio,</em></span> <span class='ocrx_word' id='word_1_92' title='bbox 725 1668 942 1717; x_wconf 80' lang='lat' dir='ltr'>Quidnam</span> <span class='ocrx_word' id='word_1_93' title='bbox 974 1677 1020 1710; x_wconf 88' lang='lat' dir='ltr'><em>tu</em></span> <span class='ocrx_word' id='word_1_94' title='bbox 1051 1669 1224 1719; x_wconf 84' lang='lat' dir='ltr'><em>diceres,</em></span> <span class='ocrx_word' id='word_1_95' title='bbox 1258 1669 1291 1710; x_wconf 80' lang='lat' dir='ltr'><em>si</em></span> <span class='ocrx_word' id='word_1_96' title='bbox 1325 1684 1404 1718; x_wconf 87' lang='lat' dir='ltr'><em>me,</em></span> <span class='ocrx_word' id='word_1_97' title='bbox 1437 1671 1578 1724; x_wconf 80' lang='lat' dir='ltr'><em>inquit,</em></span> 
     </span>
     <span class='ocr_line' id='line_1_14' title="bbox 181 1726 1582 1781; baseline -0.001 -13"><span class='ocrx_word' id='word_1_98' title='bbox 181 1727 380 1768; x_wconf 82' lang='lat' dir='ltr'><em>vicisses?</em></span> <span class='ocrx_word' id='word_1_99' title='bbox 441 1727 566 1768; x_wconf 85' lang='lat' dir='ltr'><strong>Tunc</strong></span> <span class='ocrx_word' id='word_1_100' title='bbox 591 1742 702 1776; x_wconf 83' lang='lat' dir='ltr'><em>vero,</em></span> <span class='ocrx_word' id='word_1_101' title='bbox 730 1729 871 1781; x_wconf 82' lang='lat' dir='ltr'><em>inquit,</em></span> <span class='ocrx_word' id='word_1_102' title='bbox 901 1742 968 1767; x_wconf 87' lang='lat' dir='ltr'><em>me</em></span> <span class='ocrx_word' id='word_1_103' title='bbox 1000 1735 1042 1768; x_wconf 89' lang='lat' dir='ltr'><em>et</em></span> <span class='ocrx_word' id='word_1_104' title='bbox 1072 1736 1168 1769; x_wconf 81' lang='lat' dir='ltr'><em>ante</em></span> <span class='ocrx_word' id='word_1_105' title='bbox 1201 1726 1508 1777; x_wconf 80' lang='lat' dir='ltr'><em>Alexandrum,</em></span> <span class='ocrx_word' id='word_1_106' title='bbox 1538 1734 1582 1767; x_wconf 86' lang='lat' dir='ltr'><em>et</em></span> 
     </span>
     <span class='ocr_line' id='line_1_15' title="bbox 183 1784 1581 1842; baseline -0.001 -16"><span class='ocrx_word' id='word_1_107' title='bbox 183 1793 279 1826; x_wconf 86' lang='lat' dir='ltr'><em>ante</em></span> <span class='ocrx_word' id='word_1_108' title='bbox 302 1784 526 1842; x_wconf 85' lang='lat' dir='ltr'><em>Pyrrhum,</em></span> <span class='ocrx_word' id='word_1_109' title='bbox 554 1793 596 1826; x_wconf 85' lang='lat' dir='ltr'><em>et</em></span> <span class='ocrx_word' id='word_1_110' title='bbox 624 1793 720 1825; x_wconf 86' lang='lat' dir='ltr'><em>ante</em></span> <span class='ocrx_word' id='word_1_111' title='bbox 749 1784 850 1825; x_wconf 82' lang='lat' dir='ltr'><em>alios</em></span> <span class='ocrx_word' id='word_1_112' title='bbox 881 1784 1123 1840; x_wconf 87' lang='lat' dir='ltr'><em>posuissem.</em></span> <span class='ocrx_word' id='word_1_113' title='bbox 1187 1786 1300 1826; x_wconf 80' lang='lat' dir='ltr'><em>Inter</em></span> <span class='ocrx_word' id='word_1_114' title='bbox 1330 1792 1457 1825; x_wconf 85' lang='lat' dir='ltr'><em>cetera</em></span> <span class='ocrx_word' id='word_1_115' title='bbox 1481 1799 1581 1839; x_wconf 79' lang='lat' dir='ltr'><em>pro-</em></span> 
     </span>
     <span class='ocr_line' id='line_1_16' title="bbox 182 1843 1581 1898; baseline 0 -15"><span class='ocrx_word' id='word_1_116' title='bbox 182 1845 306 1898; x_wconf 68' lang='lat' dir='ltr'><em>(liqia,</em></span> <span class='ocrx_word' id='word_1_117' title='bbox 329 1859 431 1898; x_wconf 82' lang='lat' dir='ltr'><em>quae</em></span> <span class='ocrx_word' id='word_1_118' title='bbox 444 1844 627 1897; x_wconf 77' lang='lat' dir='ltr'><em>plurima</em></span> <span class='ocrx_word' id='word_1_119' title='bbox 636 1844 772 1897; x_wconf 77' lang='lat' dir='ltr'><em>ficisse</em></span> <span class='ocrx_word' id='word_1_120' title='bbox 794 1843 1025 1892; x_wconf 80' lang='lat' dir='ltr'><em>traduntur,</em></span> <span class='ocrx_word' id='word_1_121' title='bbox 1048 1844 1179 1883; x_wconf 79' lang='lat' dir='ltr'><em>bovem</em></span> <span class='ocrx_word' id='word_1_122' title='bbox 1204 1843 1275 1884; x_wconf 86' lang='lat' dir='ltr'><em>Cn.</em></span> <span class='ocrx_word' id='word_1_123' title='bbox 1294 1844 1470 1884; x_wconf 82' lang='lat' dir='ltr'><em>Domitii</em></span> <span class='ocrx_word' id='word_1_124' title='bbox 1490 1858 1581 1883; x_wconf 91' lang='lat' dir='ltr'><em>con-</em></span> 
     </span>
     <span class='ocr_line' id='line_1_17' title="bbox 183 1900 1582 1956; baseline -0.001 -14"><span class='ocrx_word' id='word_1_125' title='bbox 183 1902 281 1942; x_wconf 78' lang='lat' dir='ltr'><em>sulis</em></span> <span class='ocrx_word' id='word_1_126' title='bbox 303 1902 486 1949; x_wconf 84' lang='lat' dir='ltr'><em>locutum,</em></span> <span class='ocrx_word' id='word_1_127' title='bbox 512 1900 651 1941; x_wconf 82' lang='lat' dir='ltr'><em>Roma</em></span> <span class='ocrx_word' id='word_1_128' title='bbox 677 1915 776 1941; x_wconf 82' lang='lat' dir='ltr'><em>cave</em></span> <span class='ocrx_word' id='word_1_129' title='bbox 809 1900 898 1949; x_wconf 86' lang='lat' dir='ltr'><em>tibi,</em></span> <span class='ocrx_word' id='word_1_130' title='bbox 926 1902 1110 1955; x_wconf 83' lang='lat' dir='ltr'><em>refertur.</em></span> <span class='ocrx_word' id='word_1_131' title='bbox 1173 1902 1397 1956; x_wconf 81' lang='lat' dir='ltr'><em>Apparant</em></span> <span class='ocrx_word' id='word_1_132' title='bbox 1425 1903 1466 1942; x_wconf 85' lang='lat' dir='ltr'><em>in</em></span> <span class='ocrx_word' id='word_1_133' title='bbox 1491 1901 1582 1941; x_wconf 86' lang='lat' dir='ltr'><em>An-</em></span> 
     </span>
     <span class='ocr_line' id='line_1_18' title="bbox 185 1959 1579 2014; baseline -0.001 -15"><span class='ocrx_word' id='word_1_134' title='bbox 185 1960 355 2000; x_wconf 84' lang='lat' dir='ltr'><em>tiochum</em></span> <span class='ocrx_word' id='word_1_135' title='bbox 377 1960 517 1999; x_wconf 83' lang='lat' dir='ltr'><em>bellum</em></span> <span class='ocrx_word' id='word_1_136' title='bbox 540 1960 727 1999; x_wconf 78' lang='lat' dir='ltr'><em>Romani.</em></span> <span class='ocrx_word' id='word_1_137' title='bbox 788 1959 919 2000; x_wconf 70' lang='lat' dir='ltr'><em>Nabis</em></span> <span class='ocrx_word' id='word_1_138' title='bbox 939 1959 1346 2000; x_wconf 75' lang='lat' dir='ltr'><em>Lacedaemoniorum</em></span> <span class='ocrx_word' id='word_1_139' title='bbox 1369 1966 1579 2014; x_wconf 74' lang='lat' dir='ltr'><em>tyrannus,</em></span> 
     </span>
     <span class='ocr_line' id='line_1_19' title="bbox 184 2017 1582 2071; baseline -0.001 -14"><span class='ocrx_word' id='word_1_140' title='bbox 184 2019 373 2057; x_wconf 78' lang='lat' dir='ltr'><em>incitatus</em></span> <span class='ocrx_word' id='word_1_141' title='bbox 394 2018 444 2056; x_wconf 79' lang='lat' dir='ltr'><em>ab</em></span> <span class='ocrx_word' id='word_1_142' title='bbox 465 2017 629 2065; x_wconf 82' lang='lat' dir='ltr'><em>Aetolis,</em></span> <span class='ocrx_word' id='word_1_143' title='bbox 652 2018 723 2071; x_wconf 82' lang='lat' dir='ltr'><em>qui</em></span> <span class='ocrx_word' id='word_1_144' title='bbox 741 2023 779 2056; x_wconf 85' lang='lat' dir='ltr'><em>et</em></span> <span class='ocrx_word' id='word_1_145' title='bbox 798 2017 1034 2070; x_wconf 72' lang='lat' dir='ltr'><em>Philippum</em></span> <span class='ocrx_word' id='word_1_146' title='bbox 1062 2024 1100 2057; x_wconf 88' lang='lat' dir='ltr'><em>et</em></span> <span class='ocrx_word' id='word_1_147' title='bbox 1122 2018 1363 2057; x_wconf 74' lang='lat' dir='ltr'><em>Antiochum</em></span> <span class='ocrx_word' id='word_1_148' title='bbox 1396 2018 1452 2056; x_wconf 79' lang='lat' dir='ltr'><em>ad</em></span> <span class='ocrx_word' id='word_1_149' title='bbox 1480 2018 1582 2070; x_wconf 83' lang='lat' dir='ltr'><em>infe-</em></span> 
     </span>
     <span class='ocr_line' id='line_1_20' title="bbox 186 2075 1582 2130; baseline 0 -16"><span class='ocrx_word' id='word_1_150' title='bbox 186 2076 351 2114; x_wconf 79' lang='lat' dir='ltr'><em>rendum</em></span> <span class='ocrx_word' id='word_1_151' title='bbox 369 2075 509 2114; x_wconf 78' lang='lat' dir='ltr'><em>bellum</em></span> <span class='ocrx_word' id='word_1_152' title='bbox 525 2075 675 2128; x_wconf 76' lang='lat' dir='ltr'><em>populo</em></span> <span class='ocrx_word' id='word_1_153' title='bbox 689 2075 872 2113; x_wconf 82' lang='lat' dir='ltr'><em>Romano</em></span> <span class='ocrx_word' id='word_1_154' title='bbox 893 2075 1170 2123; x_wconf 70' lang='lat' dir='ltr'><em>sollicitabant,</em></span> <span class='ocrx_word' id='word_1_155' title='bbox 1189 2090 1215 2114; x_wconf 89' lang='lat' dir='ltr'><em>a</em></span> <span class='ocrx_word' id='word_1_156' title='bbox 1231 2076 1381 2130; x_wconf 74' lang='lat' dir='ltr'><em>populo</em></span> <span class='ocrx_word' id='word_1_157' title='bbox 1398 2075 1582 2114; x_wconf 82' lang='lat' dir='ltr'><em>Romano</em></span> 
     </span>
     <span class='ocr_line' id='line_1_21' title="bbox 187 2132 1583 2186; baseline 0 -15"><span class='ocrx_word' id='word_1_158' title='bbox 187 2133 371 2172; x_wconf 80' lang='lat' dir='ltr'><em>descivit:</em></span> <span class='ocrx_word' id='word_1_159' title='bbox 404 2138 452 2180; x_wconf 85' lang='lat' dir='ltr'><em>et,</em></span> <span class='ocrx_word' id='word_1_160' title='bbox 482 2133 577 2171; x_wconf 84' lang='lat' dir='ltr'><em>bello</em></span> <span class='ocrx_word' id='word_1_161' title='bbox 605 2133 796 2171; x_wconf 73' lang='lat' dir='ltr'><em>adversus</em></span> <span class='ocrx_word' id='word_1_162' title='bbox 816 2132 1159 2186; x_wconf 72' lang='lat' dir='ltr'><em>Philopoemenem</em></span> <span class='ocrx_word' id='word_1_163' title='bbox 1179 2133 1434 2175; x_wconf 84' lang='lat' dir='ltr'><em>Achaeorum</em></span> <span class='ocrx_word' id='word_1_164' title='bbox 1458 2147 1583 2186; x_wconf 81' lang='lat' dir='ltr'><em>prae-</em></span> 
     </span>
     <span class='ocr_line' id='line_1_22' title="bbox 188 2189 1583 2244; baseline -0.001 -14"><span class='ocrx_word' id='word_1_165' title='bbox 188 2196 309 2230; x_wconf 85' lang='lat' dir='ltr'><em>torem</em></span> <span class='ocrx_word' id='word_1_166' title='bbox 325 2196 446 2244; x_wconf 63' lang='lat' dir='ltr'><em>sscsto,</em></span> <span class='ocrx_word' id='word_1_167' title='bbox 462 2190 511 2229; x_wconf 81' lang='lat' dir='ltr'><em>al)</em></span> <span class='ocrx_word' id='word_1_168' title='bbox 532 2189 684 2229; x_wconf 80' lang='lat' dir='ltr'><em>Aetolis</em></span> <span class='ocrx_word' id='word_1_169' title='bbox 704 2195 741 2229; x_wconf 84' lang='lat' dir='ltr'><em>et</em></span> <span class='ocrx_word' id='word_1_170' title='bbox 760 2190 810 2228; x_wconf 76' lang='lat' dir='ltr'><em>ab</em></span> <span class='ocrx_word' id='word_1_171' title='bbox 825 2189 862 2229; x_wconf 92' lang='lat' dir='ltr'><em>A</em></span> <span class='ocrx_word' id='word_1_172' title='bbox 869 2190 1066 2229; x_wconf 67' lang='lat' dir='ltr'><em>leoeameno</em></span> <span class='ocrx_word' id='word_1_173' title='bbox 1085 2191 1183 2232; x_wconf 78' lang='lat' dir='ltr'><em>(luce</em></span> <span class='ocrx_word' id='word_1_174' title='bbox 1198 2205 1331 2230; x_wconf 89' lang='lat' dir='ltr'><em>eorum</em></span> <span class='ocrx_word' id='word_1_175' title='bbox 1353 2191 1583 2243; x_wconf 72' lang='lat' dir='ltr'><em>interfectus</em></span> 
     </span>
     <span class='ocr_line' id='line_1_23' title="bbox 188 2247 1580 2302; baseline -0.001 -14"><span class='ocrx_word' id='word_1_176' title='bbox 188 2254 254 2288; x_wconf 83' lang='lat' dir='ltr'><em>est.</em></span> <span class='ocrx_word' id='word_1_177' title='bbox 316 2248 450 2288; x_wconf 87' lang='lat' dir='ltr'><em>Aetoli</em></span> <span class='ocrx_word' id='word_1_178' title='bbox 484 2262 635 2302; x_wconf 77' lang='lat' dir='ltr'><em>quoque</em></span> <span class='ocrx_word' id='word_1_179' title='bbox 669 2247 719 2286; x_wconf 79' lang='lat' dir='ltr'><em>ab</em></span> <span class='ocrx_word' id='word_1_180' title='bbox 755 2249 932 2286; x_wconf 82' lang='lat' dir='ltr'><em>amicitia</em></span> <span class='ocrx_word' id='word_1_181' title='bbox 958 2249 1104 2301; x_wconf 73' lang='lat' dir='ltr'><em>populi</em></span> <span class='ocrx_word' id='word_1_182' title='bbox 1132 2249 1310 2288; x_wconf 82' lang='lat' dir='ltr'><em>Romani</em></span> <span class='ocrx_word' id='word_1_183' title='bbox 1343 2249 1580 2300; x_wconf 69' lang='lat' dir='ltr'><em>defecerunt.</em></span> 
     </span>
     <span class='ocr_line' id='line_1_24' title="bbox 196 2305 1584 2360; baseline -0.001 -14"><span class='ocrx_word' id='word_1_184' title='bbox 196 2305 297 2346; x_wconf 87' lang='lat' dir='ltr'><em>Cum</em></span> <span class='ocrx_word' id='word_1_185' title='bbox 319 2306 459 2360; x_wconf 75' lang='lat' dir='ltr'><em>quibus</em></span> <span class='ocrx_word' id='word_1_186' title='bbox 480 2307 660 2345; x_wconf 83' lang='lat' dir='ltr'><em>societate</em></span> <span class='ocrx_word' id='word_1_187' title='bbox 680 2307 828 2354; x_wconf 83' lang='lat' dir='ltr'><em>iuncta,</em></span> <span class='ocrx_word' id='word_1_188' title='bbox 848 2305 1070 2349; x_wconf 81' lang='lat' dir='ltr'><em>Antiochus</em></span> <span class='ocrx_word' id='word_1_189' title='bbox 1096 2305 1240 2360; x_wconf 60' lang='lat' dir='ltr'><em>Syriae</em></span> <span class='ocrx_word' id='word_1_190' title='bbox 1262 2321 1340 2354; x_wconf 71' lang='lat' dir='ltr'><em>rex,</em></span> <span class='ocrx_word' id='word_1_191' title='bbox 1364 2320 1485 2360; x_wconf 82' lang='lat' dir='ltr'><em>quum</em></span> <span class='ocrx_word' id='word_1_192' title='bbox 1507 2306 1584 2345; x_wconf 82' lang='lat' dir='ltr'><em>bel-</em></span> 
     </span>
     <span class='ocr_line' id='line_1_25' title="bbox 190 2363 1585 2418; baseline -0.001 -15"><span class='ocrx_word' id='word_1_193' title='bbox 190 2364 271 2403; x_wconf 88' lang='lat' dir='ltr'><em>lum</em></span> <span class='ocrx_word' id='word_1_194' title='bbox 295 2364 492 2404; x_wconf 83' lang='lat' dir='ltr'><em>Graeciae</em></span> <span class='ocrx_word' id='word_1_195' title='bbox 512 2364 718 2411; x_wconf 74' lang='lat' dir='ltr'><em>intulis-set,</em></span> <span class='ocrx_word' id='word_1_196' title='bbox 738 2363 956 2417; x_wconf 74' lang='lat' dir='ltr'><em>complures</em></span> <span class='ocrx_word' id='word_1_197' title='bbox 973 2363 1086 2403; x_wconf 71' lang='lat' dir='ltr'><em>urbes</em></span> <span class='ocrx_word' id='word_1_198' title='bbox 1102 2366 1333 2418; x_wconf 75' lang='lat' dir='ltr'><em>occupavit.-</em></span> <span class='ocrx_word' id='word_1_199' title='bbox 1361 2365 1463 2403; x_wconf 72' lang='lat' dir='ltr'><em>‘inter</em></span> <span class='ocrx_word' id='word_1_200' title='bbox 1483 2378 1585 2418; x_wconf 81' lang='lat' dir='ltr'><em>quas</em></span> 
     </span>
     <span class='ocr_line' id='line_1_26' title="bbox 197 2421 1584 2476; baseline 0 -15"><span class='ocrx_word' id='word_1_201' title='bbox 197 2421 438 2470; x_wconf 77' lang='lat' dir='ltr'><em>Chalcidem,</em></span> <span class='ocrx_word' id='word_1_202' title='bbox 466 2428 502 2460; x_wconf 87' lang='lat' dir='ltr'><em>et</em></span> <span class='ocrx_word' id='word_1_203' title='bbox 528 2427 649 2460; x_wconf 85' lang='lat' dir='ltr'><em>totam</em></span> <span class='ocrx_word' id='word_1_204' title='bbox 671 2421 890 2460; x_wconf 82' lang='lat' dir='ltr'><em>Euboeam.</em></span> <span class='ocrx_word' id='word_1_205' title='bbox 955 2421 1035 2460; x_wconf 82' lang='lat' dir='ltr'><em>Res</em></span> <span class='ocrx_word' id='word_1_206' title='bbox 1059 2428 1271 2475; x_wconf 78' lang='lat' dir='ltr'><em>praetcrea</em></span> <span class='ocrx_word' id='word_1_207' title='bbox 1300 2423 1341 2462; x_wconf 85' lang='lat' dir='ltr'><em>in</em></span> <span class='ocrx_word' id='word_1_208' title='bbox 1362 2421 1584 2476; x_wconf 71' lang='lat' dir='ltr'><em>Liquribus</em></span> 
     </span>
     <span class='ocr_line' id='line_1_27' title="bbox 187 2479 1242 2534; baseline 0.002 -16"><span class='ocrx_word' id='word_1_209' title='bbox 187 2486 320 2533; x_wconf 63' lang='lat' dir='ltr'><em>(festas</em></span> <span class='ocrx_word' id='word_1_210' title='bbox 340 2485 378 2520; x_wconf 84' lang='lat' dir='ltr'><em>et</em></span> <span class='ocrx_word' id='word_1_211' title='bbox 396 2485 642 2534; x_wconf 72' lang='lat' dir='ltr'><em>apparatura</em></span> <span class='ocrx_word' id='word_1_212' title='bbox 663 2479 753 2518; x_wconf 81' lang='lat' dir='ltr'><em>belli</em></span> <span class='ocrx_word' id='word_1_213' title='bbox 772 2479 821 2518; x_wconf 81' lang='lat' dir='ltr'><em>ab</em></span> <span class='ocrx_word' id='word_1_214' title='bbox 843 2479 1041 2520; x_wconf 84' lang='lat' dir='ltr'><em>Antiocho</em></span> <span class='ocrx_word' id='word_1_215' title='bbox 1063 2481 1242 2520; x_wconf 80' lang='lat' dir='ltr'><em>continet.</em></span> 
     </span>
    </p>
   </div>
  </div>
 </body>
</html>
