1960 3218
532 142 661 184 LIB.
695 140 919 184 XXXIII.
962 142 1110 184 CAP.
1144 146 1214 184 40.
1494 139 1575 179 119

174 237 302 286 mina,
323 234 580 292 Selymbriae
597 233 799 274 substitit:
834 240 878 274 et
893 232 1042 274 decem
1056 232 1291 289 legatorum
1305 229 1352 271 P.
1364 226 1573 270 Lentulus
1588 239 1633 271 U.
1650 240 1688 272 C.
1712 236 1785 279 556.

142 309 200 342 4a
229 293 448 350 Bargyliis,
481 291 528 333 P.
552 290 706 331 Villius
737 298 780 331 et
811 290 860 331 L.
881 290 1108 331 Terentius
1139 305 1164 331 a
1194 289 1349 336 Thaso,
1380 285 1573 341 Lysima-
1586 284 1626 314 A.
1650 283 1688 315 C.
1715 279 1784 322 ¹96·

174 351 313 392 chiam
338 350 561 406 petierunt.
626 347 789 388 Eodem
819 356 860 388 et
888 363 912 388 a
943 347 1177 403 Selymbria
1199 346 1248 387 L.
1269 343 1506 390 Cornelius,
1529 350 1572 382 et
1586 327 1783 400 ssssffimcffissln

177 424 232 449 ex
255 408 435 449 Thracia
455 414 549 462 post
568 420 722 462 paucos
744 404 833 445 dies
857 405 1096 445 Antiochus
1117 410 1417 446 convenerunt.
1480 399 1573 440 Pri·
1586 410 1749 442 Antiocho

176 481 269 506 mus
297 479 540 520 congressus
569 478 665 504 cum
687 462 846 516 legatiS,
870 471 913 502 et
940 461 1140 518 deinceps
1171 460 1362 502 invitatio
1388 457 1574 511 benigna
1586 453 1741 492 colloqui-

175 531 219 564 et
239 521 454 577 hospitalis
475 521 565 561 fuit.
630 519 692 560 Ut
707 519 759 560 de
782 518 989 559 mandatis
1003 529 1198 575 statuque
1219 515 1430 574 praesenti
1444 514 1571 555 Asiae
1586 507 1652 528 um.

175 580 243 636 agi
273 588 471 634 coeptum
503 586 577 626 est,
610 577 738 617 animi
770 577 1003 632 exasperati
1031 586 1154 627 sunt„
1205 574 1401 623 Romani,
1432 571 1575 613 omnia

176 645 268 677 acta
288 636 390 685 eius,
409 650 462 676 ex
484 651 568 690 quo
587 643 772 689 tempore
795 634 845 675 ab
871 633 991 689 Syria
1013 634 1184 674 classem
1207 632 1406 680 solvisset,
1429 628 1575 684 displi-

177 709 271 735 cere
300 693 477 740 senatui,
507 707 592 732 non
621 691 951 740 dissimulabant,
980 691 1227 746 restituique
1254 698 1297 731 et
1328 687 1574 729 Ptolemaeo

177 752 365 792 civitates
388 764 546 798 omnes,
570 764 677 804 quae
706 748 877 789 ditionis
899 748 988 788 eius
1008 748 1196 797 fuissent,
1220 761 1404 802 aequum
1429 758 1576 784 cense-

177 809 291 849 bant.
356 807 493 848 ‘Nam
524 805 639 862 quod
670 805 723 846 ad
751 820 819 846 eas
846 806 1035 846 civitates
1064 806 1274 854 attineret,
1298 818 1400 860 quas
1428 817 1452 842 a
1472 799 1576 842 Phi-

179 871 191 889 ‘
208 865 324 921 lippo
340 879 546 920 possessas
568 862 807 904 Antiochus
824 878 900 918 per
921 863 1196 912 occasionem,
1211 876 1353 903 averso
1375 858 1576 914 Philippo

180 923 248 963 ‘in
273 922 517 963 Romanum
541 920 713 969 bellum,
737 920 1039 976 intercepisset,
1062 920 1106 960 id
1126 935 1225 961 vero
1246 917 1468 960 ferendum
1490 929 1578 955 non

181 985 307 1029 ‘esse,
332 979 549 1035 Romanos
577 993 652 1034 per
673 986 734 1018 tot
755 992 885 1018 annos
908 987 1016 1018 terra
1035 977 1224 1033 marique
1250 985 1367 1017 tanta
1393 971 1579 1030 pericula

182 1042 254 1078 ‘ac
285 1037 446 1078 labores
477 1035 730 1084 exhausisse,
765 1035 1027 1076 Antiochum
1063 1034 1161 1075 belli
1192 1033 1378 1090 praemia
1410 1031 1575 1071 habere.

149 1094 294 1143 5‘Sed
322 1103 370 1135 ut
397 1094 439 1134 in
472 1093 617 1133 Asiam
645 1092 851 1133 adventus
879 1092 968 1132 eius
997 1091 1248 1132 dissimulari
1276 1091 1327 1132 ab
1362 1087 1578 1135 Romanis,

182 1157 194 1175 ‘
210 1162 410 1207 tanquam
433 1150 540 1191 nihil
561 1150 614 1190 ad
635 1164 706 1190 eos
727 1149 955 1204 pertinenS,
978 1149 1186 1204 potuerit:
1221 1148 1337 1204 quid,
1361 1145 1477 1202 quod
1498 1145 1581 1185 iam

183 1209 334 1251 ‘etiarn
355 1209 400 1249 in
427 1207 641 1263 Europam
667 1207 863 1247 omnibus
890 1207 1107 1247 navalibus
1135 1205 1483 1259 terrestribusque
1512 1217 1583 1243 co-

152 1267 288 1322 6‘piis
319 1265 541 1313 transierit,
575 1273 780 1319 quantum
812 1279 836 1304 a
865 1263 975 1304 bello
1007 1273 1150 1319 aperte
1185 1262 1389 1304 Romanis
1422 1259 1582 1300 indicto

185 1324 382 1365 ‘abesse‘?
413 1322 540 1363 Illum
570 1321 756 1377 quidem,
780 1321 941 1361 etiamsi
972 1321 1015 1361 in
1044 1320 1209 1362 Italiam
1237 1319 1426 1367 traiiciat,
1456 1331 1585 1372 nega-

185 1386 364 1422 ‘turum.
429 1380 644 1420 Romanos
670 1387 810 1420 autem
841 1394 925 1419 non
951 1386 1277 1434 exspectaturos,
1301 1384 1349 1417 ut
1374 1375 1417 1416 id
1445 1380 1584 1430 posset

186 1438 371 1479 ‘faeere’
434 1436 649 1477 Adversus
677 1451 727 1476 ea
753 1435 1004 1485 Antiochus,
1030 1435 1205 1476 ‘Mirari
1230 1435 1300 1484 se,’
1321 1433 1442 1482 dixit,
1467 1437 1478 1455 ⁶
1496 1431 1585 1471 Ro-
1659 1442 1729 1481 40,

188 1501 200 1519 ‘
215 1510 361 1536 manos
383 1503 466 1535 tam
496 1493 720 1549 diligenter
748 1493 975 1548 inquirere,
1000 1493 1104 1548 quid
1135 1492 1224 1548 regi
1246 1491 1463 1532 Antiocho
1486 1488 1585 1529 faci-

187 1558 200 1576 ‘
212 1553 395 1601 endum3
429 1560 484 1600 at,
505 1566 724 1606 quousque
747 1558 855 1591 terra
877 1551 1064 1605 marique
1082 1548 1440 1605 progrediendum
1461 1546 1588 1587 fuerit

187 1615 199 1634 ‘
216 1610 328 1666 ipsis,
351 1625 437 1650 non
459 1609 654 1664 cogitare.
718 1607 865 1648 Asiam
895 1607 1001 1648 nihil
1029 1607 1082 1648 ad
1109 1606 1313 1662 populum
1345 1606 1588 1646 Romanum

189 1667 450 1723 ‘pei-tinere:
485 1681 564 1706 nec
590 1665 722 1721 magis
750 1664 829 1705 illis
850 1665 1150 1720 inquirendum
1181 1679 1283 1713 esse,
1307 1662 1412 1719 quid
1434 1661 1589 1702 Antio-

189 1724 318 1765 ‘chus
340 1725 382 1764 in
407 1723 523 1772 Asia,
547 1737 673 1778 quam
697 1722 926 1770 Antiocho,
950 1722 1054 1778 quid
1082 1722 1126 1761 in
1147 1721 1269 1762 Italia
1289 1719 1471 1776 populus
1500 1718 1586 1758 Ro-

191 1787 202 1806 ‘
216 1796 364 1822 manus
384 1780 519 1821 faciat.
587 1779 717 1827 Quod
745 1779 797 1820 ad
826 1779 1117 1820 Ptolemaeum
1143 1779 1333 1826 attineat,
1356 1777 1425 1818 cui
1446 1775 1590 1817 adem-

191 1845 202 1863 ἴ
217 1847 310 1895 ptas
326 1838 515 1879 civitates
532 1845 786 1893 querantur,
819 1836 897 1877 sibi
919 1852 1015 1877 cum
1037 1836 1282 1876 Ptolemaeo
1299 1844 1341 1875 et
1362 1833 1590 1875 amicitiam

192 1901 204 1920 ⁶
217 1911 318 1944 esse,
337 1904 380 1936 ct
401 1895 444 1935 id
461 1909 583 1950 agere
606 1910 662 1942 se,
682 1904 728 1935 ut
750 1894 864 1934 brevi
886 1894 1012 1934 etiam
1027 1893 1205 1934 affinitas
1223 1893 1432 1948 iungatur.
1473 1918 1477 1921 ι
1496 1889 1540 1930 N
1543 1904 1591 1930 ec

192 1959 204 1978 ‘
217 1968 269 1994 ex
291 1952 479 2008 Philippi
501 1951 675 2007 quidem
703 1951 876 1991 adversa
899 1951 1065 1991 fortuna
1085 1950 1218 2005 spolia
1242 1949 1327 1990 ulla
1347 1964 1389 1990 se
1411 1948 1588 2004 petisse:

193 2016 291 2051 ‘aut
322 2009 517 2050 adversus
552 2008 767 2049 Romanos
799 2009 842 2048 in
876 2008 1089 2062 Europam
1126 2007 1359 2053 traiecisse3
1403 2005 1477 2046 sed
1497 2018 1593 2060 ⁴qua

194 2073 206 2092 ‘
220 2066 461 2123 Lysimachi
480 2066 694 2121 quondam
718 2080 892 2121 regnum
911 2065 1048 2112 fuerit,
1063 2064 1169 2119 (quo
1190 2064 1300 2104 vieto
1314 2063 1468 2111 omnia,
1484 2075 1592 2117 quae

195 2130 207 2149 ‘
220 2124 330 2165 illius
350 2123 539 2171 fuissent,
562 2123 651 2163 iure
672 2122 772 2162 belli
798 2121 962 2162 Seleuci
983 2122 1091 2162 faeta
1107 2121 1211 2175 sint)
1233 2120 1471 2161 existimare
1494 2133 1593 2159 suae

195 2187 207 2206 ‘
224 2181 396 2222 ditionis
433 2195 532 2221 esse.
597 2179 826 2234 Occupatis
863 2179 1088 2219 maioribus
1124 2178 1208 2218 suis
1241 2192 1381 2218 rerum
1419 2176 1595 2217 aliarum

164 2245 334 2287 8‘eura,
356 2238 492 2293 primo
515 2237 722 2292 quaedam
744 2251 796 2276 ex
822 2236 886 2276 his
916 2235 1221 2284 Ptolemaeum,
1245 2234 1401 2275 deinde
1424 2242 1465 2274 et
1492 2232 1597 2273 Phi-

165 2302 209 2346 9‘
223 2295 385 2352 lippum
427 2294 693 2350 usurpandae
735 2293 895 2334 alienae
929 2293 1200 2349 possessionis
1235 2307 1359 2333 causa
1399 2290 1595 2332 tenuisse.

163 2029 179 2061 &1

242 2395 261 2422 4
283 2385 310 2414 A
333 2385 456 2422 Thaso]
485 2383 598 2419 Quum
621 2393 706 2421 supr.
730 2391 777 2422 35.
806 2382 875 2412 Vil-
967 2389 982 2420 7
1010 2383 1074 2412 Sed
1110 2392 1175 2422 qua
1214 2381 1396 2420 Lysimachi
1435 2380 1598 2421 quondam

199 2427 261 2457 lius
279 2437 317 2456 ac
333 2426 504 2456 Terentius
524 2427 564 2456 acl
583 2426 781 2455 Antiochum
806 2435 874 2464 pro·
921 2436 1054 2463 refluum
1072 2425 1197 2462 fuerit]
1228 2434 1272 2454 sc.
1297 2424 1374 2459 Qua
1398 2426 1500 2462 parte,
1526 2431 1598 2452 eam

199 2469 276 2500 fecti
292 2472 408 2506 essent,
425 2468 492 2499 fieri
511 2472 628 2507 potest,
644 2471 679 2497 nt
700 2467 760 2504 illi,
777 2478 875 2505 quum
921 2468 1105 2497 avis-{inuare
1128 2477 1207 2497 Suae
1229 2468 1360 2496 (filionis-
1380 2476 1455 2496 esse.
1503 2465 1598 2494 Haec

200 2511 233 2541 in
250 2511 363 2541 itinere
380 2511 440 2540 iam
460 2515 576 2546 essent,
592 2510 704 2540 audita
724 2509 875 2539 Antiochi
924 2519 998 2539 vero
1022 2509 1117 2538 lectio
1136 2508 1322 2548 Kreyssigio
1339 2508 1485 2544 debetur,
1502 2517 1598 2546 quem

202 2553 234 2583 in
251 2553 485 2584 Chersonesum
510 2552 710 2588 traiectione,
729 2553 768 2581 ad
792 2552 878 2581 Tha·
923 2555 1087 2581 auctorem
1113 2556 1242 2581 secutus
1266 2554 1314 2581 est
1339 2550 1478 2580 Bekker.
1527 2550 1598 2579 Iam

203 2605 273 2625 snm
299 2606 338 2625 cx
359 2595 472 2625 itinere
490 2599 640 2634 suscepto
664 2594 879 2631 divertissent,
924 2594 1153 2632 suppleverunt
1180 2593 1268 2622 hune
1292 2594 1399 2623 locum
1423 2591 1599 2622 doctissimi

204 2641 240 2667 ut
258 2637 382 2667 Duker.
400 2641 519 2667 monet.
927 2636 982 2665 viri
1001 2636 1148 2675 Sigonius
1165 2639 1196 2665 et
1215 2635 1395 2671 Rubenius,
1411 2635 1465 2665 scd
1485 2643 1599 2673 parum

249 2687 266 2718 5
296 2681 337 2710 Ut
360 2681 395 2709 in
418 2681 546 2717 Asiam]
586 2680 627 2710 Ut
653 2679 713 2708 hoc
740 2679 810 2708 loco
834 2682 881 2708 est
926 2678 1071 2708 feliciter.
1119 2679 1158 2708 ln
1177 2678 1336 2716 plerisque
1357 2678 1429 2707 edd.
1448 2680 1519 2716 post
1535 2681 1600 2706 tra-

205 2723 340 2756 etiamse',
364 2723 518 2760 quamvis.
548 2722 586 2751 cf.
612 2731 698 2760 supr.
724 2721 802 2751 xxii.
829 2729 878 2760 25.
924 2722 1033 2751 iecisse
1054 2721 1095 2750 ad
1117 2730 1227 2750 vocem
1245 2721 1354 2759 fuerit
1375 2718 1533 2749 asteriscis
1557 2719 1600 2748 la-

206 2765 318 2793 Asiam
336 2763 496 2801 intelligas
511 2765 673 2793 minorem.
926 2773 1009 2793 cuna
1026 2766 1165 2793 notatur.

250 2805 269 2836 6
302 2807 455 2835 Ia’onmnt's
488 2805 622 2844 indicto]
669 2806 794 2835 ludit-to
828 2806 882 2834 ad·
972 2806 990 2835 8
1015 2806 1178 2841 Quaedam
1195 2805 1315 2842 e-z‘lzix]
1344 2804 1486 2842 Nempe,
1502 2803 1601 2833 Cher-

209 2847 287 2877 didit
330 2846 489 2886 moys-sig.
526 2857 621 2886 quem
662 2847 801 2878 Bekkcr.
836 2858 881 2878 se-
927 2847 1030 2878 sonesi
1056 2847 1145 2877 locis.
1167 2848 1274 2877 (ΣιιΕν.

210 2894 303 2920 cutus
319 2894 375 2920 cst.
970 2899 988 2929 9
1017 2891 1232 2929 Usnrpamlae
1255 2890 1382 2920 alienae
1397 2887 1603 2927 possessionis
