1960 3218
129 245 176 277 U.
192 245 231 277 O.
254 252 326 285 555.

130 289 171 320 A.
192 289 232 320 C.
258 295 328 329 197.

132 710 295 742 Leucadia

132 754 223 785 situs.

132 2041 317 2073 Acarnania

131 2088 257 2124 pacata.

199 2273 262 2311 18.

132 2327 254 2358 Rhodii
268 2328 329 2359 Pe-

130 2380 238 2400 raeam
255 2381 300 2402 re-

130 2417 256 2452 parant.

339 152 421 191 100
855 148 1004 190 ΤΙΤΙ
1045 147 1226 191 LIVII

340 239 550 280 mininum
571 238 731 295 perlata
751 248 872 290 esset,
891 239 1104 296 extemplo
1126 255 1223 281 cum
1244 239 1372 282 classe
1394 241 1605 297 profectus
1622 242 1737 284 Leu-

342 297 503 347 cadem,
536 297 589 338 ad
620 297 848 347 Heraeum,
872 297 988 353 quod
1008 307 1172 347 vocant,
1195 313 1321 339 naves
1352 299 1566 355 applicuit.
1628 300 1736 341 Inde

343 370 440 397 cum
477 355 592 396 omni
632 370 786 411 genere
824 363 1127 396 tormentorum
1163 356 1551 413 machinarumque,
1584 357 1737 412 quibus

343 422 644 469 expugnantur
664 413 800 462 urbes,
816 413 869 453 ad
889 428 1031 454 muros
1053 413 1239 462 accessit,
1256 413 1308 454 ad
1330 415 1514 470 primum
1536 424 1737 455 terrorem

343 480 456 512 ratus
477 468 669 511 inclinari
691 470 852 511 animos
872 486 1004 526 posse.
1062 470 1293 526 Postquam
1315 472 1450 527 pacati
1471 471 1577 512 nihil
1599 480 1738 512 osten-

344 528 534 578 debatur,
551 537 642 569 tum
664 528 806 569 vineas
827 536 1045 584 turresque
1068 528 1240 584 erigere,
1260 536 1302 569 et
1318 528 1491 570 arietem
1513 529 1736 570 admovere

344 586 473 627 muris
498 586 648 642 coepit.
716 585 954 627 Acarnania
985 586 1192 635 universa,
1225 586 1335 626 inter
1366 586 1578 627 Aetoliam
1610 596 1737 642 atque

345 644 523 700 Epirum
545 644 690 700 posita,
714 643 843 684 solem
866 643 1129 684 occidentem
1151 652 1195 684 et
1215 659 1328 684 mare
1355 644 1543 685 Siculum
1565 653 1735 700 spectat.

344 701 560 743 Leucadia
589 716 703 742 nunc
734 701 882 750 insula,
904 701 1059 742 vadoso
1079 701 1198 751 freto,
1222 701 1336 757 quod
1356 702 1588 757 perfossum
1610 717 1736 742 manu
1754 722 1767 743 1

344 768 420 809 est,
449 760 500 800 ab
528 759 770 800 Acarnania
796 759 941 808 divisa,
974 767 1063 799 tum
1096 759 1344 814 paeninsula
1374 767 1475 808 erat,
1508 759 1739 800 occidentis

343 817 515 873 regione
545 817 642 857 artis
666 817 855 857 faucibus
876 816 1105 857 cohaerens
1126 816 1403 857 Acarnaniae.
1470 816 1739 872 Quingentos

343 874 474 916 ferme
502 889 644 930 passus
672 874 822 929 longae
851 874 931 914 hae
959 873 1099 914 fauces
1121 882 1263 922 crant3
1296 873 1403 915 latae
1424 873 1539 915 haud
1560 874 1739 930 amplius

344 941 516 973 centum
538 941 580 972 et
600 931 761 987 viginti.
823 931 875 972 In
897 931 961 971 his
983 931 1184 986 angustiis
1206 930 1368 972 Leucas
1389 932 1524 987 posita
1545 940 1619 981 est,
1641 931 1739 972 colli

344 990 553 1046 applicata
586 1004 705 1030 verso
741 989 786 1029 in
822 989 1028 1029 orientem
1063 996 1106 1029 et
1139 989 1435 1029 Acarnaniam.
1499 988 1590 1029 Ima
1624 989 1739 1030 urbis

344 1048 470 1103 plana
499 1055 609 1096 sunt,
632 1047 813 1087 iacentia
842 1046 894 1087 ad
923 1061 1050 1095 mare,
1073 1061 1158 1101 quo
1180 1045 1396 1087 Leucadia
1424 1047 1475 1087 ab
1498 1046 1740 1089 Acarnania

344 1105 558 1146 dividitur.
620 1104 728 1145 Inde
760 1113 870 1145 terra
899 1104 1088 1159 marique
1111 1103 1405 1159 expugnabilis
1425 1113 1497 1145 est.
1560 1104 1672 1145 Nam
1697 1113 1740 1146 et

344 1163 451 1204 vada
472 1171 570 1204 sunt
590 1170 737 1218 stagno
758 1161 968 1211 similiora,
985 1176 1111 1217 quam
1132 1162 1258 1202 mari:
1293 1170 1336 1202 et
1356 1177 1528 1218 campus
1549 1170 1739 1203 terrenus

345 1220 480 1261 omnis
502 1220 702 1277 operique
724 1219 867 1261 facilis.
931 1219 1081 1275 Itaque
1114 1219 1256 1260 multis
1277 1219 1401 1260 simul
1422 1219 1524 1260 locis
1545 1228 1617 1260 aut
1638 1221 1739 1262 sub-

343 1278 440 1328 ruti,
463 1288 535 1319 aut
557 1278 685 1319 ariete
707 1278 871 1318 decussi
891 1277 1071 1318 ruebant
1091 1277 1212 1318 muri.
1279 1276 1363 1318 Sed
1383 1292 1509 1333 quam
1531 1278 1629 1318 urbs
1650 1277 1740 1333 ipsa

344 1345 581 1392 opportuna
601 1335 943 1392 oppugnantibus
963 1343 1063 1384 erat,
1081 1343 1166 1375 tam
1183 1335 1533 1391 inexpugnabiles
1553 1335 1739 1376 hostium

344 1394 485 1435 animi.
548 1393 678 1434 Diem
711 1408 758 1434 ac
794 1400 962 1434 noctem
996 1393 1148 1433 intenti
1181 1392 1352 1434 reficere
1379 1402 1574 1448 quassata
1603 1392 1736 1442 muri,

344 1452 572 1501 obstruere,
609 1466 717 1507 quae
758 1450 964 1507 patefacta
1004 1451 1136 1491 ruinis
1172 1461 1318 1499 erant3
1365 1450 1525 1506 proelia
1560 1450 1737 1506 impigre

343 1509 464 1559 inire,
487 1518 529 1550 et
560 1509 684 1550 armis
715 1509 847 1565 magis
877 1523 1030 1558 murOS,
1054 1523 1181 1564 quam
1212 1524 1254 1549 se
1286 1508 1396 1564 ipsos
1418 1508 1652 1558 moenibus,
1673 1518 1739 1549 tu-

343 1567 444 1608 tari:
479 1567 722 1622 diutiusque
744 1582 816 1623 spe
840 1566 1129 1607 Romanorum
1155 1565 1419 1607 obsidionem
1447 1581 1540 1606 eam
1571 1574 1740 1606 extrax-

343 1624 484 1675 issent,
507 1625 552 1665 ni
574 1624 739 1666 exsules
761 1624 933 1680 quidam
955 1623 1092 1664 Italici
1123 1624 1301 1679 generiS,
1325 1623 1523 1664 Leucade
1545 1623 1740 1664 habitan-

344 1691 418 1732 tes,
441 1684 492 1724 ab
521 1698 615 1724 arce
646 1682 801 1723 milites
832 1681 1101 1737 accepissent.
1166 1681 1250 1722 Eos
1273 1689 1426 1731 tamen,
1451 1696 1503 1722 ex
1525 1681 1738 1737 superiore

343 1739 435 1781 loco
456 1756 609 1797 magno
631 1755 727 1781 cum
750 1739 934 1781 tumultu
950 1739 1235 1788 decurrentes,
1250 1740 1338 1779 acie
1356 1739 1400 1779 in
1416 1739 1505 1779 foro
1522 1739 1737 1788 instructa,

343 1797 453 1838 iusto
483 1798 643 1854 proelio
674 1797 935 1853 aliquamdiu
960 1796 1165 1837 Leucadii
1196 1797 1498 1837 sustinuerunt.
1561 1795 1739 1837 Interim

343 1863 386 1896 et
406 1856 525 1896 scalis
547 1863 669 1912 capta
690 1855 830 1896 multis
861 1854 962 1895 locis
987 1854 1166 1903 moenia,
1190 1863 1232 1895 et
1252 1869 1328 1910 per
1348 1863 1527 1909 stragem
1548 1853 1739 1909 lapidum

342 1927 390 1954 ac
406 1913 548 1954 ruinas
567 1922 854 1954 transcensum
876 1912 920 1952 in
944 1912 1112 1953 urbem:
1141 1912 1309 1967 iamque
1331 1912 1419 1967 ipse
1441 1912 1602 1967 legatus
1623 1926 1739 1967 mag-

342 1984 399 2011 no
430 1972 596 2027 agmine
629 1971 961 2011 circumvenerat
992 1978 1241 2025 pugnantes.
1305 1969 1419 2009 Tum
1450 1983 1544 2024 pars
1574 1968 1619 2008 in
1650 1983 1739 2009 me-

342 2028 413 2069 dio
434 2029 567 2078 caesi3
600 2043 707 2084 pars,
731 2028 855 2069 armis
876 2027 1062 2076 abiectis,
1085 2026 1341 2068 dediderunt
1363 2041 1451 2067 sese
1473 2025 1631 2066 victori.
1681 2025 1739 2067 Et

342 2094 437 2142 post
467 2086 556 2127 dies
586 2101 754 2142 paucos,
787 2085 930 2127 audito
966 2084 1138 2140 proelio,
1166 2084 1282 2139 quod
1313 2083 1366 2124 ad
1397 2082 1738 2140 Cynoscephalas

342 2152 578 2200 pugnatum
614 2152 715 2193 erat,
745 2158 891 2184 omnes
923 2141 1068 2198 populi
1101 2141 1366 2184 Acarnaniae
1401 2141 1447 2182 in
1478 2140 1737 2182 deditionem

342 2201 470 2257 legati
491 2210 710 2243 venerunt.

401 2259 558 2300 Iisdem
589 2259 750 2308 diebus,
784 2258 925 2299 omnia
955 2257 1080 2298 simul
1112 2257 1341 2298 inclinante
1372 2257 1551 2305 fortuna,
1576 2255 1737 2296 Rhodii

343 2332 512 2373 quoquc
544 2316 598 2357 ad
624 2315 921 2357 vindicandam
948 2330 973 2355 a
1000 2314 1198 2370 Philippo
1220 2314 1475 2355 continentis
1506 2313 1739 2369 regionem,

342 2374 565 2429 (Peraeam
586 2373 758 2430 vocant)
777 2386 1006 2428 possessam
1030 2387 1054 2412 a
1074 2371 1299 2412 maioribus
1320 2371 1415 2420 suis,
1434 2371 1737 2411 Pausistratum

341 2440 578 2487 praetorem
599 2446 696 2472 cum
713 2430 965 2486 octingentis
983 2429 1167 2470 Achaeis
1187 2428 1413 2485 peditibus,
1432 2428 1545 2468 mille
1567 2436 1609 2468 et
1630 2442 1738 2468 non-

340 2489 477 2544 gentis
507 2489 594 2530 fcre
625 2488 806 2537 armatis,
839 2502 892 2528 ex
923 2486 1036 2527 vario
1068 2501 1222 2542 genere
1254 2485 1505 2526 auxiliorum
1537 2485 1735 2535 collectis,

340 2546 567 2587 miserunt:
605 2545 732 2595 Galli,
755 2554 796 2586 ct
818 2544 1028 2593 Pisuetae,
1061 2552 1102 2584 et
1132 2543 1349 2592 Nisuetae,
1382 2551 1425 2583 et
1456 2542 1665 2592 Tamiani,
1695 2551 1768 2584 etz

342 2602 459 2653 Arei,
492 2618 545 2644 ex
578 2602 734 2653 Africa,
767 2611 810 2643 et
840 2600 1071 2642 Laodiceni
1107 2615 1161 2642 ex
1194 2600 1298 2641 Asia
1329 2609 1458 2641 erant.
1526 2599 1638 2641 Cum
1671 2599 1736 2641 his

387 2748 398 2769 1
439 2739 540 2768 Nunc
576 2738 702 2776 insula]
757 2736 867 2767 Hodie
908 2738 1012 2767 Sama
1058 2737 1106 2767 los
1121 2746 1160 2767 cx
1178 2735 1288 2767 Africa
1303 2735 1399 2766 fuisse
1420 2735 1608 2766 existimant
1632 2734 1735 2765 Deui-

339 2783 479 2818 Maura,
502 2790 568 2810 una
597 2790 636 2810 ex
662 2783 786 2819 septem
811 2778 876 2809 illis
900 2778 1014 2809 insulis
1057 2779 1142 2809 atius
1158 2782 1189 2809 ct
1206 2777 1398 2810 Crevierius.
1430 2780 1588 2809 Nisuetae
1605 2787 1644 2808 ex
1657 2778 1735 2807 urbe

342 2822 583 2862 Ioniis,quaein
595 2822 781 2853 clientelam
792 2822 933 2861 Magnae
945 2821 1014 2852 Bri·
1062 2821 1166 2852 Nisua
1189 2825 1290 2858 crant,
1306 2831 1403 2860 quam
1423 2821 1631 2852 Ptolemaeus
1646 2819 1688 2850 iv.
1705 2828 1733 2858 3.

341 2865 472 2896 tanniae
490 2868 655 2896 venerunt.
1060 2863 1093 2894 in
1111 2863 1221 2894 Africa
1236 2863 1338 2903 ponit.

384 2917 400 2939 ἰ
425 2909 470 2939 Et
489 2908 648 2944 Tamiani,
660 2911 690 2938 et
704 2907 799 2945 Arei]
828 2906 900 2939 IIOS
915 2916 1016 2947 popu-
