1960 3218
132 243 177 275 U.
194 244 232 275 C
256 250 327 283 557.
339 242 382 274 et
415 233 634 290 Thapsum
667 234 721 274 ad
754 249 871 275 suam
905 243 1062 276 turrem
1095 236 1298 291 pervenit.

131 287 171 318 A.
193 288 232 319 C.
258 295 326 327 Ι95
339 291 626 347 instructaque
658 291 834 347 remigio
867 292 1035 348 excepit
1061 293 1188 334 navis.

172 1855 253 1893 (49.

340 146 419 185 126
855 144 1004 186 ΤΙΤΙ
1045 145 1225 187 LlVlI

1361 236 1426 277 Ibi
1460 251 1556 278 eum
1593 246 1768 292 parata7

1251 293 1318 335 Ita
1345 293 1489 335 Africa
1518 294 1737 335 Hannibal

340 349 530 398 excessit,
565 349 729 414 saepius
759 349 930 405 patriae,
960 365 1086 405 quam
1120 365 1242 391 suum
1273 362 1471 392 eventum
1503 351 1733 392 miseratus.
1748 358 1767 389 8

342 406 506 447 Eodem
534 406 603 447 die
635 408 679 447 in
704 406 927 448 Cercinam
960 407 1139 447 insulam
1172 408 1344 449 traiecit.
1410 409 1497 449 Ubi
1528 424 1660 464 quum
1690 409 1736 449 in

339 472 463 528 portu
499 479 628 505 naves
660 463 821 519 aliquot
854 464 1118 505 Phoenicum
1151 466 1359 507 onerarias
1395 481 1492 507 cum
1527 466 1736 507 meicibus

340 521 579 571 invenisset,
602 530 644 562 ct
669 522 721 562 ad
747 536 959 577 egressum
985 537 1082 562 eum
1111 538 1133 563 e
1162 537 1267 563 nave
1297 538 1522 564 0011001505
1553 523 1736 564 salutan-

331 578 447 619 tium
487 588 596 620 esset
634 579 797 627 factus3
850 579 1221 634 percunctantibus
1260 579 1445 636 legatum
1487 596 1530 621 se
1571 580 1735 645 Tyrum

339 636 512 677 missum
544 636 628 676 dici
658 636 787 677 iussit.
851 636 1023 677 Veritus
1054 646 1208 685 tamen,
1244 652 1296 678 ne
1329 653 1413 693 qua
1443 653 1585 678 earum
1618 637 1735 678 navis

339 702 463 734 nocte
504 694 689 749 profecta
725 694 942 749 Thapsum
983 702 1056 734 aut
1099 693 1382 735 Adrumetum
1423 696 1648 744 nuntiaret,
1691 709 1733 735 se

342 750 548 792 Cercinae
570 751 717 800 visum,
741 751 943 792 sacrificio
965 752 1153 807 apparari
1179 752 1301 800 iusso,
1324 752 1542 808 magistros
1564 753 1733 794 navium

338 818 672 864 mercatoresque
709 809 875 849 invitari
911 809 1054 849 iussit:
1100 817 1142 849 et
1182 809 1274 849 vela
1313 824 1408 849 eum
1451 811 1644 851 antennis
1680 824 1734 850 ex

338 866 513 907 navibus
540 866 761 921 corrogari,
799 875 846 906 ut
882 866 1029 906 umbra
1068 866 1246 921 (etenim
1281 867 1422 907 media
1456 876 1587 908 aestas
1626 867 1765 908 forte9

338 923 447 978 erat)
474 911 750 964 coenantibus
785 923 829 963 in
862 923 981 963 lit01e
1010 923 1140 963 fieret.
1207 922 1427 970 Quantum
1459 939 1525 964 res
1555 933 1598 965 et
1628 933 1734 965 tem-

337 996 416 1036 pus
450 981 699 1036 patiebatur,
729 989 951 1045 appaiatae
988 979 1306 1045 celebrataeque
1340 981 1429 1021 eius
1465 981 1549 1022 diei
1585 981 1733 1037 epulae

338 1046 462 1078 sunt:
511 1038 728 1093 multoque
770 1038 868 1078 vino
916 1038 961 1078 in
1005 1052 1143 1078 serum
1187 1039 1321 1079 noctis
1361 1039 1598 1079 convivium
1638 1053 1734 1094 pio—

337 1095 526 1136 ductum.
606 1095 835 1145 Hannibal,
887 1110 1020 1151 quum
1075 1095 1257 1150 primum
1305 1096 1479 1136 fallendi
1520 1111 1603 1145 eos,
1660 1096 1734 1151 qui

337 1152 382 1192 in
423 1161 547 1208 p01tu
587 1161 719 1202 erant,
762 1161 927 1208 tempus
973 1152 1132 1202 habuiss
1175 1168 1325 1193 navem
1370 1153 1502 1194 solvit.
1588 1153 1734 1194 Ceteri

337 1210 461 1265 sopiti
502 1226 632 1266 quum
675 1219 841 1266 postero
881 1210 950 1250 die
994 1184 1165 1250 tandein
1205 1225 1258 1250 ex
1301 1225 1447 1251 somno
1489 1210 1604 1266 pleni
1645 1225 1734 1251 cra-

336 1267 459 1322 pulae
493 1268 780 1316 surrexissent,
811 1268 854 1307 id
884 1267 1000 1323 quod
1028 1282 1166 1307 serum
1200 1276 1300 1316 erat,
1329 1268 1490 1323 aliquot
1522 1268 1644 1308 1101·35
1668 1283 1762 1308 re-1

336 1324 518 1365 ferendis
552 1325 595 1365 in
628 1339 754 1365 naves
789 1324 1127 1379 collocandisque
1164 1335 1207 1364 et
1239 1325 1431 1380 aptandis
1464 1325 1734 1366 aimamentis

336 1382 671 1438 absumpserunt.
738 1382 996 1437 Carthagine
1032 1391 1075 1422 et
1107 1381 1402 1431 multitudinis,
1437 1391 1623 1423 assuetae
1657 1382 1733 1423 do-

335 1453 452 1479 mum
495 1439 748 1480 Hannibalis
788 1439 1069 1494 frequentare,
1112 1454 1338 1480 concursus
1385 1439 1439 1480 ad
1478 1439 1732 1480 vestibulum

335 1496 504 1536 aedium
531 1505 593 1537 est
612 1497 755 1537 factus.
820 1496 882 1536 Ut
909 1511 995 1536 non
1023 1511 1263 1551 comparere
1293 1512 1390 1537 eum
1412 1497 1627 1552 vulgatum
1656 1505 1730 1546 est,

333 1553 379 1593 in
406 1554 543 1594 forum
575 1554 697 1594 tulba
729 1553 927 1594 convenit
954 1553 1188 1608 plincipem
1216 1553 1395 1594 civitatis
1423 1553 1730 1609 quaerentium,

334 1618 378 1650 et
404 1610 473 1651 alii
499 1611 642 1666 fugam
675 1610 894 1659 conscisse,
923 1610 988 1665 (id
1016 1610 1132 1665 quod
1165 1610 1274 1665 erat)
1301 1611 1371 1651 alii
1398 1610 1542 1651 fraude
1573 1610 1732 1651 Roma-

334 1682 484 1708 norum
513 1667 794 1716 interfectum,
818 1667 946 1722 idque
976 1682 1118 1722 magis,
1142 1667 1267 1722 vulno
1288 1667 1544 1708 fremebant:
1578 1667 1732 1708 varios-

334 1739 417 1779 que
453 1724 592 1765 vultus
628 1739 832 1772 001Η110105,
871 1732 918 1764 ut
957 1724 1002 1764 in
1039 1724 1205 1764 civitate
1213 1700 1422 1765 Ualiorum
1460 1725 1559 1765 alias
1594 1734 1762 1780 partesz

333 1781 566 1822 foventium
602 1781 853 1822 factionibus
886 1781 1079 1821 discmdi.
1143 1780 1292 1821 Visum
1329 1781 1483 1822 deinde
1525 1781 1730 1822 Ceicinae

334 1853 445 1887 eum,
469 1838 640 1879 tandem
668 1838 840 1878 allatum
866 1846 939 1878 est.
1004 1837 1060 1878 Et
1082 1838 1266 1878 Romani
1293 1838 1420 1893 legati
1442 1853 1573 1893 quum
1601 1839 1645 1878 in
1667 1853 1732 1879 se-

334 1904 438 1936 natu
459 1895 762 1951 exposuissent,
794 1901 806 1918 (
825 1894 1103 1950 Compertum
1125 1895 1320 1936 Patribus
1344 1895 1546 1936 Romanis
1568 1910 1669 1944 0550,
1688 1903 1731 1936 et

337 1957 348 1976 ‘
365 1952 608 2008 Philippum
639 1967 781 2007 regem
809 1959 919 2000 ante,
942 1952 993 1992 ab
1016 1951 1257 1992 Hannibale
1283 1952 1464 1992 maxime
1493 1967 1729 2001 accensum,

337 2015 348 2032 ‘
364 2009 519 2050 bellum
542 2009 698 2064 populo
723 2009 917 2049 Romano
938 2008 1097 2058 fecisse,
1115 2017 1158 2050 et
1179 2024 1292 2049 nunc
1313 2008 1452 2050 liteias
1474 2009 1729 2065 nuntiosque

337 2067 416 2107 ‘ab
445 2081 495 2107 eo
523 2066 577 2107 ad
599 2066 862 2106 Antiochum
891 2074 933 2106 et
955 2065 1131 2106 Aetolos
1159 2066 1316 2115 missos,
1340 2066 1596 2122 consiliaque
1625 2066 1732 2107 inita

337 2123 646 2179 ‘impellendae
683 2122 736 2163 ad
768 2122 1049 2163 defectionem
1087 2122 1369 2178 Carthaginis,
1404 2138 1482 2164 nec
1518 2124 1600 2164 alio
1632 2138 1731 2164 eum

337 2186 348 2203 ‘
365 2195 492 2235 quam
519 2180 573 2221 ad
595 2179 858 2221 Antiochum
886 2194 1028 2235 regem
1057 2158 1318 2235 profectum3
1351 2180 1466 2221 haud
1487 2181 1730 2236 quieturum

334 2243 346 2261 ‘
362 2252 460 2278 eum
481 2246 592 2287 ante,
615 2252 743 2293 quam
763 2236 922 2278 bellum
944 2245 1032 2277 toto
1054 2237 1152 2278 orbe
1175 2245 1378 2278 terrarum
1400 2238 1615 2279 concisset.
1678 2236 1760 2278 Id3

1053 2380 1148 2407 nocte
1165 2378 1236 2407 vela
1251 2377 1428 2406 solventem
1448 2380 1643 2415 sequeretur.

378 2385 393 2416 7
417 2379 472 2408 Ad
485 2389 578 2408 suam
593 2379 732 2416 turrem]
758 2377 903 2410 Iustinus
918 2377 1006 2408 xxxi.

1100 2429 1111 2448 1
1137 2420 1180 2450 Id
1198 2420 1282 2459 quod
1294 2429 1401 2449 serum
1416 2420 1503 2456 erat]
1541 2419 1729 2458 Suspicatur

334 2429 362 2450 2.
377 2422 599 2451 suburbanam
619 2424 724 2457 vocat,
746 2421 833 2450 unde
856 2419 1006 2459 colligen-

332 2463 409 2492 dum
433 2466 481 2492 est
498 2463 719 2493 Hannibalem
741 2463 773 2492 in
796 2461 927 2501 praedio
950 2472 1007 2492 suo

331 2503 443 2534 turrim
466 2508 673 2541 exstructam,
694 2504 759 2534 sive
780 2503 920 2539 ornatus,
941 2504 1007 2534 sive

331 2546 525 2576 munimenti
556 2557 653 2576 causa
681 2546 840 2577 habuisse.
882 2546 1006 2576 Plinius

333 2588 379 2618 ΙΙ.
393 2588 425 2618 N
444 2588 486 2618 .ii.
503 2596 550 2627 71.
575 2588 772 2618 Hannibalis
795 2592 897 2617 turres
922 2598 1006 2618 com-

332 2633 500 2667 memorat,
521 2634 675 2669 tanquam
699 2630 887 2669 speeulandi
912 2640 1007 2660 causa

331 2675 518 2703 exstructas

379 2715 398 2744 8
422 2716 525 2744 Suum
550 2716 713 2753 eventum]
756 2714 864 2753 Vulgo
891 2714 1007 2753 legitur

329 2767 461 2787 suorum
476 2761 617 2787 eventus.

373 2808 393 2838 9
421 2800 463 2830 Ut
478 2800 591 2828 umbra
608 2822 615 2829 .
633 2822 640 2829 .
658 2822 664 2829 .
683 2822 689 2829 .
703 2797 818 2837 fieret]
857 2798 920 2828 Sed
944 2798 1005 2828 hoe

330 2840 434 2870 verius
463 2841 609 2878 consilio,
633 2850 673 2870 nc
700 2851 764 2880 qua.
793 2840 883 2871 navis
911 2844 1006 2870 noete

330 2882 596 2921 proficisceretur,
630 2883 680 2913 vel
718 2883 812 2914 illum
848 2882 1006 2913 concubia

1052 2461 1246 2497 Gronovius,
1270 2462 1304 2490 id
1325 2462 1410 2500 quod
1430 2461 1611 2500 quaesitum
1635 2467 1706 2492 erat
1717 2474 1727 2492 .-

1051 2513 1169 2542 nempe
1181 2504 1221 2533 ab
1234 2503 1430 2533 Hannibale.
1467 2503 1518 2532 Ea
1532 2513 1622 2533 1110115
1636 2504 1727 2533 IIan-

1051 2546 1167 2575 nibalis
1192 2545 1308 2581 fuerat,
1333 2549 1369 2574 ut
1396 2555 1493 2583 quain
1520 2545 1663 2575 maxima
1690 2545 1728 2576 iis

1052 2598 1141 2617 mora
1157 2587 1358 2624 obiiceretur,
1374 2588 1452 2617 dum
1468 2587 1537 2626 ipsc
1555 2587 1616 2617 iter
1638 2597 1727 2627 prae-

1051 2629 1182 2669 ciperet.
1205 2629 1310 2659 CREv.

1096 2681 1112 2701 2
1141 2673 1183 2702 Ut
1206 2673 1242 2701 in,
1261 2672 1391 2702 civitate
1407 2695 1414 2701 .
1432 2695 1439 2702 .
1457 2696 1463 2702 .
1482 2695 1488 2701 .
1505 2671 1724 2710 factionibus]

1051 2713 1083 2744 Si
1098 2714 1189 2743 nulla
1203 2724 1263 2742 vox
1281 2713 1446 2749 exciderit,
1462 2723 1508 2743 vei
1516 2715 1649 2743 tendum
1667 2717 1726 2750 est,

1050 2759 1085 2785 ut
1101 2756 1188 2794 apud
1206 2755 1291 2785 cives
1305 2755 1386 2785 alios
1401 2755 1481 2786 alias
1497 2759 1603 2794 partes
1618 2756 1724 2786 foven-

1050 2801 1097 2828 tes
1113 2797 1315 2834 factionibus,
1332 2797 1351 2828 i.
1365 2808 1392 2829 e.
1410 2808 1467 2837 per
1481 2797 1645 2828 factiones.

1094 2849 1111 2878 3
1129 2840 1305 2877 Cone-isset]
1324 2840 1344 2880 i,
1356 2850 1382 2870 e.
1396 2839 1604 2872 Concivisset.
1640 2839 1725 2871 Edd.

1050 2882 1209 2921 quaedam
1225 2883 1399 2915 conscisset.
