1960 3218
147 248 193 280 U.
209 248 248 280 C.
272 247 348 288 560.

145 292 186 324 A.
212 292 250 323 C.
277 300 350 333 192.

211 411 281 450 44.

149 535 305 566 Antiochi

148 578 250 608 oratio
267 578 300 608 in

148 621 285 652 concilio

149 664 350 695 Aetolorum.

361 149 444 187 218
874 141 1025 184 ΤΙΤΙ
1062 140 1243 184 LIVII

361 240 548 274 creturos
579 231 750 282 sciebat,
778 229 958 272 Phalara
987 231 1033 271 in
1059 231 1198 272 sinum
1230 229 1460 271 Maliacum
1490 238 1758 286 processerat.

363 290 484 341 Inde,
521 289 691 343 decreto
731 297 917 345 accepto,
960 288 1153 330 Lamiam
1193 288 1322 338 venit,
1360 297 1561 345 exceptus
1596 288 1760 344 ingenti

361 349 501 390 favore
523 347 818 397 multitudinis,
837 362 932 388 cum
954 346 1168 403 plausibus
1188 346 1536 401 clamoribusque,
1552 354 1595 387 et
1608 346 1760 402 quibus

361 407 452 448 aliis
474 406 632 448 laetitia
652 407 781 447 effusa
803 405 917 461 vulgi
940 405 1209 461 significatur.
1272 403 1324 445 In
1346 404 1570 446 concilium
1592 414 1639 445 ut
1659 419 1761 445 ven-

361 473 451 506 tum
473 473 548 515 est,
572 479 695 521 aegre
721 479 746 505 a
776 463 975 504 Phaenea
994 471 1187 520 praetore
1209 461 1675 519 principibusquealiis
1694 461 1760 502 in-
1776 481 1789 502 1

361 523 590 572 troductus,
632 523 743 563 facto
783 521 962 571 silentio,
1000 536 1075 562 rex
1116 521 1257 562 dicere
1298 535 1424 561 orsus.
1488 520 1631 561 Prima
1670 519 1760 560 eius

360 581 492 622 oratio
532 580 613 621 suit
646 580 898 629 excusantis,
939 579 1079 636 ‘quod
1112 587 1228 620 tanto
1262 578 1492 619 minoribus
1524 593 1596 634 spe
1633 586 1759 633 atque

361 644 373 662 ⁶
389 638 588 695 opinione
611 638 800 679 omnium
823 637 954 694 copiis
975 637 1168 678 venisset.
1232 635 1283 677 Id
1305 651 1402 677 suae
1424 636 1639 692 impensae
1663 649 1761 691 erga

362 703 457 738 ‘eos
484 696 710 738 voluntatis
739 695 971 737 maximum
1000 695 1153 736 debere
1183 694 1388 735 indicium
1414 709 1516 743 esse,
1540 693 1656 750 quod
1680 707 1760 733 nec

361 760 373 778 ⁶
386 764 554 811 paratus
571 753 668 795 satis
690 753 774 795 ulla
795 769 852 803 re,
872 762 913 794 et
936 762 1123 809 tempore
1146 751 1199 793 ad
1215 751 1500 808 navigandum
1521 752 1758 800 immaturo,

361 812 630 854 ‘vocantibus
660 811 807 867 legatis
839 826 997 860 eorum,
1030 810 1143 852 haud
1173 819 1341 866 gravate
1378 810 1600 850 obsecutus
1637 816 1758 858 esset,

362 870 728 926 ‘credidissetque,
753 884 885 925 quum
910 884 952 910 se
978 868 1181 909 vidissent
1210 867 1368 918 Aetoli,
1392 867 1532 908 omnia
1558 866 1625 908 vel
1650 867 1693 907 in
1715 880 1758 907 se

362 934 373 952 ⁶
391 944 474 969 uno
496 928 631 984 posita
651 927 860 984 praesidia
884 926 1193 968 existimaturos
1222 940 1322 967 esse.
1389 924 1591 966 Ceterum
1613 939 1760 966 eorum

362 992 373 1010 ⁶
389 1001 559 1042 quoque
581 1001 638 1035 se,
662 1000 841 1041 quorum
870 984 1128 1041 exspectatio
1150 983 1351 1024 destituta
1379 983 1424 1023 in
1444 982 1680 1039 praesentia
1698 981 1761 1022 vi-

361 1050 372 1068 ⁶
389 1045 549 1093 deatur,
579 1059 696 1100 spem
728 1043 894 1084 abunde
927 1042 1207 1099 expleturum.
1278 1041 1391 1082 Nam
1423 1040 1546 1081 simul
1576 1040 1760 1096 primum

362 1108 373 1125 ⁶
389 1102 489 1143 anni
512 1110 678 1158 tempus
694 1101 929 1158 navigabile
952 1100 1211 1157 praebuisset
1232 1115 1358 1149 mare,
1377 1113 1546 1140 omnem
1567 1113 1610 1139 se
1627 1096 1761 1138 Grae-

362 1160 494 1201 ‘ciam
517 1160 653 1209 armis,
675 1159 786 1208 viris,
810 1159 942 1215 equis,
961 1173 1129 1199 omnem
1152 1173 1266 1199 oram
1289 1157 1540 1198 maritimam
1563 1155 1761 1197 classibus

362 1224 374 1242 ⁶
387 1218 706 1274 completurum.
756 1217 850 1258 Nec
867 1217 1094 1273 impensae,
1113 1231 1191 1257 nec
1208 1215 1353 1265 labori,
1368 1229 1447 1256 nec
1463 1213 1650 1270 periculo
1666 1227 1761 1269 par-

367 1283 377 1300 ‘
390 1291 547 1325 surum,
566 1275 713 1325 donec,
733 1275 910 1331 depulso
931 1274 1161 1316 cervicibus
1183 1288 1327 1314 eorum
1350 1272 1527 1328 imperio
1550 1271 1759 1320 Romano,

362 1340 374 1358 ⁶
389 1334 562 1375 liberam
592 1349 688 1374 vere
715 1332 949 1382 Graeciam,
973 1341 1098 1388 atquc
1121 1332 1165 1372 in
1193 1346 1243 1372 ea
1262 1330 1474 1387 principes
1502 1328 1679 1370 Aetolos
1699 1328 1761 1369 fe-

363 1398 374 1416 ⁶
390 1392 525 1433 cisset.
590 1392 701 1433 Cum
724 1390 978 1432 exercitibus
1004 1398 1261 1431 commeatus
1282 1403 1452 1444 quoque
1475 1387 1611 1428 omnis
1631 1401 1760 1443 gene-

363 1450 443 1490 ‘ris
471 1465 524 1491 ex
557 1449 660 1490 Asia
689 1458 898 1490 venturos.
969 1447 1020 1488 In
1051 1447 1288 1504 praesentia
1318 1461 1441 1487 curae
1474 1460 1561 1486 esse
1595 1443 1760 1485 Aetolis

364 1514 375 1532 ‘
391 1508 558 1557 debere,
578 1518 625 1548 ut
640 1507 761 1563 copia
780 1506 981 1547 frumenti
1003 1506 1099 1554 suis,
1120 1514 1163 1546 et
1184 1519 1352 1545 annona
1373 1502 1599 1544 tolerabilis
1620 1516 1759 1542 rerum
1774 1519 1791 1540 2

364 1573 375 1590 ⁶
392 1566 565 1607 aliarum
608 1565 926 1620 suppeditetur.’
1005 1563 1057 1604 In
1097 1563 1206 1603 hanc
1248 1561 1500 1602 sententiam
1547 1574 1623 1600 rex
1664 1573 1761 1600 cum

360 1639 514 1679 magno
536 1623 726 1664 omnium
755 1636 923 1662 assensu
945 1621 1110 1661 locutus
1139 1619 1340 1660 discessit.
1403 1618 1505 1659 Post
1533 1617 1761 1658 discessum

361 1683 482 1737 regis,
502 1681 611 1722 inter
625 1679 730 1721 duos
751 1679 963 1735 principes
986 1676 1250 1726 Aetolorum,
1269 1676 1511 1717 Phaeneam
1530 1684 1572 1716 et
1589 1674 1762 1715 Thoan-

362 1749 461 1789 tem,
485 1738 700 1780 contentio
728 1737 819 1777 fuit.
883 1736 1115 1784 Phaeneas,
1139 1734 1455 1775 reconciliatore
1480 1732 1594 1788 pacis
1615 1741 1657 1773 et
1678 1732 1762 1773 dis-

363 1806 575 1854 ceptatore
598 1796 650 1836 de
673 1795 734 1844 iiS,
759 1809 866 1851 quae
889 1794 933 1834 in
955 1792 1238 1834 controversia
1265 1807 1360 1832 cum
1383 1790 1540 1847 populo
1565 1789 1761 1830 Romano

363 1863 514 1904 essent,
551 1853 758 1895 utendum
799 1851 938 1908 potius
980 1849 1209 1899 Antiocho,
1245 1849 1452 1898 censebat,
1491 1862 1619 1903 quam
1653 1847 1760 1888 duce

362 1913 473 1955 belli.
538 1918 549 1936 ⁶
563 1911 812 1952 Adventum
853 1910 943 1950 eius
983 1917 1025 1949 et
1066 1908 1327 1948 maiestatem
1369 1906 1422 1947 ad
1461 1904 1761 1946 verecundiam

365 1977 375 1995 ⁶
391 1970 627 2012 faciendam
659 1967 863 2009 Romanis
883 1968 968 2008 vim
990 1966 1188 2006 maiorem
1212 1965 1461 2011 habituram,
1485 1977 1610 2019 quam
1633 1977 1757 2004 arma.

365 2036 377 2053 ⁶
393 2029 535 2070 Multa
550 2027 755 2076 homines,
778 2041 831 2067 ne
853 2024 1008 2066 bellare
1025 2038 1194 2064 necesse
1217 2023 1281 2072 sit,
1304 2022 1518 2063 voluntate
1533 2020 1760 2070 remittere,

365 2093 498 2142 ‘quae
539 2085 649 2127 bello
683 2093 725 2126 et
758 2083 882 2125 armis
917 2082 1011 2138 cogi
1046 2096 1132 2122 non
1169 2080 1355 2136 possint.’
1416 2079 1558 2120 Thoas
1593 2093 1760 2134 negare,

366 2145 487 2201 ‘paci
521 2143 688 2185 studere
726 2142 992 2183 Phaeneam:
1036 2139 1110 2180 sed
1143 2138 1352 2179 discutere
1385 2145 1631 2193 apparatum
1663 2134 1762 2176 belli

367 2209 378 2226 ⁶
394 2202 513 2251 velle,
537 2210 584 2242 ut
605 2200 744 2242 taedio
773 2207 816 2240 et
837 2199 1019 2254 impetus
1047 2197 1335 2252 relanguescat
1362 2196 1482 2251 regis,
1506 2203 1548 2235 et
1578 2192 1762 2234 Romani

367 2266 378 2284 ⁶
394 2269 559 2316 tempus
581 2259 633 2300 ad
655 2257 984 2313 comparandum
1012 2255 1206 2296 habeant.
1270 2253 1391 2294 Nihil
1417 2252 1530 2293 enim
1559 2250 1682 2305 aequi
1710 2250 1762 2290 ab

367 2324 379 2342 ⁶
397 2318 601 2359 Romanis
632 2315 847 2371 impetrari
879 2329 1010 2370 posse,
1045 2312 1168 2353 toties
1198 2310 1477 2367 legationibus
1508 2308 1642 2349 missis
1675 2307 1763 2348 Ro-

368 2381 517 2425 ⁶mam,
550 2374 671 2415 toties
699 2388 794 2414 cum
824 2373 914 2428 ipso
940 2370 1144 2419 Quinctio
1173 2368 1459 2424 disceptando,
1486 2366 1582 2406 satis
1613 2380 1792 2421 cxpcr-3,

369 2440 379 2457 ⁶
399 2443 485 2474 tum
516 2447 629 2473 csse:
664 2446 756 2480 nec,
779 2430 856 2470 nisi
885 2429 1042 2470 abscisa
1069 2427 1183 2468 omni
1212 2442 1298 2482 spe,
1322 2424 1526 2466 auxilium
1558 2422 1762 2463 Antiochi

369 2498 379 2514 ⁶
396 2490 690 2546 imploraturos
723 2488 861 2528 fuisse.
927 2487 1026 2534 Quo
1064 2485 1238 2526 celerius
1275 2498 1346 2539 spe
1383 2481 1571 2522 omnium
1609 2479 1761 2529 oblato,

369 2554 379 2572 ⁶
393 2563 478 2589 non
500 2563 587 2588 csse
616 2544 1014 2601 elanguescendum,
1036 2542 1110 2583 scd
1130 2540 1335 2583 orandum
1365 2539 1503 2595 potius
1524 2553 1679 2594 regem,
1702 2546 1761 2587 ut,

416 2718 427 2738 1
454 2709 479 2737 A
488 2717 561 2745 cyre
578 2729 584 2735 .
603 2728 609 2736 .
628 2729 634 2734 .
653 2703 871 2740 introductus]
900 2701 951 2731 Ob
968 2710 1040 2731 con-
1087 2698 1202 2739 pretio,
1219 2696 1477 2736 suppeditcntur.
1502 2696 1608 2727 CREV.

370 2753 525 2782 {luentem
542 2749 679 2778 turbam.
1131 2750 1147 2779 3
1173 2742 1259 2771 Satis
1280 2744 1445 2778 eoeperlnm
1470 2739 1552 2775 esse]
1578 2739 1762 2776 Ea'pertum

414 2804 430 2823 ‘2
455 2794 499 2823 m
516 2801 646 2821 (ιηιιοηα
659 2789 831 2819 tolerabilis
843 2797 951 2817 rerum
963 2786 1043 2815 alin·
1090 2784 1214 2823 passive
1232 2782 1371 2821 positum
1389 2792 1455 2812 csse
1470 2784 1577 2811 censet
1595 2779 1764 2810 Drakenb.

370 2837 459 2873 rum]
488 2835 531 2865 Et
548 2844 596 2864 rcs
611 2832 694 2863 aliae
710 2832 749 2861 ad
765 2831 884 2860 victum
903 2829 1041 2858 cultum-
1088 2827 1127 2857 cf.
1145 2836 1230 2864 supr.
1248 2824 1357 2855 xxxiv.
1377 2834 1426 2862 41.
1444 2823 1503 2853 nisi
1520 2822 1614 2853 malis
1631 2822 1761 2853 Thoan-

371 2891 433 2918 quc
455 2875 662 2911 necessariae,
678 2874 702 2904 si
724 2873 830 2903 minus
855 2871 995 2911 copioso,
1011 2874 1044 2900 nt
1089 2874 1153 2899 tcm
1166 2869 1271 2899 dicere
1286 2879 1318 2899 se
1334 2871 1502 2907 emper-tum
1517 2876 1592 2897 esse.

372 2927 456 2952 certo
488 2930 549 2949 non
581 2917 732 2953 tenuiter,
761 2920 814 2946 aut
848 2924 920 2945 caro
951 2913 1046 2942 nimis
1138 2916 1142 2918 '
