1960 3218
575 132 702 175 LIB.
736 130 931 174 XXXV.
975 130 1123 175 (JAP.
1157 135 1192 177 6.
1507 138 1585 178 185

189 223 363 264 nuntius
390 223 506 265 venit
527 239 551 264 a
571 222 638 265 Ti.
661 222 910 279 Sempronio
930 222 1096 279 Longo,
1131 228 1143 246 ⁶
1158 238 1245 265 non
1275 224 1480 268 sustinere
1512 241 1586 267 ex·
1601 238 1645 271 U.
1663 237 1702 270 C.
1724 246 1797 281 559·

191 286 203 304 ⁶
220 281 513 323 traordinarios
532 281 737 337 impetum
757 280 991 331 Gallorum,
1009 290 1051 322 et
1067 296 1208 322 caesos
1229 282 1458 338 permultos
1475 298 1582 325 esse:
1599 282 1640 314 Α·
1664 282 1703 314 C.
1727 291 1797 323 193-

192 344 274 388 ⁶et,
304 339 377 394 qui
413 339 634 395 supersint,
665 338 817 395 partim
848 338 1002 388 labore,
1036 339 1190 395 partim
1226 348 1344 380 metu
1379 341 1585 382 remisisse

192 396 410 437 ‘ardorem
441 411 621 452 pugnae.
691 396 926 452 Legionem
960 396 1132 437 alteram
1164 412 1217 438 ex
1248 397 1423 448 duabus,
1458 399 1492 439 si
1524 399 1586 439 vi-

192 453 400 503 ⁶deretur,
433 454 724 504 summitteret,
757 454 1001 510 priusquam
1038 455 1271 510 ignominia
1302 456 1586 512 acciperetur.’

193 511 388 553 Secunda
418 511 528 568 legio
560 512 684 553 missa
711 520 787 561 est,
813 521 856 553 et
883 512 1203 553 extraordinarii
1237 513 1407 569 recepti.
1471 513 1585 555 Tum

189 569 472 625 redintegrata
493 579 554 611 est
575 585 729 626 pugna.
783 570 927 618 Quum
950 579 992 611 et
1013 585 1159 611 recens
1181 570 1312 620 miles,
1329 579 1371 612 et
1387 571 1585 627 frequens

190 626 406 668 ordinibus
434 627 543 683 legio
569 628 844 677 successisset,
867 636 910 668 et
930 627 1096 668 sinistra
1124 627 1188 669 ala
1218 644 1271 669 ex
1302 628 1460 685 proelio
1489 630 1586 671 sub-

190 684 317 725 ducta
347 693 432 734 est3
476 685 625 726 dextra
656 685 700 726 in
732 685 910 741 primam
944 686 1076 727 aciem
1110 686 1247 727 subiit.
1315 686 1386 728 Sol
1422 687 1586 743 ingenti

190 742 334 784 ardore
356 743 539 784 torrebat
560 743 733 785 minime
758 743 961 799 patientia
983 752 1121 784 aestus
1142 759 1316 800 corpora
1340 744 1582 786 Gallorum:

189 800 329 842 densis
360 809 500 842 tamen
533 801 749 842 ordinibus
780 816 893 842 nune
926 801 996 842 alii
1026 801 1070 842 in
1101 801 1215 851 alios,
1249 818 1362 843 nune
1394 803 1436 843 in
1469 811 1587 844 scuta

188 857 494 909 incumbentes,
517 859 779 900 sustinebant
801 859 983 915 impetus
1006 859 1309 901 Romanorum.
1362 860 1491 909 Quod
1513 861 1586 902 ubi

189 916 484 958 animadvertit
505 916 663 966 consul,
686 917 740 958 ad
760 917 1065 973 perturbandos
1087 917 1253 959 ordines
1275 934 1419 959 eorum
1444 917 1493 960 C.
1512 918 1586 959 Li-

156 990 176 1021 9
192 973 303 1014 vium
324 974 613 1025 Salinatorem,
629 975 702 1030 qui
724 984 913 1031 praeerat
934 975 1070 1016 alariis
1093 976 1317 1031 equitibus,
1336 992 1461 1032 quam
1485 991 1586 1017 con-

189 1031 451 1073 citatissimos
473 1047 603 1088 equos
635 1033 861 1074 immittere
893 1033 1031 1074 iubet:
1066 1042 1109 1074 et
1140 1033 1388 1089 legionarios
1420 1035 1586 1090 equites

188 1089 234 1130 in
255 1090 448 1131 subsidiis
469 1105 569 1132 esse.
634 1090 753 1132 Haec
781 1090 966 1146 procella
991 1092 1195 1146 equestris
1226 1092 1361 1148 primo
1393 1092 1586 1134 confudit

189 1155 231 1188 et
253 1148 446 1197 turbavit,
470 1147 624 1189 deinde
647 1148 859 1204 dissipavit
881 1149 1014 1189 aciem
1039 1148 1282 1199 Gallorum;
1319 1165 1404 1192 non
1427 1159 1583 1200 tamen,

189 1213 236 1246 ut
269 1214 385 1261 terga
417 1206 576 1247 darent.
644 1206 878 1247 Obstabant
919 1206 1060 1255 duces,
1102 1206 1320 1248 hastilibus
1361 1208 1585 1250 caedentes

189 1271 306 1319 terga
331 1263 646 1319 trepidantium,
670 1272 712 1304 et
733 1264 869 1305 redire
900 1263 945 1304 in
976 1264 1144 1305 ordines
1166 1274 1390 1321 cogentes:
1425 1266 1499 1307 sed
1520 1266 1586 1306 in-

189 1321 491 1376 terequitantes
516 1321 632 1362 alarii
660 1337 744 1362 non
771 1321 1050 1378 patiebantur.
1117 1322 1279 1363 Consul
1301 1324 1586 1365 obtestabatur

187 1377 353 1428 milites,
378 1385 388 1402 ⁶
403 1379 464 1420 Ut
485 1379 719 1435 paullulum
741 1379 1054 1421 anniterentur:
1086 1380 1303 1422 victoriam
1326 1381 1369 1421 in
1392 1382 1585 1423 manibus

190 1440 202 1459 ‘
217 1451 317 1477 esse.
371 1436 487 1477 Dum
510 1438 773 1493 perturbatos
795 1446 837 1478 et
859 1437 1116 1494 trepidantes
1138 1438 1342 1489 viderent,
1365 1440 1582 1483 instarent.

189 1499 200 1518 ⁶
220 1493 264 1535 Si
295 1494 457 1536 restitui
488 1495 655 1536 ordines
688 1495 850 1545 sissent,
884 1495 1048 1551 integro
1077 1511 1217 1537 rursus
1250 1512 1321 1538 eos
1352 1497 1511 1554 proelio
1543 1506 1586 1540 et

189 1557 202 1576 ⁶
216 1551 345 1593 dubio
363 1552 659 1594 dimicaturos!
717 1552 878 1594 Inferre
899 1553 1135 1595 vexillarios
1156 1555 1274 1596 iussit
1295 1556 1424 1611 signa.
1480 1556 1586 1598 Om-

188 1625 262 1650 nes
293 1610 454 1651 connisi
487 1611 657 1652 tandem
691 1620 930 1652 averterunt
962 1612 1137 1653 hostem.
1201 1612 1432 1669 Postquam
1470 1623 1586 1670 terga

187 1667 356 1717 dabant,
380 1676 420 1709 et
448 1668 493 1708 in
521 1668 662 1724 fugam
694 1669 846 1724 passim
878 1669 1216 1719 effundebantur,
1240 1680 1330 1712 tum
1361 1671 1414 1712 ad
1444 1687 1586 1728 perse-

188 1725 379 1781 quendos
416 1741 486 1767 eos
521 1726 739 1782 legionarii
776 1727 939 1783 equites
976 1728 1160 1769 immissi.
1232 1728 1585 1776 Quattuordecim

187 1783 317 1824 millia
348 1783 551 1825 Boiorum
580 1800 630 1825 eo
656 1784 724 1825 die
754 1800 873 1826 caesa
900 1794 1020 1834 sunt;
1054 1785 1137 1826 vivi
1166 1787 1277 1842 capti
1309 1787 1422 1828 mille
1452 1804 1585 1829 nona-

186 1841 305 1897 ginta
340 1841 447 1883 duo:
493 1842 655 1898 equites
697 1843 952 1898 septingenti
988 1843 1139 1899 viginti
1177 1859 1297 1894 unus,
1337 1854 1420 1887 tres
1456 1846 1585 1887 duces

187 1914 345 1950 eorum,
377 1900 496 1956 signa
526 1900 720 1941 militaria
751 1900 935 1941 ducenta
966 1901 1204 1952 duodecim,
1238 1912 1436 1958 carpenta
1466 1919 1585 1945 sexa-

185 1956 304 2014 ginta
333 1957 421 1998 tria.
486 1957 579 1999 Nee
603 1958 806 1999 Romanis
838 1959 1060 2000 incruenta
1090 1959 1263 2001 victoria
1293 1960 1382 2003 fuit.
1449 1961 1586 2018 Supra

187 2015 376 2071 quinque
399 2015 530 2056 millia
551 2015 745 2065 militum,
763 2016 950 2071 ipsorum
971 2025 1042 2057 aut
1064 2017 1283 2067 sociorum,
1302 2028 1398 2059 sunt
1421 2020 1583 2069 amissa,

186 2073 454 2114 centuriones
487 2082 569 2114 tres
601 2082 643 2114 et
678 2073 839 2127 viginti,
872 2074 1072 2129 praefecti
1108 2075 1266 2115 socium
1299 2085 1508 2131 quattuor,
1542 2087 1583 2119 et

187 2128 249 2171 M.
273 2129 503 2179 Genucius,
527 2139 569 2171 et
590 2130 642 2179 Q.
662 2140 704 2172 et
722 2130 783 2171 M.
801 2130 966 2181 Marcii,
991 2132 1148 2173 tribuni
1170 2132 1351 2174 militum
1373 2135 1582 2176 secundae

185 2187 373 2244 legionis.

245 2245 408 2287 Eodem
440 2246 526 2287 fere
561 2254 746 2302 tempore
781 2246 959 2287 duorum
997 2247 1216 2289 consulum
1254 2248 1399 2291 literae
1434 2249 1582 2293 allatae
1675 2256 1712 2296 6.

184 2312 295 2353 sunt,
319 2304 368 2345 L.
392 2303 580 2345 Cornelii
610 2304 661 2345 de
691 2304 850 2360 proelio
879 2305 932 2345 ad
955 2304 1169 2346 Mutinam
1199 2322 1294 2347 eum
1322 2306 1437 2348 Boiis
1457 2308 1580 2359 facto,

157 2377 170 2398 1
185 2370 227 2403 et
251 2361 304 2410 Q.
325 2361 507 2402 Minucii
529 2378 553 2402 a
574 2362 692 2403 Pisis.
748 2368 758 2386 ⁶
778 2362 964 2403 Comitia
985 2379 1081 2404 suae
1104 2364 1223 2405 sortis
1245 2380 1356 2406 esse:
1393 2375 1581 2407 ceterum

186 2424 198 2442 ⁶
214 2419 320 2461 adeo
348 2435 548 2476 suspensa
576 2420 716 2461 onmia
744 2420 787 2460 in
815 2420 1042 2476 Liguribus
1070 2436 1112 2462 se
1142 2422 1308 2472 habere,
1336 2431 1383 2464 ut
1414 2424 1581 2466 abscedi

187 2476 326 2526 ‘inde,
355 2477 443 2518 sine
472 2478 658 2533 pernicie
693 2478 898 2519 sociorum
933 2487 976 2519 et
1008 2478 1162 2520 damno
1195 2480 1463 2536 reipublicae,
1494 2498 1581 2523 non

187 2539 199 2557 ⁶
214 2535 352 2590 possit.
419 2534 462 2575 Si
491 2535 549 2576 ita
573 2535 786 2576 videretur
806 2536 1014 2586 Patribus,
1038 2537 1254 2578 mitterent
1282 2538 1334 2578 ad
1363 2539 1579 2595 collegam,

187 2597 198 2614 ⁶
215 2600 262 2632 ut
282 2591 328 2641 is,
351 2592 423 2648 qui
444 2593 711 2648 profligatum
736 2593 893 2634 bellum
922 2594 1106 2643 haberet,
1130 2595 1183 2636 ad
1205 2596 1375 2637 comitia
1399 2597 1580 2638 Romam

187 2654 198 2672 ⁶
214 2648 392 2690 rediret:
426 2650 460 2690 si
488 2650 532 2691 id
559 2652 693 2692 faeere
721 2660 975 2705 gravaretur,
999 2653 1113 2708 quod
1142 2668 1227 2693 non
1258 2669 1355 2695 suae
1388 2655 1507 2696 sortis
1536 2655 1579 2696 id

187 2713 198 2730 ⁶
214 2707 431 2763 negotium
459 2717 578 2758 esset,
601 2724 643 2750 se
666 2708 838 2765 quidem
859 2709 1080 2760 facturum,
1103 2711 1388 2767 quodeunque
1412 2721 1579 2753 senatus

227 2831 246 2861 ⁶)
262 2822 387 2851 Alariis
399 2822 574 2861 equilibus]
594 2822 758 2853 Sociorum
773 2822 859 2862 equi·
904 2823 1035 2862 quidem
1060 2827 1144 2854 sorte
1167 2825 1321 2861 evenisse,
1345 2828 1379 2855 ut
1403 2826 1443 2855 ad
1468 2826 1578 2856 urbem

185 2863 279 2894 tibus.
311 2864 349 2894 cf.
367 2874 452 2903 supr.
470 2864 555 2894 xxvi.
578 2874 623 2903 14.
649 2866 754 2897 Cnssv.
907 2865 1025 2898 veniret
1055 2870 1087 2898 et
1119 2867 1257 2899 comitiis
1287 2868 1444 2899 habendis
1474 2878 1578 2908 praes-

233 2916 243 2936 1
271 2908 406 2938 Comitia
435 2918 514 2939 suae
542 2908 636 2938 sortis
664 2909 746 2946 csse]
791 2907 858 2939 Sibi
903 2913 960 2942 set.
