1960 3218
369 148 453 185 334
892 143 1042 186 TITI
1078 142 1257 185 LIVII

161 244 205 275 U.
224 245 261 275 C.
285 244 356 284 563·
372 234 600 275 mulatione
633 234 823 290 inopiae:
859 242 901 275 et
922 234 1139 290 paullatim
1163 233 1353 275 illiberali
1384 232 1633 281 adiectione,
1655 246 1769 272 nunc

159 289 199 318 A.
226 288 263 319 C·
290 290 358 328 ¹89·
371 307 446 348 per
467 292 788 341 cavillationem,
813 308 926 333 nunc
955 292 1149 348 precibus
1180 301 1222 332 et
1253 290 1456 331 simulatis
1487 289 1693 339 lacrymis,
1717 289 1803 330 ad6

227 473 290 510 15.

371 359 541 390 eentum
570 350 727 391 talenta
748 361 809 391 est
831 350 1069 406 perductus.
1134 349 1315 390 Adlecta
1343 349 1489 389 decem
1523 337 1652 387 millia
1682 361 1770 387 me-

371 407 562 448 dimnum
586 408 797 448 frumenti.
863 407 982 448 Haec
1006 407 1147 447 omnia
1168 407 1276 447 intra
1298 422 1369 447 sex
1393 406 1482 446 dies
1503 415 1660 445 exacta.

430 466 471 505 A
497 465 655 522 Cibyra
675 480 750 520 per
779 481 898 521 agros
925 465 1194 506 Sindensium
1219 464 1427 505 exereitus
1449 463 1612 511 ductus,
1637 471 1770 502 trans-

369 538 617 579 gressusque
651 522 873 563 Caularem
907 538 1086 571 amnem,
1117 522 1255 577 posuit
1286 531 1429 562 castra.
1493 520 1668 561 Postero
1700 519 1768 559 die

369 591 432 621 est
461 590 625 636 practer
650 580 855 621 Caralitin
887 580 1085 636 paludem
1117 594 1267 634 agmen
1297 579 1483 619 ductum.
1549 577 1620 618 Ad
1644 576 1800 619 Man-7

370 638 577 694 dropolim
619 648 873 678 manserunt.
958 637 1062 677 Inde
1104 636 1471 692 progredientibus
1512 635 1565 676 ad
1606 635 1767 690 Lagon,

368 696 602 751 proximam
628 696 786 744 urbem,
812 704 924 735 metu
956 694 1116 734 incolae
1138 694 1348 748 fugerunt.
1413 693 1606 733 Vaeuum
1635 692 1769 732 homi-

369 753 505 803 nibus,
530 762 572 793 et
594 753 791 793 refertum
820 767 959 793 rerum
986 753 1173 792 omnium
1201 751 1333 806 copia,
1358 750 1560 806 oppidum
1584 749 1769 805 diripue-

369 820 478 851 runt.
542 810 648 850 Inde
671 810 722 850 ad
746 810 868 866 Lysis
891 809 1077 850 fluminis
1097 809 1245 857 fontes,
1269 817 1435 863 postero
1458 807 1525 848 die
1549 807 1600 847 ad
1626 807 1769 848 Cobu-

369 868 499 908 latum
522 883 689 908 amnem
713 867 930 923 progressi.
995 867 1311 907 Termessenses
1340 881 1389 906 eo
1419 874 1606 920 tempore
1635 864 1769 904 Ision-

369 925 563 966 densium
596 941 747 974 arcem,
782 926 882 965 urbe
915 933 1048 979 capta,
1083 924 1409 979 oppugnabant:
1450 922 1612 970 inclusi,
1636 937 1768 977 quum

368 983 448 1024 alia
478 998 571 1039 spes
603 983 748 1023 auxilii
780 982 896 1023 nulla
926 991 1046 1031 esset,
1075 981 1231 1036 legatos
1263 980 1315 1020 ad
1347 980 1574 1029 consulem,
1603 988 1768 1020 orantes

368 1056 505 1097 opem,
535 1041 763 1081 miserunt:
800 1045 811 1063 ⁶
831 1040 942 1080 Cum
975 1039 1224 1095 coniugibus
1255 1054 1302 1079 ac
1334 1037 1473 1079 liberis
1505 1037 1547 1077 in
1580 1052 1673 1078 arce
1704 1037 1769 1077 in-

370 1098 533 1139 ‘clusos
564 1113 605 1139 se
639 1108 817 1139 mortem
848 1097 892 1138 in
920 1097 1022 1146 dies,
1046 1106 1117 1138 aut
1144 1096 1252 1137 ferro
1279 1105 1350 1136 aut
1374 1095 1483 1136 fame
1512 1094 1767 1151 patiendam,

370 1162 382 1180 ‘
399 1165 654 1212 exspectare„
717 1155 757 1196 V
760 1156 889 1196 olenti
912 1154 1072 1196 consuli
1096 1169 1219 1195 causa
1240 1154 1282 1194 in
1306 1152 1599 1210 Pamphyliam
1622 1152 1769 1194 dever-

369 1214 486 1255 tendi
510 1213 648 1254 oblata
670 1222 742 1255 est.
798 1213 1045 1254 Adveniens
1067 1212 1284 1253 obsidione
1308 1211 1574 1252 Isiondenses
1597 1210 1765 1251 exemit.

369 1271 592 1312 Termesso
625 1286 771 1327 pacem
805 1271 935 1319 dedit,
963 1270 1272 1326 quinquaginta
1305 1269 1471 1310 talentis
1505 1268 1667 1324 argenti
1701 1284 1769 1309 ae-

368 1329 525 1385 ceptis:
580 1330 681 1370 item
724 1328 955 1385 Aspendiis
996 1328 1230 1382 ceterisque
1272 1327 1547 1383 Pamphyliae
1588 1325 1765 1382 populis.

370 1386 437 1427 Ex
475 1386 727 1443 Pamphylia
769 1386 935 1427 rediens
981 1386 1035 1427 ad
1075 1386 1249 1426 fluvium
1287 1385 1475 1425 Taurum
1513 1384 1647 1440 primo
1684 1384 1766 1434 die,

367 1454 533 1500 postero
567 1445 620 1485 ad
655 1444 858 1499 Xylinen,
892 1459 1019 1500 quam
1052 1451 1216 1492 vocant,
1250 1442 1416 1484 Comen
1450 1442 1589 1498 posuit
1621 1452 1765 1483 castra.

368 1502 586 1543 Profectus
607 1502 706 1543 inde
730 1502 1044 1543 continentibus
1074 1501 1294 1542 itineribus
1320 1500 1372 1540 ad
1398 1499 1599 1541 Cormasa
1621 1500 1766 1540 urbem

367 1560 569 1616 pervenit.
634 1560 769 1600 Darsa
790 1559 982 1615 proxima
1003 1559 1100 1600 urbs
1122 1567 1234 1600 erat:
1270 1573 1375 1607 eam,
1400 1567 1515 1598 metu
1537 1557 1768 1598 incolarum

368 1618 588 1667 desertam,
611 1617 1000 1673 plenanromnium
1032 1632 1170 1657 rerum
1200 1616 1321 1672 copia
1351 1616 1525 1656 invenit.
1588 1615 1769 1671 Progre-

367 1675 502 1716 dienti
539 1686 704 1732 praeter
739 1675 914 1731 paludes
950 1675 1077 1731 legati
1111 1675 1162 1715 ab
1200 1674 1398 1730 Lysinoe,
1428 1673 1632 1714 dedentes
1667 1673 1768 1714 civi-

368 1742 511 1782 tatem,
545 1742 763 1774 venerunt.
828 1732 933 1774 Iude
968 1733 1011 1773 in
1045 1747 1192 1789 agrum
1229 1732 1560 1787 Sagalassenum,
1593 1731 1766 1772 uberem

366 1791 634 1846 fertilemque
673 1791 788 1832 omni
829 1806 983 1846 genere
1020 1791 1201 1846 frugum,
1240 1798 1413 1830 ventum
1450 1798 1524 1830 est.
1607 1787 1768 1829 Colunt

368 1848 549 1898 Pisidae,
583 1848 706 1904 longe
739 1848 886 1904 optimi
920 1848 1030 1889 bello
1064 1847 1245 1903 regionis
1279 1847 1378 1888 eius.
1446 1846 1591 1894 Quum
1624 1861 1673 1886 ea
1703 1861 1767 1886 res

368 1906 528 1947 animos
556 1906 666 1956 facit,
691 1914 780 1947 tum
811 1906 898 1960 agri
930 1905 1177 1954 fecunditas,
1200 1913 1243 1946 et
1275 1904 1501 1945 multitudo
1532 1903 1765 1953 hominum,

367 1973 409 2004 et
443 1964 545 2004 situs
579 1964 689 2004 inter
719 1978 872 2020 paucas
906 1963 1092 2004 munitae
1127 1963 1250 2003 urbis.
1317 1962 1491 2012 Consul,
1522 1961 1621 2017 quia
1651 1961 1768 2002 nulla

366 2021 520 2077 legatio
549 2021 602 2062 ad
628 2022 757 2062 finem
786 2029 951 2077 praesto
972 2021 1119 2071 fuerat,
1143 2020 1388 2077 praedatum
1421 2020 1465 2060 in
1494 2034 1612 2076 agros
1640 2018 1763 2060 misit.

368 2079 407 2119 T
412 2095 480 2119 um
504 2079 675 2120 demum
697 2079 827 2119 fracta
852 2079 1081 2134 pertinacia
1103 2087 1177 2128 est,
1201 2087 1247 2119 ut
1274 2078 1371 2119 ferri
1400 2077 1551 2134 agique
1580 2091 1645 2117 res
1673 2088 1798 2118 suas8

367 2137 574 2177 viderunt.
639 2136 810 2192 Legatis
847 2137 993 2185 missis,
1028 2137 1139 2192 pacti
1171 2135 1481 2192 quinquaginta
1513 2134 1692 2183 talentis,
1725 2142 1767 2175 et

369 2194 518 2249 viginti
555 2193 738 2235 millibus
775 2194 1036 2235 medimnum
1074 2194 1213 2243 tritici,
1249 2194 1396 2249 viginti
1428 2192 1587 2242 hordei,
1619 2206 1765 2248 pacem

368 2251 708 2307 impetraverunt.
772 2251 1020 2307 Progressus
1056 2251 1154 2292 inde
1196 2251 1249 2292 ad
1293 2251 1492 2292 Obrimae
1527 2251 1675 2298 sontes,
1712 2247 1765 2290 ad

368 2309 519 2358 vicum,
546 2325 673 2366 quem
696 2309 902 2350 Acaridos
933 2309 1097 2350 Comen
1129 2317 1291 2359 vocant,
1321 2308 1461 2364 posuit
1491 2316 1634 2348 castra.
1699 2305 1797 2352 Eoo

371 2365 570 2408 Seleucus
602 2368 653 2408 ab
681 2367 873 2423 Apamea
903 2376 1070 2423 postero
1102 2367 1170 2408 die
1202 2366 1328 2407 venit.
1393 2365 1556 2420 Aegros
1588 2363 1687 2404 inde
1722 2372 1765 2404 et

368 2424 533 2465 inutilia
564 2424 868 2480 impedimenta
897 2439 1028 2480 quum
1056 2424 1289 2480 Apameam
1322 2422 1557 2471 dimisisset,
1588 2421 1764 2462 ducibus

367 2481 565 2522 itinerum
595 2483 645 2522 ab
676 2481 852 2523 Seleuco
884 2482 1077 2537 aceeptiS,
1105 2481 1313 2538 profectus
1345 2496 1394 2521 eo
1426 2480 1494 2520 die
1526 2480 1569 2520 in
1603 2478 1765 2520 Metro·-

365 2538 599 2593 politanum
629 2554 838 2594 campum,
861 2548 1029 2595 postero
1051 2539 1118 2579 dic
1142 2538 1291 2579 Dinias
1314 2537 1522 2594 Phrygiae
1552 2536 1762 2593 processit.

662 1157 670 1173 7

409 2651 428 2682 6
451 2653 520 2682 Per
546 2653 797 2690 cavillalionem]
835 2653 895 2683 I‘er
922 2652 1042 2692 specio-
1131 2653 1149 2681 8
1175 2653 1268 2682 Ferri
1300 2652 1432 2692 stylique]
1475 2651 1601 2681 Gra-eea
1632 2649 1762 2681 locutio.

366 2705 446 2731 sam,
463 2704 526 2733 qua
549 2696 711 2733 postulata
733 2696 892 2732 eluderet,
911 2706 1042 2725 excusa-
1089 2695 1127 2725 ef.
1146 2705 1232 2733 supr.
1251 2694 1293 2724 iii.
1312 2703 1359 2732 37.

366 2736 498 2767 tionem.
525 2737 634 2767 Dorta.
1129 2748 1148 2778 9
1172 2739 1330 2767 Avaridns
1351 2738 1484 2775 Fomen]
1522 2737 1574 2766 lta
1594 2745 1650 2774 pro
1677 2735 1761 2774 vulg.

412 2786 427 2818 7
452 2780 503 2809 Ad
526 2781 785 2819 Jtlmdropolim]
818 2781 963 2811 Multum
989 2780 1041 2810 hic
1087 2781 1246 2819 Aporidos
1273 2780 1337 2809 lac.
1356 2779 1540 2809 Gronovius
1567 2777 1761 2808 emendavit.

368 2821 492 2852 variant
507 2822 642 2853 codices.
684 2823 749 2853 Iac.
766 2823 949 2854 Gronovius
965 2823 1043 2863 legit
1087 2824 1206 2853 Amris
1244 2827 1290 2853 est
1322 2824 1396 2852 urbs
1428 2821 1599 2861 Phrygiae,
1631 2824 1762 2860 propter

366 2866 584 2902 Alordiaeum,
616 2866 727 2895 urbem
761 2865 899 2896 Pisidiae
926 2877 943 2896 a
973 2866 1040 2897 Ste-
1087 2876 1183 2904 quam
1212 2865 1307 2895 situm
1334 2865 1431 2895 fuisse
1458 2865 1544 2894 hunc
1573 2864 1678 2893 vicum
1706 2862 1762 2892 ille

367 2907 477 2945 phano
495 2912 715 2938 memoratam.
740 2909 846 2939 Cum.
1086 2908 1277 2946 suspicatur,
1294 2911 1325 2938 et
1341 2908 1381 2938 ab
1398 2917 1436 2938 ea
1452 2917 1570 2937 nomen
1587 2904 1729 2936 traxisse.
