1960 3218
353 143 407 182 64
872 136 1021 182 ΤΙΤΙ
1062 137 1241 183 LIVII

145 243 190 275 U.
207 243 245 274 C.
267 250 339 282 554.
354 230 549 272 Achaeos
579 231 705 272 missi.
771 230 952 288 Sicyone
983 231 1127 272 datum
1163 231 1212 272 iis
1247 239 1310 272 est
1345 231 1581 273 concilium.
1646 230 1747 272 Erat

141 286 183 333 Ag
207 285 256 358 cii
271 285 494 358 {fg-autem
541 304 624 330 non
667 288 896 330 admodum
937 288 1114 344 simplex
1155 288 1321 329 habitus
1362 288 1597 329 animorum
1638 288 1749 329 inter

141 337 267 401 ἓξὲᾆδ
303 345 315 350 “
354 346 561 387 Achaeos.
625 346 830 387 Terrebat
862 346 995 387 Nabis
1024 345 1397 395 Lacedaemonius,
1423 345 1558 401 gravis
1583 353 1625 386 et
1650 345 1748 386 assi-

141 403 461 445 Achaeorumduus
483 404 638 445 hostis:
673 403 898 445 horrebant
920 403 1114 444 Romana
1134 418 1248 443 arma
1267 419 1275 443 :
1310 402 1597 444 Macedonum
1618 403 1748 443 bene-

141 455 303 528 fitu‘etuants
353 461 459 502 ficiis
480 470 522 502 et
537 461 746 502 veteribus
767 469 809 502 et
829 461 1066 502 recentibus
1088 460 1259 515 obligati
1280 469 1421 501 erant:
1445 475 1586 516 regem
1608 460 1747 516 ipsum

139 507 276 572 {0¹3er
292 508 311 528 a
354 526 594 575 suspectum
611 518 822 559 habebant
836 533 912 574 pro
929 518 1018 559 eius
1035 517 1279 559 crudelitate
1297 517 1557 573 perfidiaque
1572 533 1581 557 z
1606 532 1745 573 neque

354 591 406 617 ex
428 576 490 626 iis,
514 591 620 631 quae
644 584 733 616 tum
759 576 811 617 ad
838 584 1003 631 tempus
1023 575 1189 625 faceret,
1213 575 1491 624 aestimantes,
1514 574 1746 630 graviorem

352 642 446 690 post
473 633 629 675 bellum
652 633 871 674 dominum
896 634 1083 674 futurum
1112 633 1349 674 cernebant.
1413 631 1568 688 Neque
1596 630 1744 681 solum,

353 691 457 746 quid
488 691 531 731 in
563 699 710 732 senatu
735 691 912 746 quisque
942 690 1119 731 civitatis
1147 705 1258 740 suae,
1281 698 1353 731 aut
1379 689 1424 730 in
1453 688 1746 730 communibus

353 748 540 789 conciliis
567 748 704 803 gentis
731 763 806 803 pro
835 748 1043 789 sententia
1063 748 1263 797 dicerent,
1287 747 1559 804 ignorabant:
1593 746 1666 787 sed
1690 761 1744 786 ne

352 805 452 861 ipsis
485 806 658 861 quidem
694 820 836 846 secum
871 805 1163 861 cogitantibus,
1198 805 1302 861 quid
1334 804 1502 854 vellent,
1537 812 1609 844 aut
1640 802 1745 860 quid

353 872 558 919 optarent,
582 863 678 904 satis
709 863 935 904 constabat.
999 862 1071 903 Ad
1098 862 1290 904 homines
1318 862 1376 903 ita
1405 862 1585 903 incertos
1615 861 1745 902 intro-

140 924 340 957 Audiuntle-
353 919 490 961 ductis
511 920 658 975 legatis
678 928 861 975 potestas
877 919 1047 961 dicendi
1063 920 1171 961 facta
1192 928 1264 961 est.
1328 919 1546 960 Romanus
1561 919 1744 975 primum

139 971 239 1007 gatos.
352 976 511 1033 legatus
541 977 590 1018 L.
613 976 881 1033 Calpurnius,
905 977 1058 1018 deinde
1082 977 1217 1018 Attali
1244 976 1351 1032 regis
1382 976 1521 1033 legati,
1550 984 1645 1032 post
1673 990 1745 1017 eos

353 1034 513 1075 Rhodii
541 1034 840 1075 disseruerunt.
902 1034 1090 1090 Philippi
1118 1034 1270 1075 deinde
1299 1034 1445 1090 legatis
1473 1033 1642 1074 dicendi
1669 1048 1745 1088 po-

352 1099 476 1132 testas
496 1092 605 1133 facta
629 1099 702 1133 est.
764 1091 973 1133 Postremi
998 1091 1291 1141 Athenienses,
1314 1100 1361 1132 ut
1388 1090 1626 1132 refellerent
1648 1089 1744 1131 Ma-

349 1148 557 1190 cedonum
587 1149 710 1199 dicta,
734 1149 866 1190 auditi
897 1157 1005 1190 sunt.
1069 1148 1106 1190 Ii
1127 1149 1212 1190 fere
1238 1149 1492 1190 atrocissime
1518 1148 1562 1189 in
1586 1163 1741 1204 regem,

348 1206 448 1261 quia
475 1206 581 1247 nulli
615 1222 693 1248 nec
726 1206 858 1262 plura,
885 1221 965 1247 nec
998 1214 1085 1247 tam
1117 1208 1267 1248 acerba
1299 1206 1407 1262 passi
1435 1214 1565 1255 erant,
1588 1205 1742 1246 invecti

347 1271 456 1304 sunt.
521 1263 577 1304 Et
607 1263 679 1305 illa
700 1263 873 1319 quidem
904 1264 1051 1305 concio
1082 1264 1158 1305 sub
1189 1279 1380 1305 occasum
1409 1263 1517 1313 solis,
1541 1271 1602 1304 tot
1630 1262 1742 1319 lega-

348 1327 486 1361 torum
528 1322 742 1377 perpetuis
784 1321 1040 1362 orationibus
1076 1321 1144 1362 die
1188 1322 1422 1377 absumptO,
1460 1320 1629 1361 dimissa
1666 1328 1739 1361 est.

201 1381 268 1419 20.
348 1377 523 1419 Postero
540 1378 608 1419 die
626 1378 852 1420 advocatur
867 1378 1116 1420 concilium:
1141 1379 1212 1419 ubi
1230 1393 1360 1434 quum
1383 1393 1457 1434 per
1477 1392 1740 1434 praeconem,

348 1434 455 1476 sicut
487 1434 660 1477 Graecis
690 1451 779 1477 mos
809 1444 884 1485 est,
913 1436 1130 1486 suadendi,
1159 1436 1193 1476 si
1219 1436 1313 1492 quis
1340 1435 1479 1485 vellet,
1507 1443 1689 1491 potestas
1718 1450 1743 1475 a

137 1501 310 1549 Silentium
348 1492 657 1548 magistratibus
686 1493 794 1534 facta
824 1502 944 1543 esset,
976 1509 1054 1534 nec
1085 1493 1306 1549 quisquam
1337 1493 1551 1548 prodiret3
1584 1492 1658 1533 diu
1688 1492 1742 1532 si-

136 1548 220 1616 ¹¹l¹¹ter
236 1545 278 1575 Α·
347 1549 526 1591 lentium
555 1550 730 1591 aliorum
759 1550 860 1591 alios
888 1551 1143 1592 intuentium
1164 1551 1254 1591 fuit.
1319 1549 1472 1606 Neque
1504 1550 1670 1599 mirum,
1693 1549 1740 1599 si,

137 1596 153 1616 ⁰
178 1597 261 1618 aeos.
347 1607 500 1662 quibus
521 1622 596 1648 sua
616 1616 777 1663 sponte,
800 1608 1084 1649 volutantibus
1109 1623 1174 1648 res
1200 1608 1310 1649 inter
1330 1622 1372 1648 se
1394 1616 1644 1663 pugnanteS,
1667 1607 1741 1648 ob-

347 1672 593 1719 torpuerant
606 1664 919 1721 quodammodo
934 1665 1076 1714 animi,
1087 1680 1156 1706 eos
1165 1665 1374 1706 orationes
1383 1680 1553 1721 quoque
1570 1664 1742 1720 insuper

347 1722 626 1771 turbaverant,
650 1722 863 1778 utrimque
886 1738 993 1778 quae
1019 1722 1204 1763 difficilia
1231 1730 1381 1771 essent,
1404 1721 1638 1778 promendo
1667 1721 1741 1762 ad-

346 1779 658 1835 monendoque,
676 1794 752 1835 per
770 1788 906 1820 totum
923 1780 1035 1820 diem
1052 1779 1230 1820 habitae.
1279 1779 1474 1820 Tandem
1492 1779 1740 1820 Aristaenus

345 1844 512 1891 praetor
559 1836 840 1886 Achaeorum,
887 1852 940 1878 ne
992 1837 1166 1878 tacitum
1217 1836 1442 1877 concilium
1493 1836 1737 1886 dimitteret,

136 1893 324 1926 Aristaenus
348 1892 487 1943 ‘Ubi,’
522 1893 672 1949 inquit,
722 1893 820 1934 ‘illa
861 1894 1090 1936 certamina
1130 1894 1378 1943 animorum,
1417 1893 1589 1943 Achaei,
1627 1902 1737 1943 sunt,

135 1940 360 2011 ξξῗξὲξζτθὲῗ(
376 1950 528 2006 quibus
556 1951 600 1991 in
629 1951 829 1992 conviviis
856 1960 899 1992 et
927 1951 1103 2000 circulis,
1127 1966 1259 2007 quum
1281 1951 1333 1992 de
1355 1950 1554 2007 Philippo
1583 1959 1625 1992 et
1652 1950 1739 1992 Ro-

136 2013 360 2061 expromant‚‘
376 2008 509 2049 manis
534 2008 692 2049 mentio
720 2008 882 2058 incidit,
908 2009 978 2049 vix
1007 2009 1199 2049 manibus
1225 2008 1548 2064 temperabatis?
1610 2007 1739 2050 Nunc

135 2064 213 2103 quid
229 2065 323 2096 senti·
348 2065 419 2105 ‘in
450 2065 640 2115 concilio,
664 2066 717 2107 ad
747 2081 839 2107 eam
869 2081 958 2107 rem
990 2081 1117 2107 unam
1148 2065 1320 2116 indicto,
1343 2081 1475 2121 quum
1505 2065 1739 2121 legatorum

135 2110 201 2138 ant.
347 2123 585 2179 ‘utrimque
626 2123 753 2164 verba
794 2123 1022 2173 audieritis,
1060 2138 1193 2180 quum
1235 2123 1416 2165 referant
1459 2123 1735 2179 magistratus,

346 2185 358 2203 ‘
374 2195 506 2236 quum
533 2195 684 2237 praeco
712 2180 764 2222 ad
792 2180 1055 2222 suadendum
1080 2189 1214 2231 vocet,
1237 2181 1514 2222 obmutuistis.
1580 2180 1625 2222 Si
1652 2195 1738 2221 non

346 2242 358 2261 ‘
374 2252 473 2278 cura
502 2238 736 2278 communis
767 2238 923 2287 salutis,
953 2253 1006 2279 ne
1038 2238 1177 2279 studia
1205 2238 1392 2294 quidem,
1416 2253 1522 2293 quae
1554 2238 1598 2278 in
1628 2237 1737 2278 hanc

345 2300 448 2335 ‘aut
482 2294 526 2335 in
561 2294 674 2335 illam
710 2303 873 2350 partem
909 2295 1069 2336 animos
1100 2303 1257 2336 vestros
1291 2294 1558 2343 inclinarunt,
1591 2309 1736 2335 vocem

346 2357 358 2375 ‘
373 2352 570 2407 cuiquam
592 2360 767 2408 possunt
787 2352 1054 2408 exprimere?
1085 2367 1217 2408 quum
1238 2352 1481 2408 praesertim
1503 2367 1629 2392 nemo
1651 2360 1736 2393 tam

345 2414 357 2432 ‘
373 2408 501 2449 hebes
529 2409 594 2458 sit,
617 2409 690 2465 qui
718 2409 908 2464 ignorare
937 2409 1079 2465 possit,
1109 2409 1278 2450 dicendi
1306 2424 1353 2450 ac
1381 2408 1598 2457 suadendi,
1621 2408 1737 2464 quod

346 2471 358 2489 ‘
374 2466 553 2521 quisque
585 2475 656 2507 aut
686 2466 798 2516 velit,
832 2475 904 2508 aut
931 2466 1137 2522 optimum
1167 2474 1300 2522 putet,
1330 2481 1444 2507 nunc
1474 2466 1736 2507 occasionem

346 2528 474 2571 ‘esse,
504 2523 746 2578 priusquam
778 2524 1003 2579 quicquam
1035 2523 1320 2564 decernamus.
1386 2523 1471 2564 Ubi
1503 2523 1632 2564 semel
1662 2523 1736 2564 de—

345 2584 533 2620 ‘cretum
564 2580 656 2629 erit,
683 2581 876 2621 omnibus
907 2580 963 2629 id,
994 2580 1120 2621 etiam
1149 2580 1302 2636 quibus
1332 2588 1429 2621 ante
1461 2580 1525 2621 dis
1557 2580 1733 2631 licuerit,

345 2641 447 2692 ‘pro
480 2637 591 2677 bono
624 2645 750 2692 atque
788 2637 879 2678 utili
910 2637 1078 2678 foedere
1110 2637 1451 2679 defendendum.'
1512 2595 1631 2679 fiaec
1662 2638 1735 2679 ad-

387 2768 406 2794 4
429 2759 496 2788 Pro
512 2759 590 2788 bono
607 2762 704 2798 atque
725 2759 798 2788 utili
813 2760 946 2797 foedere
967 2760 1016 2789 de·
1060 2759 1177 2790 lectio:
1223 2760 1267 2796 id,
1297 2770 1415 2799 nempe
1448 2760 1534 2799 quod
1569 2761 1733 2791 decretum

335 2800 555 2837 senciendum]
600 2800 704 2830 Recte
734 2801 860 2830 videtur
892 2801 1014 2831 Perizo-
1060 2801 1130 2837 erit,
1148 2812 1209 2841 pro
1225 2803 1302 2833 bono
1323 2807 1418 2842 atque
1441 2804 1514 2833 utili
1528 2804 1661 2842 foedere
1683 2804 1733 2834 de-

343 2841 416 2871 nius
445 2843 634 2873 emendare:
666 2844 742 2881 sore
770 2844 1015 2882 defendendmn.
1053 2845 1265 2882 senciendum.
1311 2844 1402 2880 Quid
1419 2845 1443 2875 si
1460 2845 1573 2875 foedus
1595 2855 1659 2875 non
1680 2845 1732 2875 de-

345 2883 455 2915 Habet
486 2884 639 2924 quiddam
672 2885 854 2916 inconcinni
887 2886 1016 2926 vulgata
1061 2890 1219 2925 cernatur,
1241 2887 1297 2918 sed
1321 2887 1547 2920 Cleomedonti
1574 2890 1734 2927 pareatur,
