1960 3218
557 140 684 182 LIB.
719 138 961 181 XXXVII.
1008 138 1156 180 CAP.
1189 142 1258 179 43.
1525 138 1605 176 301

212 245 336 272 cursu
356 230 589 272 ferrentur:
625 245 805 286 quorum
826 229 1009 285 impetus
1038 237 1080 269 et
1104 228 1206 269 levis
1228 235 1449 276 armatura,
1473 235 1514 268 et
1537 241 1611 267 ex-
1626 235 1669 266 U.
1687 235 1725 266 C.
1749 233 1823 274 562.

211 288 346 345 pediti
367 288 611 337 funditores,
635 299 677 329 et
698 287 821 328 velox
846 286 1062 328 Cretensis
1083 294 1297 327 momento
1320 285 1607 326 declinabant:
1625 279 1664 309 A·
1688 279 1726 309 C.
1753 287 1825 318 ¹90·

184 355 255 388 2et
276 361 405 402 eques
426 346 689 402 insequendo
712 345 939 386 tumultum
968 360 1015 385 ac
1046 359 1243 400 pavorem
1276 343 1395 398 equis
1424 341 1612 383 camelis-

214 420 309 460 que,
333 414 375 445 et
401 404 499 460 ipsis
521 404 645 445 simul
666 403 954 452 consternatis,
978 402 1170 457 augebat,
1193 401 1373 441 clamore
1396 409 1436 441 et
1459 400 1510 440 ab
1533 399 1613 440 alia

214 462 575 503 circumstantium
603 462 724 502 turba
752 460 973 516 multiplici
1005 460 1180 500 adiecto.
1244 458 1309 499 Ita
1340 458 1480 498 medio
1503 457 1614 498 inter

215 519 318 560 duas
340 520 447 561 acies
464 535 612 575 campo
635 519 862 575 exiguntur
878 517 1130 573 quadrigae:
1165 525 1389 571 amotoque
1412 515 1528 555 inani
1549 515 1614 555 lu-

215 577 363 627 dibrio,
397 586 487 618 tum
519 577 690 618 demum
722 576 775 617 ad
806 577 962 616 iustum
995 575 1214 631 proelium,
1247 574 1366 630 signo
1400 572 1612 628 utrimque

215 634 326 684 dato,
361 650 610 676 concursum
644 644 717 676 est.
784 634 985 675 Ceterum
1018 649 1125 674 vana
1162 632 1232 673 illa
1267 647 1332 672 res
1360 646 1481 672 verae
1515 645 1612 671 mox
1690 633 1759 670 42.

216 692 344 734 cladis
365 708 488 734 causa
508 692 598 733 fuit.
655 692 830 733 Auxilia
858 692 970 732 enim
1001 690 1259 739 subsidiaria,
1284 705 1392 745 quae
1424 688 1615 745 proxima

215 750 351 791 locata
372 759 502 800 erant,
526 766 677 806 pavore
704 759 746 791 et
774 749 1111 791 consternatione
1135 748 1434 804 quadrigarum
1457 746 1613 794 territa,

217 817 259 849 et
290 809 380 865 ipsa
412 809 455 848 in
491 808 632 864 fugam
664 824 793 857 versa,
832 807 1046 848 nudarunt
1080 807 1222 847 omnia
1252 821 1384 861 usque
1419 804 1473 845 ad
1505 812 1616 844 cata-

216 866 410 922 phractos
432 867 606 922 equites.
672 866 743 906 Ad
766 881 869 921 quos
892 881 1036 921 quum,
1061 863 1269 920 dissipatis
1291 862 1497 911 subsidiis,
1521 877 1615 918 per-
1630 873 1774 903 Laevum

216 924 398 965 venisset
419 924 630 980 equitatus
655 923 884 972 Romanus,
909 939 961 963 ne
993 923 1177 978 primum
1205 921 1378 977 quidem
1410 920 1613 976 impetum
1629 926 1727 987 90Υῆῑέ
1745 916 1810 945 An-

188 997 313 1038 3pars
334 997 478 1023 eorum
510 982 810 1022 sustinuerunt.
874 981 963 1021 Alii
984 981 1064 1021 fusi
1085 989 1206 1029 sunt3
1241 979 1309 1019 alii
1332 986 1503 1035 propter
1523 993 1616 1033 gra-
1629 961 1809 1032 &patriam-

219 1040 391 1081 vitatem
414 1049 753 1095 tegumentorum
775 1054 1070 1095 armorumque
1089 1037 1275 1094 oppressi
1296 1046 1404 1078 sunt.
1456 1036 1617 1076 Totum

220 1097 374 1139 deinde
406 1098 571 1139 laevum
603 1113 733 1138 cornu
764 1097 1004 1146 inclinavit3
1039 1106 1093 1146 ct,
1126 1095 1299 1136 turbatis
1331 1093 1615 1142 auxiliaribus,

221 1156 295 1211 qui
321 1156 432 1196 inter
456 1156 631 1211 equites,
655 1164 697 1196 et
719 1171 824 1211 quos
852 1154 1064 1210 appellant
1095 1153 1369 1209 phalangitas,
1393 1160 1525 1201 erant,
1549 1166 1614 1192 us-

221 1229 303 1268 que
325 1213 377 1254 ad
400 1213 581 1254 mediam
610 1213 742 1254 aciem
773 1222 904 1254 terror
932 1213 1134 1268 pervenit.
1199 1211 1265 1251 [bi
1296 1210 1420 1251 simul
1453 1217 1618 1265 pertur-

220 1271 307 1312 bati
328 1271 510 1320 ordines,
534 1280 576 1312 et
597 1270 824 1326 impeditus
846 1271 1081 1311 intercursu
1102 1284 1272 1310 suorum
1299 1283 1397 1309 usus
1425 1266 1619 1323 praelon-

219 1344 367 1384 garum
388 1329 612 1378 hastarum,
631 1329 816 1383 (sarissas
836 1327 1095 1369 Macedones
1112 1326 1283 1381 vocant)
1300 1325 1479 1366 intulere
1502 1325 1619 1380 signa

222 1386 440 1428 Romanae
474 1386 673 1442 legioneS,
704 1395 746 1427 et
776 1385 862 1442 pila
890 1386 932 1426 in
962 1385 1226 1442 perturbatos
1254 1384 1484 1425 coniecere.
1549 1382 1618 1423 Ne

221 1445 456 1501 interpositi
489 1444 661 1500 quidem
699 1444 913 1500 elephanti
947 1443 1124 1484 militem
1158 1443 1401 1483 Romanum
1435 1441 1621 1481 deterre-

221 1503 335 1552 bant,
359 1511 569 1544 assuetum
592 1502 672 1543 iam
696 1503 747 1543 ab
770 1502 925 1543 Africis
946 1501 1065 1543 bellis
1087 1510 1129 1542 et
1151 1501 1280 1541 vitare
1304 1500 1508 1555 impetum
1532 1498 1621 1539 bel-

221 1560 328 1610 luae,
361 1570 403 1601 et
434 1575 486 1601 ex
519 1570 750 1601 transverso
784 1569 855 1601 aut
887 1560 983 1616 pilis
1015 1560 1233 1607 incessere,
1266 1567 1350 1607 aut,
1384 1557 1416 1597 si
1448 1556 1620 1612 propius

192 1618 360 1664 4subire
397 1627 548 1674 posset,
582 1618 722 1674 gladio
758 1633 906 1658 nervos
948 1617 1145 1658 incidere.
1216 1616 1306 1657 Iam
1340 1615 1480 1656 media
1512 1614 1621 1655 acies
1637 1626 1750 1658 Media

222 1676 307 1717 fere
340 1676 475 1717 omnis
506 1692 530 1716 a
559 1676 695 1717 fronte
723 1684 929 1732 prostrata
957 1684 1056 1723 erat,
1080 1684 1122 1716 et
1150 1673 1335 1715 subsidia
1360 1672 1578 1714 circumita
1598 1670 1720 1712 aacies
1736 1680 1807 1709 pro-

223 1742 341 1790 tergo
367 1734 672 1775 caedebantur:
708 1749 839 1790 quum
866 1733 910 1773 in
941 1743 1058 1789 parte
1091 1732 1170 1773 alia
1200 1732 1341 1787 fugam
1373 1745 1557 1779 suorum,
1580 1738 1623 1770 et
1636 1717 1744 1743 strata.

223 1807 353 1848 prope
387 1792 471 1833 iam
504 1791 557 1832 ad
591 1792 680 1848 ipsa
713 1800 846 1832 castra
876 1791 1100 1832 clamorem
1132 1789 1377 1846 paventium
1409 1803 1619 1844 accepere.
1653 1823 1657 1825 .

225 1849 422 1906 Namque
448 1850 687 1891 Antiochus
718 1865 741 1891 a
772 1849 920 1890 dextro
943 1864 1087 1898 cornu,
1110 1863 1240 1904 quum
1274 1847 1332 1888 ibi
1364 1846 1518 1887 fiducia
1544 1846 1622 1886 flu-
1638 1856 1810 1888 Sinistrum

224 1908 349 1948 minis
370 1907 485 1948 nulla
505 1907 689 1949 subsidia
705 1915 908 1956 cerneret,
927 1916 1091 1963 praeter
1108 1914 1306 1962 quattuor
1327 1914 1482 1946 turmas
1503 1903 1623 1960 equi-
1637 1910 1736 1973 {mm
1752 1942 1768 1972 f
1810 1940 1815 1946 .

225 1975 329 2015 tum,
353 1974 394 2007 et
416 1980 497 2015 eas,
521 1965 622 2006 dum
645 1965 858 2022 applicant
887 1980 928 2006 se
962 1965 1058 2014 suis,
1082 1965 1215 2020 ripam
1244 1963 1465 2011 nudantes,
1490 1962 1623 2017 impe·
1637 1944 1833 2016 adofflt'stffin

227 2032 317 2064 tum
350 2023 394 2063 in
428 2038 518 2064 eam
550 2032 712 2078 partem
742 2031 839 2064 cu‘m
872 2022 1038 2063 auxiliis
1066 2030 1109 2063 et
1136 2021 1403 2077 cataphracto
1430 2019 1624 2075 equitatu

226 2080 348 2122 fecit:
383 2096 461 2122 nee
492 2097 516 2122 a
541 2081 678 2122 fronte
712 2090 876 2122 tantum
908 2080 1101 2129 instabat,
1136 2079 1222 2127 sed,
1253 2077 1472 2119 circumito
1498 2092 1521 2118 a
1545 2077 1625 2118 flu-

227 2138 341 2179 mine
373 2153 517 2187 cornu,
540 2138 622 2179 iam
654 2139 706 2179 ab
737 2138 864 2179 latere
891 2138 1092 2193 urgebam
1132 2137 1267 2178 donec
1298 2135 1430 2191 fugati
1462 2135 1624 2190 equites

228 2196 423 2252 primum,
453 2195 607 2237 deinde
641 2196 821 2251 proximi
854 2195 1043 2251 peditum
1082 2196 1213 2236 effuso
1246 2208 1370 2234 cursu
1403 2192 1456 2233 ad
1491 2201 1625 2233 castra

229 2253 433 2309 compulsi
454 2262 562 2294 sunt.
625 2253 825 2294 Praeerat
846 2254 988 2294 castris
1011 2252 1072 2293 M.
1092 2251 1300 2293 Aemilius
1326 2251 1518 2292 tribunus
1547 2250 1625 2290 mi-
1702 2253 1771 2290 43.

227 2310 363 2360 litum,
397 2311 459 2352 M.
479 2310 634 2367 Lepidi
668 2311 791 2360 filius,
827 2311 900 2367 qui
940 2319 1034 2367 post
1074 2325 1229 2367 paucos
1265 2324 1396 2349 anuos
1433 2307 1624 2364 pontifex

228 2369 436 2410 maximus
457 2369 589 2410 factus
612 2378 684 2410 cst.
750 2369 801 2418 Is,
826 2384 910 2425 qua
930 2369 1070 2424 fugam
1097 2367 1295 2409 cernebat
1322 2381 1505 2415 suorum,
1529 2380 1626 2406 cum

227 2427 433 2482 praesidio
463 2427 577 2468 omni
609 2427 814 2476 occurrit3
851 2436 893 2468 et
924 2435 1031 2467 stare
1062 2426 1209 2482 primo,
1233 2424 1387 2465 deinde
1415 2423 1549 2464 redire
1583 2423 1626 2464 in

228 2499 426 2540 pugnam,
461 2485 644 2534 iubebat,
679 2500 875 2540 pavorem
917 2494 959 2526 et
1001 2493 1166 2540 turpem
1208 2482 1350 2539 fugam
1392 2481 1624 2537 increpans.

198 2541 376 2583 sMinae
408 2542 562 2584 exinde
594 2552 726 2593 eraut,
760 2543 803 2583 in
832 2543 1063 2599 pernicicm
1095 2556 1212 2582 suam
1244 2554 1388 2581 caecos
1419 2554 1554 2588 ruere,
1582 2538 1626 2579 ni

276 2707 292 2726 2
317 2698 526 2738 Camelisque,
544 2703 574 2728 et
598 2697 692 2738 ipsis]
735 2698 778 2728 Et
802 2708 905 2728 came-
951 2698 1057 2730 Cmcv.

231 2739 270 2770 lis
291 2750 418 2779 quoque
441 2740 529 2779 ipsis,
550 2741 604 2779 qui
629 2740 722 2771 vicini
747 2740 908 2780 quadrigis
995 2752 1013 2778 4
1037 2742 1162 2771 Neruas
1182 2739 1339 2779 incidere]
1377 2739 1502 2769 Neri-os
1527 2737 1629 2777 popli-

231 2786 331 2813 erant.
356 2783 461 2813 CREV.
953 2786 1021 2813 tum
1040 2783 1260 2822 intelligimus.
1285 2782 1391 2813 Cnssv.

275 2834 292 2863 3
318 2827 404 2855 Par-s·
427 2824 552 2864 eorum]
602 2825 708 2856 Valde
739 2829 908 2865 suspectae
997 2834 1012 2864 5
1031 2826 1148 2856 filinae
1163 2826 1278 2855 animle
1294 2823 1405 2862 erant]
1425 2822 1556 2853 Scilicet
1572 2822 1630 2852 mi-

233 2871 308 2898 sunt
338 2867 399 2898 hae
429 2868 512 2897 duae
544 2877 647 2905 voces,
672 2872 704 2898 et
734 2868 772 2899 iis
802 2868 909 2899 recisis
953 2869 1101 2905 nabatur,
1124 2867 1244 2898 milites
1274 2867 1305 2897 in
1338 2865 1510 2907 perniciem
1538 2875 1629 2896 suam

234 2921 344 2942 sensus
377 2910 586 2940 nihilominus
621 2910 742 2950 integer
774 2915 909 2943 constat.
955 2921 1067 2941 caecos
1084 2920 1182 2941 ruere.
