1960 3218
335 146 417 188 376
855 143 1005 186 ΤΙΤΙ
1049 143 1227 186 LIVII

122 245 176 279 Ἦ.
193 247 231 278 C
256 245 326 286 565·
340 236 464 277 ‘belli
496 235 632 277 fuerit.
698 235 754 277 Et
785 236 942 278 bellum
974 237 1146 301 quidem
1178 237 1237 277 ita
1267 243 1432 292 gestum
1469 249 1570 284 esse,
1601 241 1648 275 ut
1683 248 1735 274 ne

131 292 172 322 Α
197 290 329 328 0187
345 298 355 316 (
370 294 579 335 fortunam
602 293 773 349 quidem
792 294 1013 359 quisquam
1031 294 1240 335 οΞΗΞΞΞΞΞΞΞΞΞΞΞ
1263 294 1403 350 possit
1467 292 1518 333 In
1540 307 1641 348 pace
1658 291 1738 332 cri-

347 356 469 392 ‘men
492 351 660 407 quaeii:
696 367 786 393 eam
810 352 890 392 dici
914 352 1087 392 venisse.
1153 351 1211 392 ΗΞ
1204 368 1237 392 ·c
1259 351 1404 392 decem
1427 350 1585 405 legatos
1616 347 1739 390 simul
1754 364 1765 385 1

348 409 502 464 ‘aigui,
533 424 709 464 quorum
745 424 797 450 ex
834 409 1007 450 consilio
1039 409 1136 450 data
1165 424 1247 464 pax
1277 417 1396 450 esset.
1463 407 1581 456 Quin
1613 406 1740 447 exsti-

348 467 469 507 ‘tisse
502 482 555 507 ex
587 466 733 507 decem
758 466 917 522 legitis,
941 467 1014 531 qui
1040 466 1119 507 Cu.
1138 466 1346 507 Manlium
1380 473 1645 507 accusarent.
1680 473 1741 504 ta-

350 528 472 565 ‘men
504 539 588 565 non
621 524 747 565 niodo
776 525 829 564 ad
851 524 1036 565 criminis
1059 524 1198 572 fidem,
1222 524 1295 564 sed
1317 539 1369 564 ne
1392 523 1445 564 ad
1467 537 1625 563 moram
1647 520 1742 577 qui-

204 588 271 626 59.
351 582 472 623 ‘dem
504 582 704 637 triumphi
737 597 827 622 eam
864 582 1172 622 accusationem
1199 581 1387 622 valuisse.
1451 580 1524 629 At,
1556 578 1740 627 hercule,

352 640 420 680 ‘in
455 639 651 694 Scipione
681 655 788 695 1pSis
825 639 937 694 leges
968 639 1093 694 pacis,
1128 648 1173 678 ut
1204 638 1382 678 nimium
1411 612 1743 679 accoinmodatas

351 697 605 745 ‘Antiocho,
629 707 840 752 suspectas
861 695 1239 750 esse.1nte0·1um
1263 696 1376 736 enim
1408 696 1447 736 ei
1477 710 1652 750 iegnum
1678 709 1744 734 re-

352 755 546 795 ‘lietunu
582 754 723 794 omnia
753 754 965 810 possidele
995 768 1091 793 eum
1125 753 1294 802 victum,
1319 768 1425 808 quae
1459 762 1554 793 ante
1586 751 1743 793 bellum

354 812 468 853 ‘eius
484 812 662 852 fuerint:
698 827 786 851 auri
808 820 850 852 et
871 811 1031 866 argenti
1047 826 1176 866 quum
1197 811 1280 851 ΞΞΞΞΞ
1304 826 1357 851 m
1349 826 1497 866 ignaui
1519 810 1742 858 habuisset,

354 869 514 909 ‘nihil
505 884 548 908 1n
571 868 786 924 publicum
808 868 998 913 relatum,
1013 883 1136 909 omne
1160 868 1203 908 in
1225 868 1433 924 privatum
1451 882 1626 908 Ξ.θΞ5ΞΞΞΞΞ
1673 867 1746 907 An

355 930 465 967 ‘non
499 934 662 982 praeter
693 941 881 966 omnum
918 915 1061 967 oeulos
1093 934 1256 966 tantum
1294 941 1384 966 auri
1419 925 1665 981 argentique
1701 924 1747 964 in

355 988 366 1006 ‘
355 983 607 1064 6tiiumpho
608 982 657 1023 L.
672 983 891 1039 Scipionis,
908 993 1112 1039 quantum
1135 998 1218 1024 non
1241 983 1387 1024 decem
1405 983 1494 1024 aliis
1511 981 1745 1038 t1iumphis,

355 1042 414 1082 ‘si
442 1056 566 1082 omne
598 1041 642 1080 in
674 1056 805 1082 unum
832 1042 1083 1090 conferatur,
1115 1041 1167 1081 sit
1196 1040 1358 1082 latum?
1420 1039 1532 1081 Nam
1562 1039 1666 1096 quid
1693 1039 1746 1080 de

356 1099 534 1139 ‘finibus
555 1099 674 1153 regni
696 1099 863 1139 dicam?
918 1098 1061 1139 Asiam
1086 1113 1254 1139 omnem
1276 1108 1318 1140 et
1338 1098 1530 1155 proxima
1551 1097 1747 1162 Europae

357 1156 564 1197 ‘tenuisse
587 1156 880 1197 Antiochum?
928 1155 990 1196 Ea
1011 1165 1169 1211 quanta
1189 1156 1304 1212 legio
1326 1156 1434 1197 orbis
1456 1164 1659 1196 ter·1aium
1680 1155 1747 1204 sit,

357 1219 405 1254 ‘a
422 1214 461 1254 Γ
464 1229 564 1255 ΓΞΞΞΞο
586 1224 728 1255 monte
750 1214 794 1254 in
818 1214 1037 1268 Aegaeum
1067 1229 1198 1269 usque
1230 1214 1473 1269 prominens
1495 1229 1620 1263 mare,
1644 1221 1750 1268 quot

357 1276 467 1312 ‘non
500 1272 623 1312 urbes
659 1271 797 1320 modo,
836 1272 910 1312 scd
945 1280 1092 1327 gentes
1128 1271 1415 1328 amplectatur,
1450 1286 1595 1312 omnes
1630 1270 1745 1311 scire.

358 1328 507 1370 ‘Hanc
544 1329 772 1384 regionem,
810 1328 973 1369 dierum
1010 1328 1103 1384 plus
1140 1329 1311 1384 triginta
1347 1344 1390 1370 ln
1425 1328 1747 1383 longitudinem,
1763 1347 1779 1368 2

358 1386 528 1427 ‘decem
551 1386 765 1427 interduo
788 1386 917 1426 maria
937 1386 982 1425 in
1003 1386 1269 1426 latitudinem
1291 1365 1523 1442 patentem?
1542 1401 1674 1441 usque
1696 1385 1750 1426 ad

358 1444 513 1484 ‘Tauri
544 1443 697 1484 montis
728 1444 825 1499 iuga
851 1443 1067 1484 Antiocho
1099 1444 1351 1499 ademptam,
1375 1444 1549 1499 expulso
1580 1459 1624 1483 m
1652 1442 1750 1484 ulti—

358 1507 370 1525 ‘
383 1517 498 1541 mum
520 1501 719 1557 angulum
743 1517 789 1542 01
792 1502 852 1542 bis
874 1510 1088 1541 terrarum.
1156 1501 1286 1551 Quid,
1309 1517 1342 1542 Sl
1363 1501 1544 1557 gratuita
1573 1516 1655 1556 pax
1687 1516 1750 1541 es-

358 1564 456 1608 ‘set,
479 1558 573 1614 plus
575 1536 723 1599 ζΞΞ(ΞΞΞΞΞΞ
745 1559 782 1599 ei
811 1558 1025 1614 potuisse?
1085 1558 1284 1615 Philippo
1305 1559 1414 1600 vieto
1437 1558 1748 1608 Macedoniam,

358 1616 545 1657 ‘Nabidi
581 1616 945 1657 Lacedaemonem
982 1616 1192 1657 relictam:
1241 1632 1319 1658 nec
1355 1616 1558 1665 Quinctio
1591 1616 1751 1657 crimen

359 1674 643 1729 ‘quaesitumx
678 1689 762 1714 non
793 1674 904 1714 enim
934 1673 1126 1714 habuisse
1159 1689 1255 1714 eum
1280 1674 1526 1715 Africanum
1554 1674 1748 1723 fratren13

359 1736 370 1754 (
385 1731 503 1772 cuius
520 1746 649 1786 quum
673 1731 805 1786 gloria
821 1731 1016 1787 prodesse
1034 1731 1083 1771 L.
1107 1730 1291 1787 Scipioni
1309 1732 1533 1781 debuisset,
1549 1731 1749 1772 invidiam

360 1794 371 1812 ‘
385 1788 586 1829 nocuisse.
650 1788 836 1829 Tantum
865 1788 955 1828 auri
980 1788 1225 1844 argentique
1248 1789 1477 1830 iudicatum
1501 1804 1588 1829 esse
1611 1789 1655 1829 in
1676 1789 1752 1830 do-

360 1851 500 1886 ‘mum
535 1845 584 1886 L.
612 1845 819 1901 Scipionis
859 1845 1033 1895 illatum,
1076 1855 1295 1901 quantum,
1336 1847 1516 1887 venditis
1557 1846 1752 1887 omnibus

361 1909 372 1928 ‘
385 1903 518 1952 bonis,
541 1903 673 1958 redigi
695 1918 778 1943 non
801 1912 951 1959 posset.
1001 1903 1050 1943 Id
1072 1903 1143 1943 ubi
1165 1919 1264 1960 ergo
1286 1919 1372 1945 csse
1395 1904 1556 1960 regium
1578 1904 1751 1944 aurum?

362 1961 457 2001 ‘ubi
490 1969 550 2001 tot
586 1960 841 2001 hereditates
872 1962 1092 2017 acceptas?
1153 1960 1204 2001 In
1236 1961 1374 2011 domo,
1405 1977 1529 2017 quam
1563 1971 1752 2017 sumptus

361 2023 471 2058 ‘non
500 2018 783 2067 exhauserim,
806 2026 968 2058 exstare
998 2018 1189 2060 debuisse
1222 2035 1352 2060 novae
1383 2019 1573 2060 fortunae
1606 2034 1752 2060 cumu—

361 2075 484 2115 ‘lum.
548 2076 610 2116 At
631 2076 756 2125 enim,
780 2076 895 2131 quod
917 2091 968 2116 cx
989 2076 1110 2117 bonis
1137 2076 1271 2132 redigi
1302 2092 1387 2117 non
1419 2077 1560 2133 possit,
1584 2091 1636 2117 ex
1661 2091 1752 2117 cor-

361 2139 485 2188 ‘pore
514 2141 556 2173 et
587 2141 704 2187 tergo
730 2148 805 2188 per
826 2133 1091 2174 vexationem
1115 2141 1157 2174 et
1178 2134 1452 2175 contumelias
1474 2134 1523 2175 L.
1547 2133 1752 2190 Scipionis

361 2190 589 2245 ‘petituros
618 2191 835 2231 inimicos:
873 2198 920 2231 ut
950 2191 993 2230 in
1025 2206 1231 2232 carcerem
1264 2192 1374 2232 inter
1393 2192 1504 2233 fures
1526 2203 1752 2233 nocturnos

361 2254 371 2270 ‘
385 2256 426 2288 et
448 2247 627 2288 latrones
648 2248 710 2287 vir
730 2247 980 2288 clarissimus
1001 2247 1252 2298 includatur,
1275 2258 1317 2290 et
1339 2249 1380 2289 in
1403 2250 1549 2290 robore
1572 2258 1615 2290 et
1635 2258 1751 2289 tene·
1763 2262 1781 2292 3

360 2305 469 2345 ‘bris
504 2305 714 2361 exspirzet
758 2305 913 2346 deinde
946 2305 1085 2346 nudus
1120 2315 1215 2347 ante
1252 2322 1460 2347 ςΞΞοθΞ·ςΞΞΞ
1496 2306 1748 2362 proiieiatur.

361 2361 488 2402 ‘Non
519 2362 562 2402 id
590 2361 812 2403 Corneliae
849 2363 980 2418 magis
1010 2363 1204 2412 familiae,
1234 2379 1360 2419 quam
1393 2364 1484 2404 urbi
1520 2363 1749 2409 Romanae.

215 2424 280 2463 60,
361 2425 372 2443 (
386 2420 472 2460 fore
495 2420 840 2460 erubescendum.
845 2421 855 2437 '
904 2420 1120 2461 Adversus
1138 2436 1187 2461 ea
1200 2421 1424 2461 Terentius
1445 2436 1507 2476 pr·
1496 2430 1611 2462 ictor
1632 2436 1750 2476 roga-

361 2476 518 2516 tionem
542 2476 766 2526 Petilliam,
800 2486 842 2517 ct
873 2477 1292 2526 senatusconsultum,
1326 2487 1368 2518 et
1398 2478 1598 2518 iudicium
1623 2478 1675 2519 de
1678 2455 1747 2519 t?L.

362 2532 556 2588 Scipione
583 2533 739 2574 factum
768 2534 979 2575 recitavit:
1016 2550 1072 2584 se,
1096 2534 1140 2574 ni
1160 2534 1361 2575 referatur
1391 2536 1570 2591 pecunia
1602 2536 1645 2575 in
1672 2550 1751 2592 pu-

405 2694 414 2714 1
452 2685 594 2722 Venisse]
624 2684 854 2715 Venuudatam
873 2696 949 2715 esse.
1078 2697 1141 2725 quo
1158 2687 1389 2726 praecipitatur
1404 2688 1623 2718 maleficorum
1639 2698 1750 2727 genus,

403 2736 418 2756 2
442 2728 580 2757 Dierwn
604 2728 681 2766 plus
708 2729 860 2765 tristium]
897 2729 1033 2767 Supple,
1078 2730 1163 2767 quod
1188 2733 1263 2759 'inte
1284 2730 1365 2760 ucis
1388 2731 1543 2761 robusteis
1563 2730 1748 2760 includeba-

356 2771 485 2805 itinere,
516 2769 602 2807 quod
640 2773 749 2799 tamen
788 2770 897 2800 durius
932 2770 1032 2800 videri
1077 2775 1137 2800 tur.
1144 2773 1163 2785 '
1214 2772 1377 2802 Nimirum
1409 2772 1485 2802 olim
1517 2775 1623 2803 sontes
1648 2772 1749 2802 inclu-

359 2811 467 2850 possit.
492 2812 598 2842 Cnssv.
1075 2814 1234 2843 debantur
1259 2814 1340 2845 arcis
1367 2826 1384 2845 c
1409 2816 1532 2853 robore,
1559 2814 1636 2853 sive,
1663 2814 1749 2856 ligno

407 2863 423 2891 3
454 2855 496 2884 In
532 2854 658 2891 robore]
702 2854 722 2869 “
742 2854 889 2891 Robur‚”
926 2854 1030 2893 inquit
1075 2855 1361 2888 durissimos-ictis.
1387 2858 1494 2889 szv.

359 2896 487 2933 Festus,
510 2898 530 2911 “
543 2896 575 2926 in
597 2906 723 2927 carcerc
743 2896 860 2927 dicitur
882 2896 908 2927 is
930 2898 1030 2935 loeus,
