1960 3218
372 172 450 210 134
870 166 1033 209 -TITI
1076 166 1253 209 LIVII

163 266 207 298 U·
225 267 262 299 C.
284 275 356 308 557·
371 266 383 285 ⁶
398 262 662 319 gravissimus
678 261 823 302 consul
846 260 907 301 M.
925 260 1110 310 Porcius,
1126 276 1209 301 non
1228 260 1474 302 auctoritate
1492 260 1638 310 solum,
1656 275 1762 316 quae

162 310 201 341 A·
225 311 263 342 C·
291 318 358 352 195·
376 326 386 343 ‘
401 320 527 362 tacita
546 320 643 361 satis
665 318 866 360 momenti
887 318 1111 367 habuisset,
1134 318 1207 358 sed
1228 318 1413 359 oratione
1431 318 1557 359 etiam
1577 318 1703 374 longa
1723 326 1764 358 et

378 383 594 419 ‘accurata
621 378 848 418 insectatus
876 376 929 417 sit
957 376 1216 431 rogationem
1246 384 1442 426 nostram,
1465 391 1681 417 necessum
1702 382 1765 416 est

379 436 549 493 ‘paucis
570 435 849 491 respondere:
884 434 956 489 qui
987 444 1123 474 tamen
1153 433 1271 489 plura
1292 434 1417 474 verba
1444 434 1487 474 in
1516 433 1765 489 castigandis

379 494 616 543 ‘matronis,
639 507 764 548 quam
794 492 838 532 in
864 491 1077 547 rogatione
1100 500 1240 532 nostra
1260 491 1550 541 dissuadenda,
1573 505 1766 532 consum-

380 552 508 608 ‘psitz
544 560 584 592 et
606 550 791 606 quidem,
814 557 861 590 ut
882 549 926 589 in
955 549 1083 590 dubio
1110 557 1298 605 poneret,
1322 558 1461 590 utrum
1488 549 1543 598 id,
1566 549 1680 604 quod
1702 563 1766 603 ref-

381 609 701 666 ‘prehenderet,
734 620 947 648 matronae
979 622 1052 647 sua
1083 616 1243 663 sponte,
1276 622 1328 648 an
1364 607 1484 648 nobis
1514 607 1764 654 auctoribus,

382 667 609 708 ‘fecissent.
674 666 783 706 Rem
813 664 1050 714 defendam,
1072 680 1158 705 non
1186 680 1287 713 nos3
1321 665 1365 704 in
1387 680 1491 720 quos
1519 664 1616 705 iecit
1637 663 1767 719 magis

381 730 393 748 ⁶
409 725 488 766 hoc
510 723 651 766 consul
668 724 795 764 verbo
814 732 947 772 tenus,
966 738 1091 778 quam
1109 731 1155 763 ut
1175 737 1218 764 re
1236 722 1505 763 insimularet.
1571 721 1766 769 Coetum,

382 788 393 806 ‘
410 791 452 824 et
472 782 735 831 seditionem,
758 789 801 822 et
821 780 1034 821 interdum
1063 780 1334 821 secessionem
1358 779 1604 820 muliebrem
1626 777 1768 835 appel-

383 846 394 864 ‘
410 840 521 889 lavit,
551 839 665 896 quod
693 847 906 879 matronae
935 838 978 878 in
1005 837 1173 894 publico
1200 853 1272 879 vos
1298 846 1521 893 rogassent,
1544 845 1591 878 ut
1618 837 1767 893 legem,

383 898 455 939 ‘in
476 913 518 939 se
547 897 673 938 latam
700 911 776 952 per
802 895 960 937 bellum
989 895 1246 951 temporibus
1273 895 1401 945 duris,
1424 896 1468 935 in
1494 910 1596 951 paee
1625 904 1668 935 et
1693 894 1769 935 flo-

383 961 395 979 ‘
410 963 528 997 rente
551 970 597 996 ac
619 956 741 996 beata
756 953 970 1009 republica
990 953 1253 1009 abrogaretis.
1316 953 1458 994 Verba
1478 967 1640 1008 magna,
1663 967 1769 1008 quae

384 1019 395 1037 ⁶
408 1014 469 1055 rei
489 1012 705 1069 augendae
728 1027 851 1052 causa
867 1011 1180 1067 conquirantur,
1203 1019 1245 1051 et
1265 1010 1381 1060 haec,
1399 1019 1441 1052 et
1463 1010 1542 1051 alia
1563 1025 1649 1051 esse
1666 1009 1766 1051 scio':

384 1077 395 1095 ‘
409 1080 451 1112 et
473 1071 534 1112 M.
558 1070 766 1111 Catonem
783 1077 989 1110 oratorem
1011 1084 1096 1110 non
1113 1068 1246 1109 solum
1267 1084 1447 1125 gravem,
1465 1068 1538 1109 sed
1559 1067 1771 1109 interdum

386 1129 536 1170 ‘etiam
559 1138 731 1177 trucem,
755 1142 841 1169 esse
868 1127 1020 1167 scimus
1045 1141 1201 1176 omnes,
1224 1142 1354 1182 quum
1384 1126 1553 1183 ingenio
1574 1126 1626 1166 sit
1646 1125 1768 1165 mitis.

386 1193 397 1210 ‘
412 1187 525 1228 Nam
546 1186 650 1243 quid
672 1185 843 1227 tandem
865 1185 962 1226 novi
983 1193 1195 1225 matronae
1216 1184 1418 1234 fecerunt,
1441 1184 1556 1240 quod
1576 1184 1772 1239 frequen-

387 1251 474 1286 ‘tes
505 1244 549 1285 in
581 1259 704 1285 causa
729 1243 781 1284 ad
809 1258 851 1284 se
877 1243 1114 1299 pertinente
1143 1242 1184 1282 in
1206 1241 1421 1298 publicum
1449 1241 1772 1298 processerunt?

387 1308 397 1326 ‘
412 1302 646 1359 Nunquam
662 1310 759 1342 ante
781 1301 861 1341 hoc
883 1297 1046 1356 tempus
1063 1300 1106 1339 in
1128 1300 1295 1356 publico
1316 1300 1627 1356 apparuerunt?
1658 1298 1772 1339 Tuas
1786 1315 1803 1342 4

387 1360 608 1402 ‘adversus
633 1369 674 1401 te
700 1358 895 1415 Origines
923 1357 1140 1399 revolvam.
1207 1357 1381 1413 Accipe,
1404 1357 1568 1413 quoties
1594 1356 1638 1396 id
1664 1356 1774 1397 fece-

388 1425 398 1442 ‘
415 1418 512 1467 rint,
543 1426 584 1459 et
612 1417 785 1473 quidem
814 1431 979 1472 semper
1006 1417 1116 1456 bono
1144 1415 1323 1472 publico.
1387 1414 1477 1456 Iam
1505 1431 1528 1456 a
1552 1413 1772 1470 principio,

388 1482 399 1500 ‘
413 1484 614 1532 regnante
638 1474 835 1523 Romulo,
854 1489 986 1530 quum
1003 1472 1214 1529 Capitolio
1232 1473 1282 1514 ab
1303 1472 1466 1514 Sabinis
1482 1482 1616 1528 capto,
1635 1470 1774 1512 medio

389 1540 399 1557 ‘
416 1534 458 1574 in
481 1534 568 1574 foro
590 1533 717 1589 signis
734 1531 892 1573 collatis
913 1531 1193 1581 dimicaretur,
1211 1546 1351 1572 nonne
1374 1531 1606 1571 intercursu
1622 1537 1774 1570 matro-

388 1598 399 1615 ‘
414 1607 561 1633 narum
582 1591 692 1632 inter
712 1590 820 1631 acies
841 1589 944 1630 duas
969 1588 1174 1645 proelium
1196 1588 1386 1629 sedatum
1407 1589 1499 1629 est?
1534 1587 1680 1636 Quid?
1710 1602 1774 1627 re-

391 1650 533 1706 ‘gibus
554 1648 724 1697 exactis,
741 1663 873 1704 quum
898 1646 1123 1688 Coriolano
1146 1646 1308 1688 Marcio
1329 1646 1449 1696 duce,
1466 1646 1651 1701 legiones
1672 1643 1776 1685 Vol-

389 1713 577 1749 ‘scorum
607 1715 739 1747 castra
769 1705 821 1746 ad
849 1705 1044 1761 quintum
1074 1704 1256 1760 lapidem
1285 1704 1531 1760 posuissent,
1559 1717 1700 1743 nonne
1731 1701 1775 1742 id

390 1771 401 1788 ‘
417 1780 580 1821 agmen,
604 1780 688 1820 quo
709 1764 857 1804 obruta
882 1763 985 1803 haec
1007 1762 1104 1803 urbs
1125 1771 1243 1811 esset,
1266 1771 1478 1802 matronae
1508 1760 1775 1801 averterunt?

390 1828 401 1846 ‘
415 1823 517 1872 Iam,
540 1823 642 1863 urbe
671 1830 793 1877 capta
820 1836 843 1861 a
867 1820 1012 1869 Gallis,
1036 1835 1119 1875 quo
1140 1820 1357 1875 redempta
1383 1820 1480 1860 urbs
1501 1819 1592 1859 est?
1622 1832 1774 1873 nempe

391 1886 560 1921 ‘aurum
593 1887 806 1920 matronae
830 1892 1035 1919 consensu
1063 1877 1251 1918 omnium
1280 1878 1323 1917 in
1350 1876 1565 1932 publicum
1587 1875 1805 1917 contule-5

391 1946 400 1962 ‘
418 1948 526 1979 runt.
589 1936 789 1978 Proximo
829 1935 939 1977 bello
975 1935 1048 1991 (ne
1089 1935 1262 1990 antiqua
1301 1934 1507 1990 repetam)
1542 1948 1682 1974 nonne
1719 1943 1773 1982 et,

391 2004 546 2052 ‘quum
578 1994 757 2051 pecunia
787 2009 891 2050 opus
921 1993 1013 2043 fuit,
1046 1993 1263 2033 viduarum
1295 1992 1497 2048 pecuniae
1526 1991 1777 2032 adiuverunt

392 2054 634 2102 ζ1101111111111,
663 2062 718 2102 et,
748 2067 879 2107 quum
910 2051 969 2091 dii
1001 2066 1168 2107 quoque
1197 2050 1294 2092 novi
1325 2050 1377 2090 ad
1408 2064 1530 2106 opem
1561 2048 1776 2090 ferendam

392 2120 401 2136 ‘
419 2112 556 2152 dubiis
587 2111 709 2152 rebus
740 2118 1055 2157 arcesserentur,
1089 2116 1301 2149 matronae
1333 2108 1548 2148 universae
1580 2106 1632 2147 ad
1663 2121 1775 2146 mare

392 2178 402 2193 ⁶
420 2170 628 2225 profectae
650 2177 747 2209 sunt
768 2167 821 2208 ad
842 2176 1016 2208 matrem
1039 2166 1207 2207 Idaeam
1230 2165 1550 2221 accipiendam?
1582 2164 1776 2205 Dissimi-

392 2234 402 2251 ‘
419 2227 489 2276 les,
513 2227 664 2282 inquis,
687 2241 833 2266 causae
855 2234 963 2266 sunt.
1028 2223 1071 2265 N
1074 2239 1121 2265 ec
1144 2224 1245 2264 mihi
1267 2238 1409 2264 causas
1425 2237 1602 2278 aequare
1624 2236 1775 2277 propo-

392 2294 401 2309 ‘
415 2285 540 2326 situm
563 2293 650 2325 est:
685 2283 788 2324 nihil
810 2283 906 2323 novi
928 2282 1096 2331 tactum,
1114 2296 1290 2337 purgare
1307 2281 1403 2321 satis
1425 2288 1496 2321 cst.
1561 2280 1774 2325 Ceterum,

391 2342 530 2398 ‘quod
561 2342 604 2382 in
635 2342 757 2383 rebus
788 2341 841 2381 ad
874 2355 1017 2381 omncs
1042 2340 1196 2395 pariter
1226 2339 1332 2379 viros
1361 2338 1618 2392 feminasque
1647 2337 1775 2392 perti-

438 2485 456 2510 4
483 2474 566 2502 ‘suas
586 2496 592 2502 .
611 2495 617 2502 .
636 2496 642 2502 .
661 2496 667 2501 .
685 2472 850 2510 Origsines]
891 2470 1061 2507 Historias,
1106 2480 1178 2499 110111
1209 2480 1228 2498 a
1258 2470 1382 2499 Catone
1412 2469 1474 2498 iam
1513 2478 1587 2498 50110
1619 2467 1648 2496 in
1681 2477 1776 2497 causa

390 2526 468 2554 quas
503 2515 574 2544 ideo
610 2514 732 2544 videtur
762 2516 844 2543 (Jato
881 2514 1061 2553 appellasse
1107 2512 1306 2542 Rhodiorum
1335 2511 1477 2541 habitam
1502 2511 1535 2540 in
1562 2510 1709 2549 quintum
1741 2509 1775 2538 li-

391 2559 550 2596 Orislines,
577 2556 653 2595 qnia
682 2556 713 2585 in
741 2557 881 2586 secundo
909 2560 940 2586 ct
966 2556 1060 2585 tertio
1103 2556 1195 2585 brum
1218 2554 1383 2591 Originum
1411 2554 1455 2583 ait
1479 2554 1518 2583 ali
1547 2553 1614 2591 ipso
1642 2552 1775 2583 relatam

391 2600 476 2630 libris
500 2600 635 2629 docebat
664 2599 747 2628 unde
774 2609 920 2637 quaeque
950 2598 1061 2628 civitas
1104 2597 1208 2627 fnisse.
1257 2597 1298 2626 Et
1315 2597 1401 2635 apud
1420 2596 1486 2626 (iic.
1505 2597 1543 2625 110
1560 2597 1632 2625 Scn.
1652 2604 1697 2625 11.
1715 2596 1775 2625 Ca-

390 2647 458 2673 orta
482 2646 563 2672 esset
589 2641 714 2671 Italica.
766 2641 889 2671 Primus
915 2644 947 2670 et
970 2644 1059 2679 quat·
1104 2645 1137 2670 to
1160 2639 1274 2669 ultimo
1295 2639 1376 2669 ritae
1400 2649 1475 2669 51100
1498 2649 1582 2668 anno
1602 2637 1775 2677 septimum

390 2690 461 2715 tuor
477 2684 582 2714 ultiini
600 2694 647 2713 res
664 2685 828 2713 Romanas
843 2684 1059 2713 continebant.
1104 2682 1148 2712 ait
1166 2682 1330 2721 Originum
1349 2682 1463 2711 li'nrnni
1485 2680 1543 2710 sibi
1568 2690 1635 2710 esse
1658 2680 1690 2709 in
1709 2690 1774 2709 nia-

391 2729 484 2758 llaec
507 2738 563 2756 005
588 2727 681 2756 docet
707 2726 795 2755 testis
820 2726 961 2765 locuples
984 2727 1058 2756 (’01·Ἴ
1105 2726 1206 2756 nibus.
1253 2727 1347 2759 Quae
1366 2724 1390 2753 si
1409 2725 1452 2754 ita
1467 2728 1551 2759 sunt,
1569 2733 1713 2753 veremur
1735 2732 1775 2752 ne

390 2771 492 2801 nelias
509 2770 622 2808 Nepos
646 2769 676 2798 in
698 2768 831 2799 Catonis
849 2768 921 2798 rita.
967 2770 1058 2799 Cete-

390 2824 458 2843 rnm
490 2812 573 2842 idem
603 2812 698 2841 Corn.
726 2811 837 2849 Nepos
863 2815 974 2840 auctor
1004 2815 1061 2847 cst,

390 2858 547 2888 Catonem
571 2864 676 2884 senem
703 2853 849 2883 historias
864 2853 998 2883 scribere
1016 2853 1059 2882 in-

390 2898 538 2928 stituisse.
596 2897 636 2926 Et
666 2896 695 2926 id
728 2906 854 2934 quoqne
879 2895 974 2925 astrui
1004 2906 1057 2935 po-

389 2946 448 2971 test
467 2951 505 2971 ex
524 2940 591 2979 ipso
610 2938 711 2975 Livio,
728 2939 780 2977 qni
799 2939 860 2969 xlr.
882 2948 928 2976 25.
946 2938 1058 2968 oratio-

1106 2767 1216 2797 Livins
1246 2767 1296 2796 hic
1324 2772 1398 2796 ante
1424 2773 1553 2805 tempus
1579 2765 1774 2796 mentionem

1107 2810 1271 2847 Originum
1290 2809 1408 2840 sca-erit.
1433 2811 1538 2840 Cnnv.

1149 2863 1165 2891 5
1191 2855 1351 2882 (misens-rt
1367 2853 1523 2889 munium]
1551 2861 1591 2880 50.
1615 2850 1688 2880 Ι’00
1708 2848 1773 2879 11111-

1104 2906 1167 2929 1110,
1196 2896 1242 2925 vel
1270 2895 1432 2925 0011011001
1461 2893 1600 2924 consilio.
1630 2893 1669 2922 cf.
1689 2901 1773 2931 501οκ

1106 2949 1131 2968 v.
1150 2938 1197 2975 48.
