1960 3218
390 152 472 190 242

910 147 1059 189 ΤΙΤΙ
1100 147 1280 190 LIVII

184 246 230 278 U.
247 247 286 279 C.
308 247 381 288 561.
395 239 664 296 ‘refugerunt
695 239 740 280 in
771 240 870 296 iuga
896 239 1118 289 montium,
1147 254 1242 296 pars
1271 239 1503 281 Heracleae
1532 240 1794 282 incluserunt

184 289 225 321 A.
249 290 288 322 C.
313 300 381 332 191.
397 275 538 339 csese³³

250 1745 312 1784 18.

184 1800 299 1840 Pugna
314 1802 356 1832 ad

182 1842 338 1875 Thermo-

181 1886 284 1925 pylas·

586 297 683 338 Rex
718 297 820 354 ipse,
858 297 1083 347 confessus,
1116 312 1325 353 nusquam
1357 313 1493 354 aequo
1525 313 1674 354 campo
1706 313 1793 339 non

398 355 550 396 ‘modo
571 355 773 411 congredi
794 370 836 396 se
866 355 920 396 ad
946 370 1133 411 pugnam
1161 355 1329 405 audere,
1352 355 1426 397 sed
1453 371 1507 397 ne
1538 364 1671 397 castra
1699 355 1794 411 qui-

398 413 520 454 ‘dem
557 412 601 453 in
632 422 777 468 aperto
806 428 976 469 ponere,
1006 413 1150 454 relicta
1180 413 1295 454 omni
1326 422 1422 454 ante
1453 428 1496 454 se
1527 414 1698 469 regione
1730 428 1792 462 ea,

397 475 549 526 ‘quam
570 485 612 511 se
634 471 754 512 nobis
782 486 829 512 ac
857 470 1058 527 Philippo
1083 471 1287 512 ademisse
1312 471 1579 528 gloriabatur,
1603 470 1794 512 condidit

397 533 409 551 ‘
422 543 465 570 se
487 528 597 569 intra
617 543 741 584 rupes
759 545 767 569 :

802 544 855 569 ne
877 536 974 569 ante
995 529 1135 570 fauces
1152 529 1325 585 quidem
1346 528 1485 578 saltus,
1509 537 1556 570 ut
1577 528 1793 585 quondam

398 591 410 610 ‘
423 585 781 627 Lacedaemonios
796 586 906 627 fama
926 594 1000 636 est,
1019 587 1092 627 sed
1113 587 1222 628 intra
1242 586 1411 642 penitus
1427 587 1613 628 retractis
1630 586 1790 627 castris:

398 644 542 700 ‘quod
583 652 788 699 quantum
829 644 1003 685 interest
1042 644 1095 684 ad
1141 645 1334 685 timorem
1375 644 1698 694 ostendendum,
1739 658 1824 684 anz

398 702 555 743 ‘muris
590 701 766 742 alicuius
806 702 920 743 urbis
961 701 1241 742 obsidendum
1281 717 1369 742 sese
1411 701 1659 743 incluserit?
1708 700 1794 742 Sed

400 764 562 816 ‘neque
592 759 855 800 Antiochum
885 760 1116 801 tuebuntur
1144 759 1373 815 angustiae,
1396 774 1475 800 nec
1506 758 1682 800 Aetolos
1701 773 1794 800 ver-

399 817 526 858 ‘tices
557 817 629 866 illi,
657 832 762 872 quos
793 825 1008 873 ceperunt.

1075 816 1182 858 Satis
1210 817 1398 872 undique
1428 816 1641 873 provisum
1666 825 1792 872 atque

398 880 695 930 ‘praecautum
727 883 802 924 est,
834 890 887 915 ne
920 874 1024 930 quid
1054 874 1249 916 adversus
1279 890 1351 916 vos
1382 875 1426 914 in
1456 889 1599 930 pugna
1628 882 1794 929 praeter

397 937 410 956 ⁶
425 932 564 973 hostes
586 941 704 973 esset.

768 932 880 973 Illud
908 948 1140 988 proponere
1169 932 1310 973 animo
1341 940 1478 973 vestro
1507 932 1683 982 debetis,
1705 946 1793 972 non

397 995 409 1014 ‘
423 1005 497 1031 vos
517 1005 593 1046 pro
617 989 819 1031 Graeciae
841 989 1031 1031 libertate
1054 998 1218 1031 tantum
1240 990 1452 1040 dimicare,
1474 989 1738 1045 (quanquam
1759 989 1794 1030 is

397 1053 591 1103 ‘quoque
621 1047 813 1103 egregius
841 1047 987 1088 titulus
1015 1056 1135 1097 esset,
1158 1048 1374 1089 liberatam
1405 1063 1428 1088 a
1455 1046 1654 1103 Philippo
1681 1054 1790 1097 ante,

397 1111 535 1146 ‘nunc
556 1106 607 1146 ab
625 1105 790 1146 Aetolis
811 1114 854 1146 et
874 1106 926 1146 ab
948 1105 1164 1146 Antiocho
1186 1105 1381 1160 liberare)
1395 1120 1534 1161 neque
1556 1120 1606 1146 ea
1627 1112 1792 1146 tantum

397 1168 410 1187 ‘
425 1163 470 1203 in
491 1163 725 1219 praemium
746 1171 929 1204 vestrum
956 1178 1131 1213 cessura,
1156 1179 1263 1219 quae
1292 1178 1406 1204 nunc
1426 1163 1471 1203 in
1496 1162 1620 1218 regiis
1648 1162 1792 1203 castris

397 1226 545 1262 ‘sunt:
580 1220 654 1262 sed
683 1220 802 1261 illum
831 1236 1002 1277 quoque
1034 1236 1204 1262 omnem
1236 1230 1493 1277 apparatum,
1523 1220 1597 1276 qui
1627 1220 1668 1260 in
1702 1219 1792 1261 dies

397 1279 473 1320 ‘ab
496 1278 666 1335 Epheso
695 1287 972 1344 exspectatur,
1005 1278 1184 1335 praedae
1216 1279 1426 1319 futur:um
1467 1278 1614 1318 Asiam
1635 1277 1790 1318 deinde

396 1342 408 1360 ‘
427 1335 690 1393 Syriamque,
713 1345 755 1377 et
776 1336 917 1377 omnia
937 1351 1070 1392 usque
1099 1336 1152 1377 ad
1180 1344 1294 1377 ortus
1315 1336 1411 1377 solis
1439 1335 1643 1376 ditissima
1663 1350 1792 1391 regna

396 1394 596 1450 ‘imperio
621 1394 815 1435 Romano
837 1402 1062 1450 aperturos

1129 1393 1248 1442 Quid
1269 1393 1423 1434 deinde
1446 1393 1589 1442 aberit,
1612 1393 1717 1448 quin
1738 1393 1790 1434 ab

396 1457 408 1478 ‘
427 1451 619 1493 Gadibus
639 1451 693 1492 ad
721 1467 833 1493 mare
864 1452 1035 1493 rubrum
1069 1451 1242 1493 Oceano
1271 1451 1376 1492 fines
1402 1451 1687 1500 terminemus,
1715 1450 1820 1506 qui3

396 1510 565 1551 ‘orbem
589 1517 792 1550 terrarum
821 1509 1019 1566 amplexu
1042 1509 1149 1559 finit,
1173 1518 1215 1550 et
1243 1524 1367 1550 omne
1395 1509 1628 1549 humanum
1656 1523 1790 1564 genus

395 1566 655 1609 ‘secundum
696 1567 796 1608 deos
833 1582 989 1608 nomen
1023 1567 1265 1608 Romanum
1304 1567 1557 1608 veneretur?
1598 1565 1650 1606 In
1685 1565 1789 1607 haec

395 1631 407 1649 ⁶
423 1633 539 1667 tanta
558 1625 744 1681 praemia
764 1625 913 1690 dignos
941 1633 1082 1681 parate
1111 1625 1284 1674 animos,
1308 1633 1353 1665 ut
1374 1624 1554 1665 crastino
1576 1623 1657 1673 die,
1679 1624 1788 1665 bene

395 1688 408 1708 ‘
422 1683 663 1725 iuvantibus
684 1682 776 1733 diis,
799 1683 887 1724 acie
910 1683 1211 1724 decernamus.

452 1741 523 1783 Ab
544 1741 622 1782 hac
644 1741 847 1782 concione
869 1740 1029 1781 dimissi
1056 1740 1222 1790 milites,
1245 1740 1489 1796 priusquam
1518 1753 1692 1795 corpora
1716 1753 1789 1780 cu-

392 1807 544 1849 rarent,
578 1813 693 1840 arma
723 1798 891 1854 telaque
922 1806 1081 1854 parant.

1145 1797 1262 1838 Luce
1292 1798 1439 1852 prima,
1472 1797 1590 1852 signo
1621 1812 1787 1853 pugnae

391 1856 618 1922 proposito,
641 1856 810 1897 instruit
836 1855 969 1897 aciem
991 1855 1149 1905 consul,
1172 1864 1259 1896 arta
1286 1856 1435 1904 fronte,
1458 1831 1532 1895 adt,
1532 1862 1724 1895 naturam
1746 1862 1789 1895 et

391 1914 604 1980 angustias
634 1913 726 1955 loci.

391 1980 434 2014 et·
454 1972 542 2028 ipse
565 1971 703 2027 copias
724 1971 878 2012 educit.

791 1913 900 1964 Rex,
932 1921 1155 1970 postquam
1186 1913 1304 1968 signa
1339 1912 1522 1954 hostium
1553 1912 1786 1967 conspexit,

942 1971 1068 2012 Levis
1089 1979 1286 2012 armatur
1275 1986 1320 2011 te
1337 1978 1497 2026 partem
1520 1978 1616 2010 ante
1633 1969 1787 2010 vallum

390 2030 435 2070 in
456 2030 592 2086 primo
612 2029 790 2070 locavit:
824 2037 915 2070 tum
938 2028 1226 2070 Blacedonum
1248 2028 1385 2077 robur,
1409 2042 1513 2083 quos
1534 2027 1788 2091 sarissopho-
1801 2043 1821 2070 4

389 2102 458 2129 ros
485 2086 764 2152 appellabant,
787 2086 903 2128 velut
923 2086 1235 2127 firmamentum
1264 2086 1374 2127 circa
1402 2086 1510 2141 ipsas
1531 2084 1787 2126 munitiones

391 2145 618 2186 constitnit.

682 2144 764 2185 His
795 2145 846 2185 ab
882 2144 1048 2185 sinistro
1084 2159 1215 2186 cornu
1249 2143 1523 2185 iaculatorum
1555 2141 1786 2198 sagittario-

390 2217 569 2268 rumque
598 2210 640 2243 et
669 2202 932 2243 funditorum
963 2216 1135 2243 manum
1164 2202 1240 2243 sub
1269 2201 1368 2257 ipsis
1396 2176 1625 2241 radicibnso
1632 2199 1786 2240 montis

390 2261 543 2316 posuit,
565 2267 613 2301 ut
640 2275 693 2301 ex
714 2259 861 2301 altiore
890 2259 983 2301 loco
1011 2259 1127 2301 nuda
1153 2259 1284 2300 latera
1310 2258 1493 2300 hostium
1516 2257 1783 2298 incesserent.

433 2412 450 2433 ‘z
477 2404 570 2441 Quod
597 2407 753 2443 quantum
784 2404 931 2440 interest]
974 2402 1064 2438 Quid

390 2445 521 2476 interest
557 2447 599 2476 ad
635 2446 785 2476 timorem
818 2446 1064 2483 ostendendum,

390 2488 451 2518 hoc
474 2499 514 2518 ne
538 2489 658 2524 fecerit,
675 2500 715 2518 an
739 2488 838 2518 muris
860 2488 996 2518 alicuius
1016 2498 1064 2517 ur-

389 2530 438 2561 bis
453 2541 486 2561 se
502 2530 687 2561 incluserit?
721 2531 840 2561 Nonne
855 2541 957 2568 aeque
973 2530 1065 2559 timo-

389 2583 456 2603 rem
474 2573 625 2609 ostendit,
641 2574 717 2603 (111111
735 2573 819 2603 intra
834 2573 944 2603 fauces
967 2573 1066 2602 saltus

389 2615 522 2645 retrahit
550 2619 663 2651 castra,
686 2626 723 2645 ac
750 2615 775 2645 si
806 2615 905 2644 muris
929 2615 1065 2645 alieuius

390 2658 476 2688 urbis
492 2669 524 2688 se
542 2658 744 2688 inclusisset?
771 2658 877 2689 Cnssv.

433 2710 450 2739 3
476 2702 573 2731 filare
595 2701 748 2739 rubrum]
783 2701 876 2730 Mare
903 2700 1064 2737 Indicum,

389 2747 512 2774 veteres
547 2743 632 2772 enim
670 2742 767 2773 maris
798 2742 901 2772 Rubri
935 2743 1064 2773 nominc

387 2796 452 2816 non
464 2785 638 2816 Arabicum
654 2788 793 2822 tantum,
806 2786 859 2815 sed
874 2785 969 2815 etiam
988 2786 1062 2815 Per-

388 2828 489 2859 sicum
506 2828 624 2865 sinum,
640 2831 672 2858 ct
690 2837 778 2858 marc
797 2827 945 2858 Indicum
968 2828 1060 2858 intel-

388 2871 537 2911 ligebant.
563 2871 602 2901 cf.
616 2870 686 2901 infr.
703 2870 769 2901 xlii.
784 2878 832 2909 52.
858 2870 940 2902 Plin.
955 2871 1000 2903 ΙΙ.
1016 2871 1058 2903 Ν.

388 2914 427 2944 vi.
448 2923 494 2951 ²4-
521 2914 667 2949 Q.Cu1·t.
688 2913 748 2943 viii.
766 2924 794 2952 ς).

1152 2415 1171 2441 4
1194 2404 1409 2433 Itsacedonwn
1426 2402 1541 2439 robur]
1576 2401 1785 2439 Macedonas,

1109 2447 1195 2484 qnod
1211 2445 1330 2475 roboris
1346 2448 1411 2474 erat
1430 2444 1461 2473 in
1478 2443 1630 2474 exercitu.
1675 2444 1784 2475 Macc-

1110 2489 1210 2518 donas
1221 2492 1331 2517 autem
1345 2487 1421 2517 istos
1434 2486 1727 2526 Syro-Macedonas
1738 2486 1785 2517 in-

1110 2530 1230 2570 tellige,
1260 2535 1403 2569 posteros
1428 2530 1476 2559 101
1508 2539 1703 2560 successores
1733 2539 1784 2560 eo-

1110 2583 1193 2609 rum,
1216 2573 1269 2611 qui
1297 2573 1354 2602 sub
1380 2572 1577 2607 Alexandro,
1603 2582 1640 2602 ac
1667 2572 1784 2602 deinde

1110 2615 1256 2651 Seleuco,
1280 2615 1509 2645 militaverant.
1537 2615 1643 2645 CREV.
1689 2615 1782 2645 Duk-

1109 2668 1180 2687 erns
1203 2668 1319 2687 nornen
1340 2659 1537 2688 sslacedonas
1556 2668 1619 2687 non
1642 2662 1782 2696 gentem,

1109 2701 1163 2730 sed
1176 2700 1279 2739 gravis
1288 2704 1469 2730 armaturae
1480 2700 1605 2739 pedites
1614 2701 1672 2729 snb
1684 2700 1781 2731 Alex-

1109 2743 1198 2772 andri
1216 2743 1328 2781 Magni
1349 2743 1583 2773 successoribus
1605 2742 1637 2772 111
1658 2742 1734 2773 Asia.
1750 2746 1781 2773 et

1108 2786 1258 2825 Aegypt«)
1275 2785 1454 2823 designasse
1471 2788 1587 2815 censet.
1627 2785 1782 2815 Similiter

1108 2838 1217 2858 vocem
1238 2830 1425 2859 Tarenlinos
1441 2828 1564 2867 equites
1580 2827 1659 2857 levis
1677 2837 1779 2857 arma-

1107 2874 1197 2901 turae
1220 2871 1399 2910 intelligere
1417 2871 1560 2902 videmus
1580 2880 1665 2909 supr.
1682 2880 1779 2902 xxxv.

1107 2914 1155 2944 ²28.
