1960 3218
532 141 659 183 LIB.
693 138 959 182 XXXVIII.
1008 138 1156 181 CAP.
1192 142 1259 180 32.
1517 140 1600 179 349

197 232 567 275 Lacedaemonios.
636 231 792 272 Terror
823 238 964 271 tamen
996 244 1167 270 omnem
1199 229 1453 270 maritimam
1485 243 1601 270 oram
1617 241 1661 272 U.
1679 240 1716 271 C.
1741 238 1814 280 563·

196 291 399 347 pervasit:
434 290 676 346 legatosque
699 288 994 337 communiter,
1013 297 1055 328 et
1071 287 1240 328 castella
1262 287 1404 327 omnia
1419 286 1600 342 vicique,
1615 284 1656 314 A.
1680 284 1719 315 C·
1745 284 1815 324 189.

198 358 240 390 et
262 348 439 398 exsules,
455 348 607 403 quibus
629 346 687 387 ibi
709 345 922 387 domicilia
943 354 1074 394 erant,
1090 345 1143 385 ad
1165 344 1361 385 Achaeos
1383 345 1599 385 miserunt.

197 406 507 462 Philopoemen
533 414 712 461 praetor,
743 403 825 444 iam
858 403 957 444 inde
989 403 1040 444 ab
1072 402 1194 443 initio
1225 401 1422 443 exsulum
1453 417 1601 443 causae
1682 407 1749 445 31.

199 475 241 505 et
276 464 445 513 amicus,
484 472 526 503 et
561 470 705 503 auctor
740 476 905 517 semper
941 460 1123 501 Achaeis
1164 459 1387 500 minuendi
1425 475 1524 515 opes
1561 468 1604 500 et
1618 463 1797 493 Decretum

199 521 487 563 auctoritatem
511 519 959 567 Lacedaemoniorum,
983 517 1209 559 concilium
1232 517 1508 572 querentibus
1529 517 1604 558 de-
1618 505 1823 553 achaeorum

168 597 184 617 α
199 579 284 620 dit:
316 578 632 634 decretumque,
649 593 698 618 eo
716 576 937 625 referente,
951 576 1107 617 factum
1126 584 1200 625 est,
1221 581 1233 599 ‘
1245 575 1391 623 Quum
1411 575 1455 615 in
1474 575 1602 615 fidem
1617 549 1818 621 Ηᾏέἶῑῗὲξῐοε

201 636 497 677 ‘Achaeorum
529 635 790 690 tutelamque
813 634 864 675 T.
885 633 1113 682 Quinctius
1142 642 1185 674 et
1211 632 1397 673 Romani
1420 632 1605 673 Laconi-
1820 629 1823 630 ⁷

201 700 298 735 ‘cae
328 709 422 735 orae
449 693 618 734 castella
640 702 682 734 et
703 693 815 733 vicos
843 691 1126 740 tradidissent,
1150 700 1204 740 et,
1228 706 1360 746 quum
1392 690 1603 731 abstinere

201 752 290 793 ‘his
322 767 375 793 ex
405 751 573 792 foedere
607 749 935 791 Lacedaemonii
960 749 1177 798 deberent,
1206 748 1290 789 Las
1321 748 1437 789 vicus
1470 763 1606 804 oppu-

202 815 379 866 ‘gnatus
413 818 533 858 esset,
566 809 800 863 caedesque
834 808 892 848 ibi
922 807 1054 855 facta3
1093 807 1167 862 qui
1198 806 1288 847 eius
1319 806 1381 847 rei
1412 815 1605 846 auctores

202 867 454 922 ‘affinesque
477 875 628 915 essent,
651 865 731 906 nisi
754 865 1012 906 dederentur
1033 864 1230 913 Achaeis,
1246 863 1448 905 violatum
1470 863 1606 904 videri

203 925 400 966 ‘foedus'
461 925 533 967 Ad
566 923 854 980 exposcendos
886 938 956 963 eos
988 922 1115 978 legati
1147 921 1361 977 extemplo
1389 921 1606 962 Lacedae-

201 998 371 1025 monem
403 982 515 1023 missi
547 991 655 1023 sunt.
720 980 771 1022 Id
804 980 1029 1036 imperium
1060 980 1167 1021 adeo
1204 980 1430 1035 superbum
1461 988 1503 1020 et
1540 979 1606 1019 in-
1620 988 1784 1019 Lacedae-

202 1041 379 1097 dignum
413 1039 761 1081 Lacedaemoniis
789 1036 1028 1087 visum'est,
1061 1047 1119 1087 ut,
1153 1037 1185 1078 si
1221 1037 1396 1093 antiqua
1426 1031 1800 1104 civitatisfnffffiofufn

201 1099 368 1139 fortuna
396 1107 516 1147 esset,
545 1097 657 1138 hand
686 1097 812 1137 dubie
845 1111 958 1136 arma
990 1095 1206 1151 extemplo
1238 1095 1400 1151 capturi
1430 1084 1649 1136 fuerint.111
1676 1078 1810 1114 ignatio.

204 1156 394 1198 Maxime
418 1165 557 1196 autem
581 1154 861 1196 consternavit
884 1169 954 1194 eos
977 1162 1126 1203 metus,
1149 1153 1182 1193 si
1204 1153 1334 1194 semel
1360 1153 1506 1209 primis
1528 1153 1608 1193 im-

202 1215 330 1271 periis
361 1213 598 1254 obediendo
629 1213 775 1268 iugum
807 1211 1076 1266 accepissent,
1101 1226 1168 1260 ne,
1198 1210 1242 1251 id
1271 1211 1386 1266 quod
1418 1210 1502 1251 iam
1532 1210 1608 1252 diu

204 1272 434 1321 moliretur,
453 1271 759 1326 Philopoemen
782 1269 996 1310 exsulibus
1016 1268 1383 1309 Lacedaemonem
1406 1268 1605 1309 traderet.

205 1330 409 1371 Furentes
442 1329 569 1384 igitur
599 1328 671 1377 ira,
706 1327 878 1382 triginta
912 1326 1153 1367 hominibus
1190 1341 1244 1367 ex
1280 1326 1476 1375 factione,
1510 1341 1608 1367 cum

205 1403 289 1444 qua
309 1386 579 1427 consiliorum
601 1385 741 1441 aliqua
762 1385 936 1426 societas
958 1383 1282 1440 Philopoemeni
1304 1392 1430 1439 atque
1454 1383 1610 1424 exsuli-

204 1446 282 1487 bus
304 1453 403 1494 erat,
427 1444 669 1493 interfectis,
692 1443 984 1492 decreverunt,
1008 1441 1334 1482 renuntiandam
1364 1441 1609 1482 societatem

206 1503 404 1552 Achaeis,
428 1502 670 1557 legatosque
692 1500 906 1557 extemplo
928 1499 1250 1556 Cephalleniam
1273 1499 1517 1548 mittendos,
1535 1499 1609 1555 qui

207 1560 368 1603 consuli
392 1559 452 1601 M.
475 1559 634 1608 Fulvio,
659 1558 816 1614 quique
846 1558 1049 1598 Romanis
1079 1557 1447 1598 Lacedaemonem
1479 1557 1611 1598 dede-

207 1628 325 1667 rent3
360 1626 610 1673 orarentque
632 1631 744 1665 eum,
768 1625 814 1657 ut
834 1616 998 1656 veniret
1023 1615 1066 1655 in
1089 1614 1431 1671 Peloponnesum
1459 1614 1513 1655 ad
1542 1629 1612 1655 ur-

207 1677 303 1718 bem
328 1675 692 1717 Lacedaemonem
715 1674 758 1714 in
780 1673 907 1714 fidem
931 1673 1224 1728 ditionemque
1253 1672 1399 1729 populi
1424 1672 1612 1713 Romani

211 1733 512 1790 accipiendam.
576 1732 627 1773 Id
660 1731 730 1772 ubi
768 1731 894 1787 legati
927 1731 980 1772 ad
1013 1730 1210 1772 Achaeos
1242 1730 1489 1779 retulerunt,
1523 1745 1612 1771 om-
1691 1735 1759 1772 32.

208 1792 326 1832 nium
348 1791 592 1840 civitatium,
616 1805 723 1846 quae
754 1789 842 1830 eius
873 1788 1041 1830 concilii
1063 1796 1194 1837 erant,
1218 1803 1425 1829 consensu
1453 1787 1610 1829 bellum
1626 1788 1748 1821 Achaei
1765 1790 1798 1820 in

209 1849 556 1891 Lacedaemoniis
600 1848 808 1888 indictum
850 1857 922 1888 est.
1007 1846 1075 1887 Ne
1118 1845 1332 1902 extemplo
1382 1855 1610 1901 gereretur,
1626 1833 1826 1906 ξῖξῖῗὲῗζὲῙ

209 1907 344 1948 hiems
367 1906 568 1963 impediit.
622 1905 939 1946 Incursionibus
962 1914 1103 1945 tamen
1124 1904 1272 1960 parviS,
1294 1903 1503 1945 latrocinii
1525 1919 1612 1944 ma·
1626 1919 1692 1948 lum
1708 1900 1816 1949 decer-

209 1965 272 2022 gis
294 1980 420 2021 quam
443 1964 541 2005 belli
571 1963 709 2012 modo,
734 1978 820 2003 non
853 1971 961 2003 terra
993 1971 1169 2011 tantum,
1193 1961 1267 2002 sed
1289 1962 1414 2002 etiam
1438 1962 1613 2003 navibus
1626 1965 1718 1993 nunt.

211 2038 235 2064 a
255 2023 358 2063 mari
379 2023 485 2063 fines
507 2037 650 2063 eorum
673 2021 833 2062 vastati.
898 2020 983 2061 Hic
1006 2019 1211 2060 tumultus
1233 2019 1448 2060 consulem
1471 2019 1515 2059 in
1532 2019 1614 2060 Pe-

210 2080 489 2136 loponnesum
513 2079 713 2127 adduxit3
748 2078 947 2133 iussuque
976 2077 1065 2118 eius
1096 2076 1195 2117 Elin
1227 2076 1405 2118 concilio
1438 2077 1612 2126 indicto,

212 2137 539 2179 Lacedaemonii
581 2136 634 2177 ad
670 2135 992 2192 disceptandum
1029 2134 1163 2176 acciti.
1234 2134 1395 2190 Magna
1433 2134 1491 2175 ibi
1527 2150 1614 2175 non

212 2195 461 2252 disceptatio
494 2194 634 2243 modo,
665 2193 739 2235 sed
773 2193 898 2234 etiam
936 2192 1151 2234 altercatio
1180 2192 1269 2233 fuit.
1336 2192 1421 2233 Cui
1453 2191 1613 2241 consul,

180 2270 198 2301 3
212 2269 343 2310 quum
361 2252 452 2302 alia,
467 2252 564 2293 satis
581 2251 798 2293 ambitiose
816 2260 978 2307 partem
1000 2260 1223 2305 utramque
1240 2249 1438 2299 fovendo,
1456 2249 1616 2291 incerta

211 2311 505 2367 respondisset,
525 2325 608 2350 una
628 2308 963 2358 denuntiatione,
982 2317 1030 2348 ut
1051 2307 1162 2349 bello
1184 2308 1458 2356 abstinerent,
1479 2307 1615 2348 donec

213 2369 395 2410 Romam
436 2368 593 2424 legatos
634 2366 687 2408 ad
727 2375 919 2407 senatum
966 2365 1187 2415 misissent,
1230 2365 1358 2406 finem
1402 2365 1612 2421 imposuit.

215 2426 442 2482 Utrimque
472 2425 624 2481 legatio
646 2425 771 2465 missa
793 2424 974 2465 Romam
998 2432 1071 2464 cst.
1136 2422 1316 2464 Exsules
1338 2438 1508 2478 quoquc
1532 2422 1615 2464 La·
1630 2431 1741 2471 Legati
1759 2432 1800 2462 ab

214 2484 581 2525 cedaemoniorum
615 2497 732 2523 suam
758 2496 925 2523 causam
962 2481 1301 2537 legationemque
1335 2480 1519 2522 Achaeis
1551 2481 1615 2521 in·
1629 2475 1770 2535 ¹¹³5&OE

215 2541 456 2582 iunxerunt.
520 2540 767 2596 Diophanes
789 2549 831 2581 et
853 2539 1070 2596 LycortaS,
1095 2538 1446 2595 Megalopolitani
1478 2539 1614 2588 ambo,
1630 2519 1814 2591 ξξῖῗυζζῖω

215 2598 424 2655 principes
459 2598 679 2654 legationis
713 2597 983 2639 Achaeorum
1017 2596 1211 2638 fuerunt:
1247 2597 1333 2652 qui,
1366 2595 1617 2638 dissidentes

217 2657 260 2697 in
297 2656 523 2712 republica,
557 2665 645 2696 tum
677 2670 762 2712 quo
796 2671 848 2696 ue
883 2655 1057 2696 minime
1089 2655 1200 2695 inter
1234 2669 1277 2695 se
1315 2654 1617 2695 convenientes

217 2713 425 2755 orationes
464 2713 713 2754 habuerunt.
766 2671 1028 2769 (l)iophanes
1070 2712 1233 2753 senatui
1267 2711 1616 2767 disceptationem

218 2771 406 2812 omnium
430 2786 566 2811 rerum
589 2771 880 2826 permittebat:
911 2785 983 2811 eos
1004 2770 1161 2826 optime
1185 2769 1487 2810 controversias
1509 2769 1618 2809 inter

263 2882 278 2902 ‘2
305 2873 345 2902 ln
361 2873 460 2911 fidem
483 2871 704 2908 Achaeorum]
735 2870 773 2902 cf.
796 2871 890 2910 Supr.
981 2879 997 2909 3
1014 2871 1207 2908 Ambitiose]
1228 2869 1487 2901 Accommodate
1498 2870 1537 2899 ad
1550 2879 1618 2909 gra-

219 2925 321 2945 xxxv.
343 2924 387 2954 13·
937 2912 1017 2943 tiam
1035 2913 1244 2952 captandam.
