1960 3218
382 137 460 179 176
898 137 1047 180 ΤΙΤΙ
1084 138 1265 181 LIVII

171 232 215 264 U.
233 233 270 264 C.
295 240 366 273 559·
381 230 512 282 ‘quas
531 225 691 268 nullam
712 242 800 269 esse
822 228 909 284 regi
935 228 1139 270 nuntietis
1160 228 1368 270 amicitiae
1389 243 1487 270 cum
1508 228 1665 285 populo
1689 228 1778 270 Ro-

169 276 393 317 A...C193c

171 579 341 619 Discepta-

171 623 215 652 tio
232 623 351 662 legato-

170 676 240 695 rum
258 676 333 696 cum

171 707 339 741 Romanis.

410 299 535 325 mano
556 285 818 342 iungendae:
854 301 995 335 unam,
1009 286 1044 327 si
1065 301 1142 327 nos
1163 286 1281 336 nihil,
1297 286 1413 342 quod
1434 286 1487 327 ad
1504 287 1627 327 urbes
1650 286 1776 327 Asiae

382 342 575 392 ‘attinet,
607 358 752 384 631316
783 343 895 393 velit,
926 352 973 385 ut
1002 352 1045 385 et
1076 344 1165 400 ipse
1198 344 1313 385 omni
1345 343 1517 400 Europa
1546 344 1775 385 abstineat:

382 374 593 480 Z’alteiani,
625 401 660 442 si
686 416 730 442 se
756 401 826 442 ille
855 401 984 442 Asiae
1010 401 1165 442 finibus
1193 417 1279 442 non
1310 402 1538 451 contineat,
1561 410 1603 442 et
1623 401 1668 442 in
1691 400 1779 442 Eu-

382 462 554 514 ‘ropam
586 459 866 509 transcendat,
899 467 946 500 ut
976 467 1019 500 et
1050 459 1296 500 Romanis
1286 475 1350 501 1115
1379 459 1443 509 sit,
1475 459 1602 500 Asiae
1634 459 1779 500 civita-

382 515 517 556 ‘tium
546 516 748 558 amicitias
776 525 818 558 et
844 517 964 567 tueli,
988 532 1091 573 quas
1112 517 1308 567 habeant,
1330 526 1372 558 et
1392 532 1474 558 nox
1477 532 1520 558 as
1542 516 1776 572 complecti.

382 577 395 596 ⁶
411 572 639 615 Enimvero
660 574 704 615 id
726 574 874 615 auditu
891 575 1031 625 etiam,
1035 575 1044 592 ³
1058 574 1243 624 dieer‘e,
1256 575 1479 631 indignum
1497 575 1612 624 esse,'
1635 573 1780 630 Hege-

381 631 538 681 sianax,
559 637 570 655 ⁶
585 632 790 673 Thraciae
813 641 855 673 et
875 632 1129 674 Chersonesi
1151 633 1322 674 rubibus
1343 632 1472 674 arceli
1490 631 1775 673 Antiochum·
1765 664 1776 681 ,

383 694 518 745 ‘quae
551 689 751 731 Seleucus
781 705 959 747 proavus
987 691 1089 740 eius,
1122 690 1376 747 Lysimacho
1404 705 1502 746 rege
1530 689 1641 731 bello
1668 690 1778 731 victo

382 752 452 788 ‘et
487 747 533 787 in
569 748 656 789 acie
691 763 825 797 caeso,
862 763 938 804 per
973 763 1183 789 summum
1218 748 1346 789 decus
1381 757 1501 804 parta
1535 747 1776 803 reliquerit3

383 810 395 828 (
410 805 499 861 pari
521 820 618 846 cum
639 805 762 847 laude
784 806 937 861 partim
960 806 1010 846 ab
1034 806 1268 846 Thracibus
1299 821 1485 861 possessa
1515 805 1639 846 armis
1663 820 1780 846 rece-

382 862 516 918 ‘perit
532 863 785 912 Antiochus,
803 863 955 919 partim
977 863 1155 912 deserta,
1174 863 1282 904 sicut
1301 864 1433 919 ipsam
1451 863 1777 919 Lysimachiam,

382 926 449 961 ‘et
474 921 677 961 revocatis
705 921 935 962 cultoribus
956 921 1297 976 frequentaverit,
1321 929 1375 970 et,
1399 936 1506 976 quae
1538 930 1665 962 strata
1694 921 1779 961 rui-

382 978 472 1018 ‘nis
497 986 623 1033 atque
646 979 852 1019 incendiis
874 987 1005 1028 er,ant
1028 979 1271 1034 ingentibus
1302 978 1502 1034 impensrs
1532 978 1732 1019 aedificav
1736 994 1779 1019 e-

382 1036 471 1077 ⁶rit.
538 1036 656 1085 Quid
687 1036 815 1093 ioitur
845 1036 979 1078 simile
1002 1051 1103 1086 6556,
1127 1052 1181 1077 ex
1202 1051 1252 1077 ea
1272 1036 1543 1092 possessione,
1567 1036 1627 1076 ita
1647 1046 1777 1092 parta,

383 1093 466 1135 ‘ita
493 1104 750 1150 1Η6611Ρ613ῖ3,
774 1094 930 1135 (16(11161
951 1094 1227 1144 Antiochum,
1255 1104 1297 1135 et
1329 1094 1544 1135 Romanos
1572 1093 1779 1135 abstinere

383 1151 525 1201 (Α513,
557 1167 665 1208 quae
698 1167 918 1208 nunquam
950 1167 1096 1193 comm
1127 1152 1282 1193 111611ῑῖΡ
1342 1152 1590 1193 Amicitiam
1623 1151 1780 1193 Roma-

383 1214 559 1250 ⁶norum
590 1218 788 1266 expetere
811 1209 1097 1251 Antiochum:
1132 1210 1206 1250 sed
1235 1225 1342 1266 quae
1375 1210 1596 1266 impetrata
1623 1209 1779 1265 gloriae

383 1267 498 1316 ⁶sibi,
531 1283 617 1308 non
648 1268 812 1324 pudori,
846 1268 923 1309 sit.’
983 1268 1057 1309 Ad
1078 1267 1181 1308 haec
1207 1267 1446 1317 Quinctius,
1472 1273 1483 1291 ⁶
1500 1266 1780 1323 Quandoqui-

382 1324 532 1374 ‘dem,’
548 1325 700 1381 inquit,
721 1331 732 1349 ⁶
745 1325 921 1366 honesta
941 1341 1177 1381 pensamUS,
1196 1325 1254 1366 sic
1276 1334 1323 1366 ut
1344 1334 1416 1366 aut
1432 1324 1530 1374 sola,
1553 1333 1626 1366 aut
1645 1325 1780 1381 prima

383 1388 396 1406 ⁶
409 1391 534 1432 certe,
557 1384 723 1439 pensari
745 1383 867 1425 decet
888 1383 1070 1439 principi
1092 1383 1202 1424 orbis
1224 1392 1426 1424 terrarum
1447 1382 1604 1439 populo
1625 1391 1668 1424 et
1689 1391 1780 1423 tan-

384 1446 452 1481 ⁶to
487 1441 599 1497 regi3
640 1450 781 1482 utrum
819 1441 990 1482 tandem
1025 1440 1192 1482 videtur
1226 1441 1456 1490 honestius,
1488 1440 1638 1481 liberas
1673 1440 1779 1482 velle

384 1503 568 1548 (01111165,
600 1514 708 1554 quae
742 1499 899 1555 ubique
933 1507 1044 1549 sunt,
1079 1498 1283 1540 Graeciae
1314 1499 1452 1548 urbes,
1484 1514 1537 1539 an
1569 1513 1704 1539 servas
1737 1506 1780 1539 et

384 1556 632 1612 ‘vectigales
663 1557 830 1598 faeere?
874 1556 917 1598 Si
949 1557 1027 1597 sibi
1051 1556 1288 1597 Antiochus
1319 1556 1543 1613 pulchrum
1572 1571 1662 1597 esse
1681 1571 1780 1597 cen-

384 1619 396 1637 ⁶
409 1623 483 1664 set,
507 1630 609 1670 quas
631 1615 753 1656 urbes
782 1630 959 1671 proavus
982 1614 1080 1655 belli
1102 1614 1192 1655 iure
1215 1614 1421 1664 habuerit,
1445 1629 1545 1655 avus
1575 1622 1779 1670 paterque

385 1677 628 1728 ‘nunquam
660 1672 952 1728 usurpaverint
982 1687 1058 1728 pro
1090 1672 1186 1721 51115,
1210 1687 1278 1713 635
1309 1680 1498 1728 repetere
1530 1671 1574 1712 in
1604 1672 1781 1713 servitu-

384 1735 395 1753 ⁶
412 1739 520 1779 tem,
552 1739 596 1770 et
617 1730 798 1786 populus
821 1730 1052 1780 Romanus,
1075 1739 1315 1786 susceptum
1343 1729 1623 1785 patrocinium
1656 1729 1781 1770 liber-

384 1788 505 1828 ⁶tatis
537 1787 797 1829 Graecorum
828 1803 914 1828 non
946 1787 1151 1837 deserere,
1174 1787 1274 1828 fidei
1305 1787 1649 1842 constantiaeque
1681 1801 1779 1828 suae

384 1845 525 1886 ‘ducit
557 1860 657 1886 esse.
724 1845 842 1887 Sicut
876 1861 901 1886 a
928 1844 1128 1901 Philippo
1160 1844 1382 1885 Graeciam
1413 1844 1617 1893 liberavit,
1650 1844 1707 1886 ita
1738 1853 1781 1885 et

385 1903 461 1944 ‘ab
484 1903 702 1944 Antiocho
724 1903 853 1944 Asiae
884 1903 1021 1951 urbes,
1048 1918 1155 1958 quae
1188 1901 1307 1943 Graii
1336 1902 1517 1943 nominis
1548 1902 1643 1951 sint,
1676 1902 1780 1943 libe-

385 1966 499 2002 ‘iare
531 1961 575 2001 in
607 1961 747 2001 animo
768 1961 905 2002 habet.
970 1960 1125 2016 Neque
1149 1960 1262 2001 enim
1283 1960 1328 2000 in
1350 1959 1574 2001 Aeolidem
1597 1959 1781 2001 Ioniam-

385 2023 491 2074 ⁶que
515 2018 738 2059 coloniae
728 2034 773 2059 111
802 2019 1045 2059 servitutem
1074 2018 1233 2074 regiam
1264 2018 1411 2059 missae
1438 2025 1558 2058 sunt:
1593 2017 1666 2058 sed
1688 2017 1781 2058 stir-

385 2081 473 2132 ⁶p1s
506 2076 724 2132 auoendae
758 2091 894 2126 631153,
929 2075 1151 2132 gentisque
1187 2076 1490 2116 vetustissimae
1526 2090 1602 2130 per
1637 2075 1782 2116 orbem

386 2140 615 2175 ‘terralum
656 2134 978 2191 pmpagandae)
1048 2134 1194 2181 Quum
1236 2134 1460 2174 haesitalct
1497 2132 1779 2189 Hegesianax,

383 2207 462 2233 nec
499 2192 669 2233 infitiari
700 2202 853 2248 posset,
887 2191 1173 2233 honestiorem
1206 2206 1373 2232 causam
1405 2191 1619 2241 libertatis,
1654 2205 1810 2246 quam1

1792 678 1810 707 8

426 2311 444 2340 S
467 2311 620 2341 ›S'eleueus
632 2321 777 2350 proavus
792 2311 878 2348 eins]
906 2309 1060 2340 Abntitnr

384 2352 495 2383 Livius
519 2354 676 2382 vocabulo
699 2364 843 2392 proavus
866 2363 923 2392 pro
946 2354 1059 2383 abavo.

385 2396 472 2425 Nam
491 2395 669 2426 Antiochus
686 2396 826 2433 Magnus
842 2395 970 2426 Seleuci
986 2395 1060 2425 Cul-

386 2438 484 2473 linici,
501 2438 552 2467 hie
571 2438 722 2468 Antiochi
739 2438 826 2473 Divi,
843 2439 895 2468 hic
908 2436 1060 2468 Antiochi

384 2481 514 2515 Soteris,
544 2481 597 2510 hic
626 2481 753 2511 Seleuci
782 2480 946 2511 Nicatoris
976 2479 1061 2509 filius

383 2523 455 2553 fnit.
481 2523 633 2553 (luoxox'.
681 2524 743 2553 Sed
766 2523 948 2554 Crevierius
970 2523 1061 2553 Anti-

384 2565 499 2594 oelnnn
528 2565 648 2595 Divum
673 2566 803 2595 fratrem
828 2565 979 2596 Antiochi
1005 2565 1060 2595 So-

384 2607 472 2644 teris,
502 2618 564 2637 non
602 2607 704 2637 lilium
735 2608 831 2638 fuisse
869 2608 1061 2647 suspicatur,

384 2660 483 2688 quum
503 2650 673 2689 Appianus
695 2651 893 2680 Antiochum
916 2652 1061 2681 Soterem

385 2692 598 2723 Stratonieem
630 2692 755 2722 Seleuci
796 2693 894 2732 patris
928 2703 1061 2722 uxorem

384 2736 550 2764 adamasse
574 2735 694 2770 scribit,
717 2746 814 2773 quum
844 2741 950 2765 tamon
975 2735 1060 2774 apud

385 2778 556 2808 Seleucum
575 2777 702 2807 enixam
720 2789 799 2814 esse,
811 2782 984 2816 antequam
999 2779 1061 2807 An-

384 2819 492 2849 tiocho
510 2819 611 2850 Soteri
629 2824 730 2858 nupta
746 2820 797 2855 sit,
813 2820 898 2850 idem
916 2823 1060 2850 testatur.

386 2862 475 2892 lline
506 2862 684 2892 Antiochus
713 2860 817 2893 Divus
847 2867 877 2893 et
910 2864 1005 2893 frater
1030 2866 1061 2893 et

387 2905 550 2943 privignus
573 2905 692 2936 Soteris
716 2910 796 2944 erut,
819 2906 843 2936 si
868 2905 1060 2937 sententium

1105 2309 1249 2348 Appiani
1274 2308 1456 2340 Crevierius
1481 2311 1566 2339 recte
1592 2307 1781 2347 interpreta-

1105 2356 1157 2381 tus
1187 2351 1238 2387 sit,
1263 2362 1363 2390 quum
1391 2351 1494 2381 filium
1522 2351 1718 2381 Stratonices
1749 2355 1780 2381 et

1106 2394 1231 2424 Seleuci
1247 2394 1369 2423 Divum
1383 2393 1479 2423 fnisse
1495 2392 1681 2432 suspicetur.
1717 2393 1780 2423 Sed

1104 2436 1136 2466 in
1160 2436 1350 2466 contrariam
1374 2435 1558 2475 opinionem
1582 2436 1691 2474 plures
1707 2445 1780 2465 611111

1107 2479 1270 2509 Gronovio
1287 2479 1422 2508 iverunt.

1149 2532 1168 2562 9
1193 2524 1284 2558 Quae
1306 2522 1457 2551 ›S'cleuczts
1477 2544 1484 2551 .
1502 2544 1509 2551 .
1528 2545 1535 2551 .
1553 2544 1560 2551 .
1584 2525 1683 2560 parta
1708 2522 1780 2552 reli-

1105 2565 1226 2604 queril]
1259 2563 1356 2593 Ratio
1371 2563 1579 2602 gramnmtieu
1594 2568 1708 2603 partas
1726 2574 1780 2602 po-

1106 2607 1250 2641 stularet,
1274 2607 1329 2636 sed
1352 2616 1437 2645 supr.
1462 2606 1561 2636 xxxii.
1582 2616 1629 2646 29.
1654 2606 1780 2636 femini-

1106 2659 1182 2679 num
1202 2649 1335 2687 pluralis
1350 2659 1369 2678 3
1385 2653 1499 2678 neutro
1516 2649 1649 2687 pluralis
1662 2648 1780 2688 excipi-

1107 2696 1167 2722 tur.
1213 2691 1395 2721 Crevier-ius
1411 2696 1443 2720 nt
1464 2691 1633 2721 Latinitati
1654 2701 1780 2721 Succur-

1108 2737 1200 2766 reret,
1217 2738 1285 2772 post
1310 2735 1440 2763 urbibus
1463 2733 1619 2764 excidisse
1642 2733 1781 2772 suspica-

1108 2781 1159 2806 tur
1175 2781 1204 2806 cl
1220 2777 1302 2806 larix.
1328 2777 1367 2806 cf.
1385 2787 1470 2815 supr.
1488 2787 1562 2806 xxx.
1585 2785 1630 2815 17.

1154 2828 1163 2848 1
1192 2820 1411 2849 Jloncsziwem
1432 2820 1578 2856 causam]
1607 2817 1781 2848 Honestio-

1107 2872 1171 2892 rem
1195 2872 1322 2891 euusum
1357 2861 1499 2900 praetexi
1530 2861 1625 2891 titulo
1652 2860 1779 2890 liberta-

1107 2905 1157 2942 tis,
1167 2914 1263 2944 qnam
1281 2904 1376 2934 titulo
1392 2903 1562 2936 servitutis.
1597 2903 1672 2934 Vox
1689 2903 1781 2934 titulo
