1960 3218
344 133 428 172 458
851 130 1000 173 TITI
1039 131 1218 175 LIVII

260 222 529 272 571.summis,
566 238 698 279 quum
734 223 1105 274 animadvertisset,
1141 225 1340 282 pleraque
1375 224 1763 272 dissolvendarum4

263 276 596 336 181·religi0num
617 296 719 331 esse,
741 281 791 322 L.
808 281 977 323 Petillio
998 282 1118 333 dixit,
1143 289 1155 307 ‘
1170 283 1268 324 Sese
1290 298 1360 324 eos
1380 283 1506 324 libros
1526 283 1570 324 in
1591 283 1731 339 ignem

346 338 662 382 ‘coniecturum
693 354 807 380 esse:
840 339 968 395 prius,
994 355 1121 396 quam
1150 340 1195 381 id
1224 341 1390 391 faceret,
1417 356 1459 381 se
1491 340 1530 381 ei
1559 342 1732 397 permit-

345 401 358 419 ‘
375 403 475 445 tere,
498 396 573 445 uti,
596 396 626 437 si
651 396 766 453 quod
793 412 866 438 seu
896 397 973 447 ius,
995 413 1070 438 seu
1096 398 1299 439 auxilium
1327 413 1369 439 se
1398 398 1550 439 habere
1580 399 1633 440 ad
1660 414 1730 440 eos

346 452 499 495 ‘libros
519 454 770 510 repetendos
794 454 1062 505 existimaret,
1085 456 1370 512 experiretur:
1403 455 1448 496 id
1472 456 1634 512 integra
1657 468 1762 500 sua5

346 511 504 567 ‘gratia
535 526 632 552 eum
664 511 898 553 facturum?
960 512 1104 554 Scriba
1135 513 1323 554 tribunos
1354 513 1487 569 plebis
1519 514 1606 555 adit
1623 530 1633 563 3
1678 514 1730 555 ab

344 569 521 610 tribunis
547 569 601 610 ad
627 578 820 611 senatum
846 584 911 611 res
938 579 1001 611 est
1027 570 1192 612 reiecta.
1255 570 1429 612 Praetor
1454 586 1497 612 se
1525 571 1732 613 iusiuran-

344 626 447 668 dum
479 626 578 674 dare
610 636 801 683 paratum
829 642 917 669 esse
946 628 1095 677 aiebat,
1123 627 1250 669 libros
1279 643 1349 669 eos
1378 627 1461 684 legi
1493 629 1729 685 servarique

134 691 431 726 Comburun-non
466 693 669 740 oportere.
735 684 912 726 Senatus
944 685 1118 734 censuit,
1159 690 1171 708 ⁶
1189 684 1296 726 Satis
1328 685 1583 736 habendum,
1615 687 1731 743 quod

133 737 197 766 tur.
346 747 539 799 ‘praetor
573 742 864 783 iusiurandum
897 741 1190 798 polliceretur:
1229 742 1356 784 libros
1390 743 1527 798 primo
1561 759 1730 800 quoque

345 806 357 824 ‘
374 809 562 856 tempore
591 799 637 840 in
664 800 836 841 comitio
865 799 1110 842 cremandos
1140 815 1254 842 esse:
1287 800 1469 856 pretium
1499 816 1573 857 pro
1603 801 1730 852 libris,

345 863 357 881 ‘
372 866 577 913 quantum
607 856 659 906 Q.
679 856 847 898 Petillio
871 858 1053 913 praetori
1081 857 1311 914 maiorique
1339 858 1447 914 parti
1468 859 1731 900 tribunorum

344 920 357 939 ‘
371 914 505 971 plebis
526 914 751 965 videretur,
775 915 946 957 domino
971 930 1059 956 esse
1084 915 1356 957 solvendum.’
1415 914 1468 956 Id
1491 916 1625 957 scriba
1644 931 1732 957 non

343 972 515 1029 accepit.
577 972 697 1014 Libri
720 973 766 1013 in
787 972 969 1023 comitio,
991 973 1089 1030 igne
1110 988 1135 1014 a
1154 973 1395 1015 victimariis
1421 973 1543 1024 facto,
1566 974 1610 1015 in
1631 982 1764 1016 con-6

342 1039 488 1087 spectu
507 1030 654 1087 populi
674 1030 845 1072 cremati
866 1040 974 1072 sunt.

401 1087 608 1144 Magnum
625 1088 782 1129 bellum
799 1103 848 1129 ea
863 1096 1018 1130 aestate
1035 1097 1223 1130 coortum
1241 1089 1284 1129 in
1303 1087 1510 1145 Hispania
1525 1089 1729 1131 citeriore.

343 1145 416 1187 Ad
432 1146 620 1202 quinque
642 1154 685 1187 et
706 1146 878 1201 triginta
893 1146 1023 1187 millia
1038 1146 1272 1197 hominum,
1289 1155 1494 1202 quantum
1512 1162 1731 1203 nunquam

341 1204 470 1245 ferme
492 1213 627 1253 antea,
654 1202 856 1245 Celtiberi
877 1213 1229 1260 comparaverant.
1295 1204 1348 1252 Q.
1368 1204 1538 1246 Fulvius
1559 1204 1732 1246 Flaccus

341 1277 435 1303 eam
471 1262 687 1303 obtinebat
721 1262 989 1318 provinciam.
1053 1261 1109 1311 Is,
1142 1262 1241 1318 quia
1273 1277 1431 1303 armare
1467 1261 1730 1304 iuventutem

343 1319 577 1361 Celtiberos
599 1318 799 1369 audierat,
822 1330 865 1360 et
885 1319 986 1375 ipse,
1009 1327 1166 1375 quanta
1190 1328 1366 1375 poterat,
1389 1335 1414 1360 a
1433 1320 1554 1360 sociis
1575 1319 1732 1360 auxilia

340 1385 629 1426 contraxerat3
682 1376 756 1418 sed
800 1392 1068 1433 nequaquam
1113 1391 1289 1417 numero
1334 1376 1516 1417 militum
1565 1376 1729 1418 hostem

339 1435 557 1490 aequabat.
634 1434 849 1490 Principio
898 1434 1005 1475 veris
1055 1434 1285 1475 exercitum
1334 1434 1380 1474 in
1433 1433 1728 1490 Carpetaniam

338 1492 473 1542 duxit,
515 1501 558 1533 et
597 1500 730 1533 castra
768 1491 919 1532 locavit
958 1492 1012 1532 ad
1052 1491 1255 1547 oppidum
1292 1491 1521 1540 Aeburam,
1564 1492 1761 1537 modico?

338 1550 544 1606 praesidio
580 1550 625 1590 in
660 1549 762 1590 urbe
798 1549 945 1605 posito.
1007 1548 1158 1589 Paucis
1198 1557 1292 1604 post
1326 1549 1473 1589 diebus
1511 1548 1729 1599 Celtiberi,

338 1607 468 1648 millia
495 1607 580 1648 duo
608 1607 737 1647 ferme
770 1606 883 1656 inde,
905 1607 981 1647 sub
1009 1606 1113 1647 colle
1142 1614 1373 1662 posuerunt
1403 1615 1543 1647 castra.
1610 1606 1730 1654 Quos

338 1665 411 1706 ubi
444 1665 586 1706 adesse
619 1672 784 1720 praetor
816 1664 1034 1705 Romanus
1066 1664 1206 1714 sensit,
1242 1663 1304 1704 Μ.
1336 1664 1529 1704 Fulvium
1561 1664 1729 1705 fratrem

337 1738 434 1764 cum
465 1722 626 1763 duabus
657 1722 803 1762 turmis
834 1722 1041 1763 sociorum
1073 1721 1265 1777 equitum
1298 1721 1351 1762 ad
1383 1731 1514 1762 castra
1545 1721 1728 1762 hostium

337 1780 599 1836 speculatum
641 1780 765 1829 nilsit,
807 1794 934 1835 quam
976 1778 1166 1835 proxime
1212 1779 1434 1820 succedere
1480 1779 1533 1819 ad
1573 1779 1728 1820 vallum

336 1838 508 1888 iussum,
535 1847 582 1879 ut
611 1837 775 1887 viseret,
802 1844 959 1892 quanta
989 1845 1127 1877 essent
1143 1851 1153 1885 ;
1186 1851 1329 1892 pugna
1359 1836 1598 1885 abstineret,
1624 1835 1728 1877 reci-

336 1904 540 1951 peretque
580 1910 682 1945 sese,
719 1895 753 1935 si
788 1893 971 1935 hostium
1007 1893 1241 1950 equitatum
1281 1903 1508 1935 exeuntem
1543 1893 1726 1936 vidisset.

337 1953 416 2003 Ita,
439 1963 486 1994 ut
506 1961 777 2009 praeceptum
798 1960 900 2002 erat,
921 1951 1030 1992 fecit.
1093 1951 1176 1992 Per
1195 1951 1286 1992 dies
1310 1950 1470 2006 aliquot
1493 1950 1599 1991 nihil
1620 1950 1729 1992 ultra

337 2020 511 2060 motum,
550 2026 675 2067 quam
712 2009 872 2051 utsthae
905 2009 1013 2050 duae
1048 2017 1206 2049 turmae
1244 2009 1589 2049 ostenderentur:
1628 2008 1728 2050 dein

337 2069 684 2118 subducerentur,
714 2067 786 2108 ubi
819 2067 1029 2123 equitatus
1062 2066 1243 2107 hostium
1275 2066 1418 2108 castris
1448 2066 1729 2121 procucurris-

337 2135 441 2167 sent.
504 2126 721 2167 Postrcmo
757 2124 973 2173 Celtiberi,
1006 2124 1199 2165 omnibus
1231 2124 1354 2165 simul
1387 2124 1578 2180 peditum
1610 2124 1730 2180 equi-

338 2194 513 2240 tumque
555 2183 685 2239 copiis
724 2182 866 2224 castris
900 2182 1066 2237 egressi,
1104 2182 1191 2222 acie
1228 2181 1388 2223 directa
1422 2182 1562 2222 medio
1597 2181 1727 2223 ferme

337 2242 470 2297 spatio
491 2242 601 2282 inter
623 2241 720 2283 bina
743 2248 876 2282 castra
900 2239 1189 2281 constiterunt.
1254 2238 1441 2295 Campus
1468 2248 1556 2280 erat
1579 2239 1728 2295 planus

137 232 182 266 U.
199 232 237 264 C.

135 276 177 307 A.
200 276 240 308 O.

196 1100 264 1138 30.

132 1155 264 1185 Bellum
280 1155 313 1186 in

132 1197 295 1237 Hispania

130 1240 286 1273 citeriore.

338 2397 412 2416 cum
437 2387 556 2423 legerat
580 2386 728 2422 scribam,
745 2389 776 2415 ct
799 2385 854 2415 uni
879 2396 895 2416 e
917 2386 1010 2415 decu-

339 2429 392 2458 riis
436 2429 611 2458 scribarum
656 2428 855 2467 ascripserat.
924 2428 1012 2457 lline

340 2474 429 2510 patet
445 2471 665 2509 quaestoribus
684 2471 734 2500 ius
750 2471 845 2500 fuisse
862 2471 1011 2508 legendo-

337 2524 408 2543 rum
425 2513 608 2543 scribarum.
657 2513 748 2542 Idem
771 2512 847 2543 iuris
862 2513 1011 2542 habuis-se

341 2559 499 2595 praetores
530 2560 560 2584 ct
598 2555 719 2584 aediles
756 2556 882 2585 curules
917 2556 1011 2584 docet

340 2599 454 2629 Cicero
478 2608 533 2636 pro
550 2598 679 2627 Ulucnt.
701 2597 771 2627 126.
818 2598 916 2627 ,Porro
937 2597 1010 2627 scri-

340 2643 451 2671 barum
484 2640 559 2669 ordo
590 2640 620 2669 in
650 2640 794 2669 ‹lt-curias
824 2639 1011 2669 distributus

340 2687 419 2714 crat.
487 2682 589 2721 Igitur
625 2681 808 2720 quicunque
848 2682 1011 2718 legebatur

340 2727 453 2763 scriba,
470 2725 500 2754 in
524 2735 619 2754 unam
642 2734 679 2754 ex
702 2724 766 2753 illis
782 2723 918 2753 decuriis
938 2734 1009 2753 con-

341 2769 549 2799 tribuebatur.
574 2769 680 2798 Cuuv.

386 2824 404 2849 4
427 2811 708 2841 l)z’s.s·olvemlm·um
723 2809 931 2847 reliuionmn]
960 2808 1012 2838 Ad

340 2854 560 2884 dissolvendas
586 2851 753 2892 religiones
780 2856 936 2891 spectare.
971 2851 1010 2882 cf.

341 2907 426 2936 supr.
444 2896 487 2927 iii.
506 2906 555 2936 24.

1101 2393 1117 2422 5
1143 2387 1276 2424 Integra
1299 2395 1359 2414 sua
1379 2384 1505 2423 ‘qi-alia]
1537 2384 1590 2413 Ita
1612 2386 1647 2412 ut
1670 2381 1727 2413 ille

1057 2428 1194 2457 cundem
1221 2428 1308 2465 apud
1328 2437 1360 2456 se
1382 2425 1500 2465 gratiae
1517 2429 1549 2455 ct
1564 2425 1726 2455 amicitiae

1056 2470 1189 2509 gradum
1208 2472 1340 2498 teneret.
1366 2470 1470 2499 Cum.

1098 2511 1117 2542 6
1148 2511 1356 2547 [waimarus]
1385 2510 1563 2539 Victimarii
1577 2513 1667 2540 crant
1680 2521 1727 2540 sa-

1056 2555 1221 2584 cerdotum
1242 2552 1389 2589 ministri,
1406 2552 1459 2591 qui
1484 2553 1627 2583 victimas
1650 2553 1726 2592 liga-

1055 2598 1144 2629 bant,
1166 2599 1197 2625 ct
1224 2596 1376 2631 cultrum,
1397 2605 1525 2633 aquam,
1548 2599 1580 2625 ct
1606 2596 1726 2625 molam

1054 2639 1170 2668 salsam
1198 2639 1363 2676 parabant,
1385 2641 1554 2676 ceteraque
1574 2648 1654 2677 quae
1679 2648 1726 2668 sa-

1055 2681 1115 2710 cris
1131 2680 1307 2709 neccssaria
1323 2685 1424 2711 crant.
1449 2681 1555 2711 Cum'.

1099 2730 1114 2761 7
1139 2724 1319 2760 Arium-am]
1359 2724 1408 2752 lta
1433 2727 1518 2752 recte
1543 2722 1726 2753 emendavit

1055 2765 1202 2804 Sigonius
1224 2775 1280 2803 pro
1298 2766 1381 2803 vulg.
1398 2766 1569 2802 liburiam,
1591 2766 1725 2804 Stepha—

1056 2818 1131 2837 num
1155 2811 1318 2837 auctorem
1341 2811 1478 2838 secutus.
1524 2808 1652 2838 Aebura
1670 2817 1725 2847 op-

1055 2850 1169 2890 pidum
1187 2860 1288 2890 prope
1305 2850 1430 2889 Tugum
1447 2855 1525 2882 erat.
