1960 3218
349 151 430 188 342
870 144 1019 186 ΤΙΤΙ
1058 144 1239 187 LIVII

145 246 189 278 U.
211 246 249 278 C.
268 245 339 291 563·
353 237 502 294 gendis
522 245 598 293 pe‘r
619 235 801 278 tumulos
823 235 928 285 telis,
951 244 998 277 ut
1018 235 1189 277 missilia
1212 235 1462 284 sufficerent,
1484 234 1597 276 haud
1622 249 1748 291 segne

146 291 185 321 A·
210 290 247 321 C.
273 292 342 329 ¹⁸9·
356 296 401 337 id
421 296 559 352 ipsum
581 303 747 351 tempus
769 302 1093 350 consumpserat.
1156 293 1245 334 Iam
1271 293 1414 334 castris
1439 293 1750 349 appropinqua-

217 1049 284 1086 23.

152 1105 267 1135 Castra
275 1104 351 1135 Gal-

151 1147 255 1177 lorum
274 1158 323 1178 ea-

152 1190 295 1229 piuntur.

357 355 484 395 bant:
530 361 573 394 et
611 351 738 401 Galli,
775 367 829 393 ne
865 367 1014 407 parum
1049 367 1091 392 se
1134 351 1398 392 munimenta
1436 366 1511 391 sua
1545 358 1749 406 tegerent,

358 411 506 453 armati
528 426 603 466 pro
623 410 732 451 vallo
754 409 1038 450 constiterant.
1104 408 1258 451 Obruti
1280 408 1434 449 deinde
1456 408 1571 449 omni
1596 422 1749 464 genere

359 469 552 517 telorum,
582 483 726 524 quum,
754 483 838 523 quo
870 467 1011 523 plures
1043 481 1090 508 ac
1123 466 1336 507 densiores
1369 475 1500 516 erant,
1530 481 1580 506 eo
1614 465 1752 505 minus

359 527 456 568 vani
497 526 724 582 quicquam
765 525 1036 566 intercideret
1076 523 1160 574 teli,
1199 524 1308 564 intra
1342 524 1496 564 vallum
1539 531 1754 564 momento

362 584 562 640 temporis
587 583 908 639 compelluntur,
932 582 1179 623 stationibus
1212 591 1375 622 tantum
1404 582 1533 622 firmis
1561 581 1614 621 ad
1645 580 1756 636 ipsos

363 643 500 684 aditus
528 650 743 697 portarum
769 640 934 681 relictis
998 639 1049 679 In
1076 639 1404 688 multitudinem,
1428 638 1686 694 compulsam
1712 638 1757 677 in

363 709 508 748 castra,
532 699 591 740 vis
613 699 761 755 ingens
787 697 1005 738 missilium
1028 697 1205 738 telorum
1228 697 1554 738 coniiciebatur:
1589 704 1643 745 et,
1666 694 1756 736 vul-

362 758 498 799 nerari
517 757 682 806 multos,
701 756 868 804 clamor,
886 755 1120 811 permixtus
1137 754 1359 795 mulierum
1382 764 1508 809 atque
1530 768 1755 810 puerorum

360 815 603 872 ploratibus,
627 814 899 869 significabat.
963 811 1014 852 In
1036 827 1118 861 eos,
1142 812 1215 867 qui
1240 822 1380 867 portas
1405 812 1653 852 stationibus
1674 810 1758 852 suis

362 873 609 921 clauserant,
653 871 868 927 legionum
915 869 1179 923 antesignani
1224 869 1310 925 pila
1351 870 1633 910 coniecerunt.
1698 867 1759 909 Hi

361 945 460 971 vero
501 945 586 971 non
623 929 963 977 vulnerabantur,
996 927 1081 976 sed,
1119 927 1460 968 transverberatis
1494 926 1634 976 scutis,
1670 925 1760 982 ple-

363 989 483 1044 rique
519 988 629 1028 inter
664 1002 706 1027 se
743 985 922 1027 conserti
958 985 1211 1026 haerebant:
1252 1000 1331 1025 nec
1363 984 1520 1025 diutius
1554 984 1789 1040 impetums

367 1046 657 1087 Romanorum
688 1044 990 1085 sustinuerunt.
1053 1042 1300 1083 Patentibus
1333 1043 1416 1083 iam
1449 1042 1590 1098 portis,
1625 1042 1761 1098 prius-

366 1119 493 1160 quam
529 1104 810 1159 irrumperent
844 1102 1034 1150 victores,
1070 1100 1169 1156 fuga
1209 1115 1231 1140 e
1273 1100 1416 1141 castris
1455 1099 1673 1141 Gallorum
1715 1099 1761 1140 in

366 1177 512 1204 ornnes
536 1170 675 1217 partes
699 1160 807 1201 facta
831 1168 904 1200 est.
969 1158 1120 1199 Ruunt
1150 1158 1264 1199 caeci
1294 1173 1369 1214 per
1395 1158 1494 1207 vias,
1516 1173 1592 1214 per
1618 1157 1757 1198 invia:

365 1220 481 1261 nulla
511 1218 756 1276 praecipitia
783 1232 893 1266 saxa,
917 1216 1057 1257 nullae
1085 1231 1210 1272 rupes
1238 1216 1428 1257 obstant:
1463 1215 1568 1256 nihil
1596 1225 1762 1272 praeter

365 1278 529 1319 hostem
558 1285 765 1318 metuunt.
830 1275 979 1330 Itaque
1008 1274 1198 1330 plerique
1227 1274 1476 1329 praecipites
1504 1289 1579 1330 per
1603 1282 1761 1314 vastam

365 1335 633 1377 altitudinem
664 1333 846 1390 prolapsi
874 1341 947 1374 aut
974 1331 1180 1372 debilitati
1212 1332 1518 1376 exanimantur.
1584 1330 1794 1380 Consul,6

365 1394 510 1435 castris
531 1392 676 1449 captis,
695 1391 932 1447 direptione
954 1389 1193 1445 praedaque
1216 1389 1397 1430 abstinet
1418 1389 1616 1430 militem:
1641 1388 1760 1445 sequi
1776 1400 1793 1433 7

365 1467 440 1508 pro
473 1467 515 1492 se
544 1465 771 1506 quemque,
800 1457 843 1489 et
875 1449 1041 1497 instare,
1072 1456 1114 1488 et
1144 1447 1344 1503 perculsis
1376 1462 1571 1503 pavorem
1606 1446 1760 1487 addere

365 1510 494 1550 iubet.
561 1507 812 1564 Supervenit
834 1514 876 1547 et
897 1505 1071 1546 alterum
1095 1520 1191 1545 cum
1214 1504 1262 1545 L.
1284 1504 1449 1545 Manlio
1471 1520 1619 1560 agmen
1639 1520 1649 1553 3
1682 1519 1762 1545 nec

366 1582 436 1608 eos
462 1575 594 1607 castra
617 1566 772 1606 intrare
797 1563 907 1605 sinit.
971 1562 1171 1603 Protinus
1201 1562 1253 1603 ad
1281 1562 1594 1618 persequendos
1621 1562 1762 1603 hostes

366 1625 520 1665 mittit:
556 1632 597 1664 et
620 1623 707 1679 ipse
728 1621 870 1678 paullo
891 1629 997 1676 post,
1021 1620 1173 1660 tradita
1197 1620 1456 1676 captivorum
1479 1620 1668 1661 custodia
1691 1620 1762 1661 tri-

365 1682 490 1723 bunis
511 1681 705 1730 militum,
729 1680 943 1735 sequitur3
975 1677 1230 1719 debellatum
1253 1688 1377 1727 ratus,
1396 1679 1429 1719 si
1452 1678 1495 1718 in
1516 1678 1587 1719 illo
1608 1692 1761 1734 pavore

367 1755 493 1796 quam
516 1739 685 1795 plurimi
707 1738 814 1779 caesi
835 1736 985 1785 forent,
1009 1745 1080 1776 aut
1108 1736 1230 1791 capti.
1295 1736 1473 1791 Egresso
1498 1736 1682 1785 consule,
1708 1735 1758 1776 C.

368 1797 547 1838 Helvius
569 1812 665 1837 cum
690 1796 813 1836 tertio
839 1794 1006 1850 agmine
1033 1793 1228 1834 advenit:
1263 1809 1342 1834 nec
1371 1794 1585 1835 continere
1615 1808 1710 1834 suos
1738 1808 1763 1834 a

367 1855 604 1911 direptione
626 1862 854 1894 castrorum
876 1851 1028 1892 valuit:
1056 1851 1296 1907 praedaque
1319 1866 1478 1901 eorum,
1501 1851 1763 1906 iniquissima

367 1921 490 1962 sorte,
509 1912 581 1968 qui
603 1926 770 1967 pugnae
792 1925 877 1951 non
900 1908 1187 1958 interfuerant,
1205 1909 1315 1949 facta
1339 1918 1412 1950 est.
1477 1909 1653 1964 Equites
1674 1908 1761 1958 diu,

367 1971 502 2026 ignari
531 1979 572 2011 et
600 1984 767 2025 pugnae
794 1977 836 2009 et
868 1966 1064 2008 victoriae
1098 1982 1280 2016 suorum,
1311 1976 1527 2008 steterunt.
1591 1966 1762 2007 Deinde

369 2038 411 2069 et
432 2028 524 2084 ipsi,
548 2037 753 2083 quantum
774 2026 894 2082 equis
920 2025 1057 2065 subire
1083 2033 1291 2080 poterant,
1314 2040 1475 2080 sparsos
1495 2025 1594 2080 fuga
1618 2023 1763 2065 Gallos

368 2087 478 2127 circa
502 2086 663 2126 radices
689 2085 843 2125 montis
864 2082 1091 2124 consectati
1120 2082 1322 2132 cecidere,
1346 2092 1417 2123 aut
1445 2097 1604 2138 cepere.
1668 2081 1764 2122 Nu-

368 2159 509 2184 merus
538 2143 853 2184 interfectorum
882 2140 995 2181 haud
1021 2140 1139 2181 facile
1168 2140 1266 2180 iniri
1292 2140 1441 2196 potuit,
1465 2140 1563 2195 quia
1584 2139 1665 2180 late
1687 2153 1763 2195 per

369 2217 515 2242 omnes
537 2201 745 2241 anfractus
767 2199 974 2240 montium
995 2197 1178 2253 fugaque
1201 2206 1243 2238 et
1263 2198 1411 2238 caedes
1428 2198 1528 2238 fuit:
1554 2206 1595 2238 et
1611 2211 1763 2252 magna

369 2274 463 2314 pars
493 2259 666 2314 rupibus
696 2258 818 2298 inviis
849 2257 893 2296 in
924 2255 1156 2312 profundae
1187 2255 1420 2296 altitudinis
1451 2254 1658 2296 convalles
1688 2253 1763 2294 de-

369 2317 482 2372 lapsa
503 2325 590 2365 est3
623 2331 717 2372 pars
739 2315 781 2355 in
803 2314 914 2355 silvis
935 2313 1214 2369 vepribusque
1237 2314 1382 2354 occisa.
1449 2312 1665 2360 Claudius,
1688 2312 1762 2367 qui

368 2374 431 2414 bis
464 2383 697 2430 pugnatum
733 2373 779 2413 in
814 2371 999 2428 Olympo
1032 2380 1175 2411 monte
1210 2370 1364 2419 scribit,
1398 2370 1451 2411 ad
1485 2368 1763 2425 quadraginta

368 2431 499 2472 millia
534 2431 754 2471 hominum
791 2444 920 2476 caesa,
954 2437 1098 2468 auctor
1133 2437 1220 2468 est:
1267 2427 1460 2468 Valerius
1495 2427 1657 2475 Antias,
1688 2425 1762 2481 qui

368 2489 499 2543 magis
526 2488 776 2529 immodicus
804 2487 848 2527 in
877 2500 1052 2526 numero
1080 2484 1274 2539 augendo
1302 2499 1390 2525 esse
1419 2483 1535 2533 solet,
1558 2499 1643 2524 non
1668 2483 1762 2539 plus

412 2628 428 2655 5
447 2617 591 2646 muts-erla&
604 2617 796 2653 haerebant]
820 2616 920 2645 Hunc
933 2616 1041 2645 locum
1087 2614 1223 2644 conserti
1240 2614 1425 2644 haerebant.
1451 2614 1590 2645 Dum-21³.

369 2659 498 2698 Lipsius
524 2659 563 2688 :ul
590 2659 682 2689 (fiaes.
708 2659 747 2688 dc
774 2659 814 2688 B.
834 2658 922 2688 Gall.
944 2658 963 2687 i.
983 2659 1040 2694 ⁴25.
1130 2655 1148 2686 6
1171 2658 1358 2695 Debilitati]
1387 2657 1544 2694 Mutilati,
1561 2655 1695 2687 contusi.
1720 2656 1760 2688 cf.

369 2702 413 2732 ita
427 2702 578 2740 explicat.
616 2700 704 2736 Quia
718 2700 749 2729 in
762 2700 1042 2737 art‹›c‹›nserti,et,
1087 2709 1171 2737 supr.
1191 2699 1256 2728 xxi.
1275 2709 1324 2736 40.
1351 2700 1460 2730 Dor-21³.

370 2745 458 2774 velut
475 2743 634 2774 testudine
651 2744 746 2779 facta,
763 2742 890 2773 structis
906 2742 988 2772 inter
1009 2752 1041 2771 se
1131 2748 1146 2779 7
1171 2742 1319 2771 stas—tinet
1350 2744 1497 2780 militem]
1534 2742 1679 2772 Verbum
1707 2742 1760 2771 ab·

369 2790 401 2817 et
423 2786 602 2816 coniunctis
623 2785 721 2815 scutis
745 2790 828 2815 stau-t·
850 2786 1040 2821 debuerunt,
1084 2785 1204 2814 stinere
1220 2785 1324 2814 activo
1342 2796 1435 2814 sensu
1452 2795 1536 2824 supr.
1554 2785 1585 2815 ii.
1605 2794 1653 2814 22.
1673 2793 1760 2813 usur-

368 2840 430 2859 non
445 2830 692 2859 ‹litliculteruno
708 2828 773 2858 ictu
793 2828 929 2867 pilorum
948 2828 1041 2866 plura
1085 2830 1188 2865 patur.
1259 2827 1412 2857 Dukcrus
1466 2826 1759 2866 interpunctionem

367 2877 459 2902 scuta
479 2871 724 2902 transverberari
748 2874 945 2909 potuerunt3
972 2870 1039 2909 qui·
1085 2872 1157 2908 post
1188 2879 1298 2899 vocem
1327 2871 1476 2907 abstinet,
1507 2880 1590 2909 quae
1620 2869 1653 2899 in
1682 2871 1760 2900 vett.

367 2916 426 2945 bus
442 2914 602 2945 transfixis
618 2917 650 2945 ct
666 2913 824 2953 colligatis
840 2913 898 2953 ipsi
913 2912 995 2943 inter
1007 2923 1040 2943 sc
1084 2912 1156 2942 edd.
1174 2913 1332 2950 exstabat,
1349 2912 1471 2952 primus
1487 2911 1626 2943 sustulit.

1952 329 1960 361 ..ι
1952 267 1960 315 ...-
