1960 3218
546 138 672 181 LIB.
708 138 905 180 XXXII.
948 138 1093 181 CAP.
1126 144 1165 182 4.
1502 148 1557 186 49

157 232 208 274 L.
228 231 393 274 Marcio
417 230 606 287 Septimo
637 230 911 272 convenisset.
977 230 1033 272 Et
1062 230 1362 273 Narniensium
1395 233 1553 298 legatis,
1572 245 1613 276 U.
1632 245 1670 276 C.
1692 254 1764 285 553·

156 290 430 346 querentibus
446 288 499 329 ad
515 302 739 329 numerum
760 287 839 330 sibi
860 287 1031 330 colonos
1047 303 1134 329 non
1155 304 1257 339 esse,
1276 298 1320 330 et
1340 290 1553 333 immixtos
1568 289 1606 319 A.
1632 288 1670 319 C.
1698 297 1764 329 ¹99-

155 347 360 403 quosdam
388 361 475 388 non
499 346 564 386 sui
591 345 756 402 generis
784 360 861 401 pro
882 345 1041 387 colonis
1069 360 1111 387 se
1139 361 1297 403 gerere,
1320 362 1464 388 earum
1488 363 1553 390 re-

153 418 249 445 rum
289 419 412 445 causa
451 403 644 445 tresviros
685 417 823 444 creare
872 402 922 444 L.
949 402 1176 444 Cornelius
1216 404 1363 445 consul
1403 405 1550 448 iussus.

157 460 301 503 Creati
330 461 377 503 P.
401 469 444 502 et
467 460 563 502 Sex.
588 459 703 501 Aelii
725 460 888 516 (Paetis
908 460 989 501 fuit
1008 461 1210 502 ambobus
1231 463 1489 518 cognomen)
1510 472 1553 504 et

156 518 206 560 C.
234 518 459 560 Cornelius
490 517 710 559 Lentulus.
776 517 905 565 Quod
937 516 1244 559 Narniensibus
1271 518 1417 560 datum
1449 529 1550 570 erat,

125 584 201 617 1ut
227 575 471 618 colonorum
498 589 700 616 numerus
731 582 967 630 augeretur,
990 574 1036 615 id
1059 573 1217 616 Cosani
1243 583 1437 632 petentes
1464 592 1551 619 non

150 633 490 689 impetraverunt.

210 691 368 756 Rebus,
391 705 499 747 quae
523 690 684 732 Romae
707 689 894 745 agendae
912 699 1043 740 erant,
1060 691 1269 747 perfectis,
1292 692 1516 734 consules'
1505 708 1550 734 1n
1642 698 1680 735 3.

149 748 384 814 provincias
405 748 591 804 profecti.
654 747 702 788 P.
721 747 945 813 Villium,
934 763 978 789 in
1004 722 1304 790 Macedoniam
1326 765 1458 806 quum
1479 766 1550 792 ve·
1564 758 1686 790 seditio
1702 759 1759 789 mi-

150 805 292 855 nisset,
315 815 434 847 atrox
460 805 612 847 seditio
640 804 867 855 militum,
857 820 939 846 1am
965 814 1063 847 ante
1091 806 1263 857 irritata,
1286 822 1364 849 nec
1385 808 1483 849 satis
1504 808 1546 849 in
1563 801 1714 874 litumdin

149 863 357 920 principio
373 877 621 920 compressa,
639 863 820 919 excepit.
882 862 983 904 Duo
1000 863 1132 904 millia
1152 879 1201 905 ea
1221 864 1403 906 militum
1416 865 1546 915 fuere,
1562 845 1659 918 ffigce
1684 854 1714 875 ⁰

149 921 224 976 qui
245 936 298 962 ex
321 920 466 962 Africa
485 929 580 986 post
600 920 814 961 devictum
843 920 1168 962 Hannibalem'
1156 937 1202 962 1n
1227 921 1424 972 Siciliam,
1447 923 1547 964 inde

149 992 261 1020 anno
283 978 369 1020 fere
397 987 492 1035 post
515 979 558 1019 in
585 977 884 1019 Macedoniam
908 993 985 1034 pro
1005 978 1251 1020 voluntariis
1278 981 1548 1036 transportati

148 1044 278 1077 erant.
340 1035 393 1077 Id
413 1035 627 1077 voluntate
657 1035 813 1076 factum
840 1036 1073 1092 negabant.
1110 1037 1206 1078 ‘Ab
1228 1037 1407 1078 tribunis
1428 1053 1549 1079 recu-

118 1097 314 1135 2‘santes
341 1093 386 1134 in
416 1109 542 1135 naves
572 1093 799 1149 impositos.
865 1070 950 1135 Sed
979 1101 1209 1150 utcunque,
1239 1109 1314 1135 seu
1344 1095 1546 1145 iniuncta,

149 1155 163 1174 ‘
177 1166 252 1192 seu
272 1159 463 1207 suscepta
483 1151 590 1192 foret
611 1150 771 1200 militia,
795 1158 837 1191 et
861 1165 953 1192 eam
976 1150 1236 1201 exhaustam,
1259 1160 1302 1192 et
1322 1151 1451 1193 finem
1473 1153 1547 1193 ali-

149 1213 163 1232 ‘
178 1223 304 1264 quem
327 1208 536 1249 militandi
557 1208 647 1249 fieri
669 1222 851 1264 aequum
874 1223 974 1249 esse.
1039 1207 1190 1250 Multis
1211 1210 1331 1250 annis
1352 1224 1440 1250 sese
1463 1209 1548 1251 Ita-

149 1266 274 1307 ‘liam
296 1281 382 1307 non
402 1265 576 1307 vidisse:
611 1265 877 1307 consenuisse
898 1266 975 1306 sub
997 1266 1121 1306 armis
1142 1265 1186 1306 in
1211 1266 1364 1315 Sicilia,
1389 1267 1545 1316 Africa,

148 1322 442 1365 ‘Macedonia.
505 1322 734 1364 Confectos
764 1323 847 1364 iam
878 1338 921 1364 se
954 1322 1109 1373 labore,
1141 1339 1280 1379 opere,
1313 1339 1547 1380 exsangues

149 1385 239 1422 ‘tot
259 1381 441 1437 acceptis
468 1380 710 1422 vulneribus
737 1380 852 1422 esse?
915 1380 1088 1430 Consul,
1114 1386 1304 1422 ‘causam
1332 1381 1548 1437 postulan-

148 1438 255 1480 ‘dae
291 1438 498 1479 missionis
533 1438 804 1494 probabilem,
842 1438 876 1479 si
908 1437 1097 1479 modeste
1129 1447 1355 1494 peteretur,
1387 1438 1547 1489 videri,’

146 1494 277 1537 dixit:
322 1495 565 1537 ‘seditionis
595 1511 673 1537 nec
705 1510 811 1545 eam,
843 1510 923 1537 nec
953 1495 1082 1536 ullam
1113 1495 1236 1537 aliam
1267 1496 1365 1537 satis
1395 1496 1547 1538 iustam

149 1558 162 1577 ⁶
177 1568 342 1594 causam
365 1568 465 1594 esse
528 1553 677 1619 Itaque
707 1553 740 1594 si
762 1568 930 1594 manere
953 1553 1007 1594 ad
1035 1553 1165 1609 signa,
1188 1562 1231 1596 et
1258 1553 1372 1595 dicto
1400 1569 1545 1610 parere

149 1616 161 1635 ‘
174 1610 317 1660 velint,
350 1625 393 1652 se
435 1610 487 1651 de
529 1610 724 1651 missione
766 1625 911 1651 eorum
951 1610 1006 1651 ad
1045 1619 1237 1652 senatum
1278 1611 1543 1667 scripturum.

149 1667 388 1709 ‘Modestia
411 1667 584 1718 facilius,
615 1682 742 1725 quarn
770 1668 1012 1725 pertinacia,
1036 1667 1152 1725 quod
1179 1667 1324 1718 velint,
1347 1668 1546 1727 impetra-

149 1725 313 1768 ‘turos'

205 1783 471 1825 Thaumacos
493 1799 542 1825 eo
565 1793 751 1840 tempore
780 1782 1004 1849 Philippus
1028 1798 1192 1826 summa
1211 1785 1252 1825 vi
1274 1784 1546 1841 oppugnabat
1636 1797 1675 1833 4,

146 1841 367 1897 aggeribus
387 1841 629 1897 vineisque3
663 1852 705 1883 et
725 1842 806 1882 iam
830 1841 1002 1883 arietem
1024 1842 1154 1882 muris
1175 1842 1420 1883 admoturus
1443 1851 1541 1883 erat.
1558 1849 1720 1881 Thauma-

150 1897 352 1940 Ceterum
382 1898 550 1955 incepto
581 1899 778 1940 absistere
807 1914 904 1939 eum
934 1899 1072 1955 coegit
1102 1899 1263 1940 subitus
1293 1899 1543 1940 Aetolorum
1557 1893 1741 1966 {ostfrtustm

147 1955 365 2005 advenum,
384 1957 470 2012 qui,
490 1956 749 1998 Archidamo
771 1956 877 1997 duce
900 1956 1009 1998 inter
1024 1957 1234 1998 custodias
1256 1956 1544 1998 Macedonum
1557 1945 1698 2008 dffiearj‘sss

147 2013 314 2055 moenia
334 2014 521 2070 ingressi,
538 2029 617 2055 nec
638 2014 720 2063 die,
738 2029 816 2054 nec
838 2022 961 2055 nocte
980 2014 1107 2055 finem
1129 2014 1262 2054 ullum
1279 2014 1543 2070 erumpendi,
1560 2020 1742 2060 Philippus

146 2086 260 2112 nunc
291 2070 336 2111 in
368 2072 578 2121 stationeS,
611 2086 726 2112 nunc
757 2071 802 2111 in
832 2086 959 2127 opera
990 2070 1290 2120 Macedonum,
1322 2071 1541 2112 faciebant.

116 2127 206 2169 3Et
230 2127 453 2169 adiuvabat
477 2144 548 2170 eos
572 2138 722 2169 natura
752 2128 841 2184 ipsa
867 2127 959 2169 loci.
1024 2127 1222 2183 Namque
1255 2128 1490 2169 Thaumaci
1521 2144 1546 2169 a

148 2185 264 2242 Pylis
285 2184 463 2242 sinuque
487 2185 670 2227 Maliaco
687 2200 762 2242 per
784 2185 974 2226 Lamiam
991 2185 1110 2226 eunti
1132 2185 1222 2226 loco
1240 2185 1323 2226 alto
1343 2185 1411 2227 siti
1433 2194 1543 2235 sunt,

117 2243 246 2300 4ipsis
276 2242 465 2285 faucibus
493 2243 776 2293 imminentes,
803 2257 906 2299 quas
934 2242 1068 2284 Coela
1100 2251 1251 2284 vocant
1277 2243 1542 2284 Thessaliae:

148 2315 256 2359 quae
278 2301 511 2343 transeunti
539 2301 780 2358 confragosa
801 2300 893 2342 loca
920 2300 1237 2357 implicatasque
1259 2300 1438 2342 flexibus
1458 2300 1544 2342 val-

869 2435 907 2455 ac
947 2425 1116 2456 definitum
1162 2435 1332 2455 numerum
1379 2426 1545 2456 conficere.

148 2428 329 2468 praefectus
364 2427 404 2457 ab
444 2427 552 2457 Roma
589 2425 699 2456 Gades
739 2424 824 2455 mitti
870 2468 897 2499 C

902 2477 976 2498 κεν.

149 2474 283 2510 coeptus
307 2472 385 2500 erat.
432 2469 531 2499 Nune
555 2478 629 2507 ergo
655 2467 826 2498 Gaditanis

149 2513 334 2552 petentibus
354 2511 551 2548 conceditur,
568 2521 608 2541 ne
629 2510 692 2540 iarn
716 2509 750 2540 in
774 2520 824 2540 eo-
919 2520 936 2540 2
959 2511 1024 2542 Seu
1050 2511 1216 2549 iniuncta]
1263 2511 1401 2550 Iniunyi
1428 2511 1545 2550 saepis-

149 2565 220 2585 rum
236 2555 348 2585 urbem
365 2554 545 2594 praefectus
568 2553 724 2583 mittatur.
772 2552 825 2583 De

150 2596 342 2637 praefectis
334 2596 394 2626 iuri
409 2596 548 2626 dicundo
565 2596 604 2626 cf.
618 2605 702 2635 supr.
718 2595 760 2625 ix.
776 2604 824 2626 20.

150 2640 260 2671 Cnsv.

198 2691 210 2711 1
241 2683 283 2714 Ut
311 2682 491 2712 colonorum
514 2691 669 2712 numerus
693 2691 825 2720 auyere-

151 2725 222 2762 tur]
257 2723 479 2761 Perflceretur,
503 2723 731 2760 absolveretur,
756 2733 825 2762 par·

151 2766 210 2796 tim
227 2766 329 2796 redire
345 2766 485 2797 iubendo
501 2765 535 2796 in
550 2765 722 2802 coloniam,
735 2765 758 2795 si
770 2766 825 2804 qui

151 2808 215 2839 alio
231 2808 373 2847 dissipati
391 2811 493 2844 erant,
506 2808 620 2847 partim
638 2808 825 2838 ascribendo

152 2860 260 2881 novos.
300 2850 351 2881 Sic
363 2861 472 2888 coqere
486 2851 627 2887 militem,
640 2852 823 2890 pecuniam,

152 2893 359 2933 stipendium,
385 2897 432 2923 est
455 2892 610 2932 cuiusque
633 2893 677 2924 rei
701 2897 823 2924 certum

215 2947 314 2975 VOL.
338 2948 398 2975 111.

870 2552 950 2583 sime
969 2563 1008 2583 ea
1023 2552 1098 2590 dici,
1113 2563 1195 2592 quae
1219 2563 1276 2592 pro
1300 2553 1449 2583 oneribus
1471 2554 1545 2591 sint,

870 2595 1041 2635 invitisque
1072 2595 1291 2634 imponantur,
1317 2595 1545 2626 animadvertit

871 2637 1062 2668 Gronovius.

913 2689 930 2718 3
955 2682 982 2710 Λ
1002 2681 1111 2720 Pylis]
1141 2680 1373 2720 Intelliguntur
1389 2680 1544 2711 Thermo-

871 2723 975 2762 pylae.
1001 2723 1039 2753 cf.
1056 2723 1127 2753 infr.
1145 2723 1254 2754 xxxvi.
1276 2730 1321 2761 15.

914 2776 932 2803 4
961 2767 1048 2802 Quas
1076 2765 1170 2796 Coela
1197 2770 1312 2796 vocant
1338 2766 1543 2797 Thessaliae:

869 2818 951 2848 quae
979 2809 1180 2845 transeunti]
1230 2808 1283 2838 Ita
1311 2807 1485 2838 Douiatius
1514 2818 1544 2838 e-

869 2850 1032 2880 mendavit
1057 2860 1113 2890 pro
1138 2851 1221 2889 vulg.
1246 2855 1383 2881 vocant:
1415 2851 1544 2881 Thessa-

869 2893 994 2932 liaeque
1006 2894 1199 2924 transeunti.
1220 2892 1356 2932 Quippe
1365 2892 1427 2922 hae
1438 2893 1546 2922 fauces

1263 2947 1288 2974 E
