1960 3218
197 222 240 254 U.
257 223 294 254 C.
317 231 388 262 552.

195 265 233 296 A.
258 266 294 297 C.
318 275 388 296 200.

260 1315 322 1355 11.

192 1786 304 1825 Legati
312 1787 387 1818 Car-

192 1829 354 1877 thaginem

191 1881 288 1903 miss1.

194 2475 296 2505 lidenl
314 2477 354 2505 ad

138 2534 141 2536 -
193 2518 338 2548 Masinis-

190 2570 255 2590 san]
260 2584 267 2591 .

406 126 458 163 10
907 121 1054 165 ΤΙΤΙ
1097 122 1276 165 LIVII

401 213 522 263 duce,
549 214 623 270 qui
653 214 697 255 in
727 215 776 256 iis
804 214 905 256 locis
936 215 988 257 de
1022 214 1294 257 Hasdrubalis
1322 216 1507 258 exercitu
1539 217 1788 268 substiterat,

401 271 661 313 Placentiam
684 272 944 323 invaserant3
976 282 1030 323 et,
1046 274 1210 330 direpta
1230 275 1345 323 urbe,
1363 289 1410 315 ac
1430 290 1505 330 per
1518 274 1619 316 iram
1640 290 1790 332 magna

401 344 455 371 ex
485 338 601 385 parte
632 330 814 381 incensa,
843 331 914 372 vix
942 331 1104 373 duobus
1129 331 1311 373 millibus
1339 332 1557 373 hominum
1587 333 1696 374 inter
1724 334 1790 374 in-

401 387 551 429 cendia
571 388 795 444 ruinasque
817 389 983 439 relictis,
1006 390 1178 432 traiecto
1200 389 1317 431 Pado
1338 389 1391 431 ad
1415 390 1668 431 Cremonam
1690 390 1790 432 diri-

400 445 598 502 piendam
638 455 829 503 pergunt.
892 446 1067 489 Vicinae
1109 448 1222 488 urbis
1257 447 1398 489 audita
1432 447 1569 489 clades
1609 448 1789 504 spatium

401 503 558 545 colonis
579 503 696 545 dedit
717 504 770 545 ad
798 504 1050 546 claudendas
1071 514 1220 562 portas,
1242 506 1530 562 praesidiaque
1556 521 1630 562 per
1650 521 1789 548 muros

402 561 689 617 disponenda3
722 571 769 603 ut
797 562 1085 604 obsiderentur
1109 572 1249 604 tamen
1270 564 1396 620 prius,
1420 579 1544 619 quam
1573 574 1818 620 expugna—3

401 630 558 669 rentur,
581 620 834 676 nuntiosque
856 621 1071 662 mitterent
1091 621 1145 662 ad
1165 630 1398 678 praetorem
1421 622 1673 663 Romanum.
1736 621 1786 663 L.

403 676 551 718 Furius
573 677 790 734 Purpureo
812 687 901 719 tum
922 679 1159 735 provinciae
1187 688 1375 736 praeerat
1396 694 1404 719 :
1435 689 1575 721 cetero
1597 695 1649 721 ex
1670 695 1789 721 sena-

402 735 658 776 tusconsulto
680 736 865 777 exercitu
887 736 1068 787 dimisso,
1086 747 1251 793 praeter
1271 737 1458 794 quinque
1480 738 1610 779 millia
1630 738 1788 779 socium

401 808 448 833 ac
477 792 619 834 Latini
645 794 837 843 nominis,
860 809 956 835 cum
987 795 1037 835 iis
1057 796 1186 851 copiis
1213 795 1258 836 in
1280 796 1468 851 proxima
1495 796 1664 852 regione
1693 811 1789 852 pro-

401 850 560 892 vinciae
582 851 690 892 cirea
713 852 954 892 Ariminum
982 853 1229 894 substiterat.
1292 853 1332 894 Is
1354 862 1442 894 tum
1472 854 1633 894 senatui
1661 854 1789 910 scrip-

401 908 465 958 sit,
489 924 572 964 quo
594 909 639 949 in
660 909 843 950 tumultu
863 910 1079 965 provincia
1099 920 1215 952 esset.
1279 917 1290 934 ‘
1305 911 1495 951 Duarum
1517 911 1785 961 coloniarum,

403 971 415 989 ‘
431 981 537 1021 quae
568 966 782 1022 ingentem
811 966 924 1007 illam
953 975 1241 1024 tempestatem
1273 968 1425 1009 Punici
1452 968 1550 1009 belli
1580 969 1788 1010 subterfu-

402 1024 596 1080 ‘gissent,
619 1023 790 1065 alteram
818 1034 981 1081 captam
1009 1041 1056 1067 ac
1084 1026 1290 1082 direptam
1317 1026 1368 1067 ab
1396 1026 1595 1075 hostibus,
1618 1026 1788 1068 alteram

403 1082 674 1138 ‘oppugnari.
739 1081 833 1123 Nec
865 1083 909 1123 in
943 1084 1129 1125 exercitu
1161 1099 1235 1124 suo
1271 1084 1367 1124 satis
1398 1084 1594 1139 praesidii
1630 1083 1788 1126 colonis

402 1138 708 1181 ‘laborantibus
735 1140 835 1190 fore,
857 1141 937 1181 nisi
959 1141 1146 1197 quinque
1175 1141 1304 1183 millia
1330 1142 1488 1182 socium
1514 1141 1789 1198 quadraginta

402 1196 609 1238 ‘millibus
635 1197 819 1239 hostium
839 1198 921 1254 (tot
948 1199 1061 1240 enim
1092 1199 1136 1240 in
1165 1199 1287 1240 armiS
1313 1198 1420 1254 esse)
1442 1200 1689 1240 trucidanda
1715 1200 1788 1241 ob-

403 1260 414 1278 ‘
429 1255 553 1296 iicere
570 1254 683 1305 velit,
701 1265 744 1297 et
763 1265 879 1298 tanta
898 1272 972 1298 sua
992 1257 1108 1298 clade
1130 1257 1212 1298 iam
1233 1257 1397 1298 inflatos
1419 1257 1584 1298 excidio
1601 1257 1786 1299 coloniae

404 1312 648 1354 ‘Romanae
684 1329 835 1370 augere
867 1314 1049 1355 hostium
1082 1315 1267 1356 animos.’
1328 1314 1408 1356 His
1442 1314 1572 1356 literis
1606 1315 1787 1356 recitatis

401 1370 688 1421 decreverunt,
711 1380 758 1412 ut
782 1373 829 1413 C.
849 1372 1048 1413 Aurelius
1069 1372 1214 1414 consul
1242 1373 1483 1422 exercitum,
1506 1373 1574 1414 cui
1594 1372 1638 1413 in
1662 1372 1788 1414 Etru-

401 1428 505 1469 riam
529 1428 583 1469 ad
609 1430 945 1471 conveniendum
974 1430 1086 1471 diem
1114 1430 1314 1480 edixerat,
1338 1430 1522 1471 Arimini
1547 1430 1693 1472 eadem
1718 1430 1786 1472 die

401 1486 543 1527 adesse
574 1487 748 1537 iuberet,
782 1496 824 1529 et
848 1496 919 1529 aut
947 1488 1048 1544 ipse,
1077 1488 1111 1530 si
1136 1503 1210 1544 per
1237 1488 1503 1530 commodum
1534 1488 1785 1545 reipublicae

400 1552 550 1600 posset,
567 1545 618 1585 ad
633 1546 955 1601 opprimendum
972 1545 1182 1588 Gallicum
1196 1546 1423 1587 tumultum
1436 1546 1767 1602 proficisceretur
1773 1562 1784 1596 3
1799 1565 1818 1592 4

400 1610 472 1642 aut
498 1602 546 1643 L.
567 1602 692 1644 Furio
721 1604 902 1659 praetori
927 1604 1137 1654 scriberet,
1160 1613 1218 1654 ut,
1242 1619 1372 1660 quum
1402 1605 1455 1645 ad
1477 1619 1573 1645 eum
1601 1604 1787 1660 legiones

400 1675 453 1700 ex
476 1659 646 1701 Etruria
666 1661 889 1710 venissent,
912 1662 1045 1703 missis
1065 1662 1109 1702 in
1131 1662 1265 1703 vicem
1290 1677 1432 1703 earum
1454 1662 1641 1718 quinque
1663 1662 1788 1702 milli-

399 1718 476 1758 bus
501 1718 718 1768 sociorum,
741 1719 814 1774 qui
841 1719 1009 1760 interim
1039 1719 1231 1761 Etruriae
1257 1720 1463 1776 praesidio
1491 1729 1639 1769 essent,
1662 1720 1788 1776 profi-

400 1776 622 1817 cisceretur
643 1776 729 1832 ipse
752 1777 804 1817 ad
826 1776 1031 1818 coloniam
1052 1777 1310 1819 liberandam
1327 1778 1554 1819 obsidione.
1607 1777 1787 1834 Legatos

399 1833 501 1874 item
529 1834 754 1875 mittendos
782 1835 825 1875 in
858 1834 1044 1876 Africam
1076 1844 1341 1885 censuerunt,
1368 1835 1536 1877 eosdem
1565 1835 1787 1892 Carthagi-

399 1906 509 1940 nem,
532 1892 701 1933 eosdem
722 1892 766 1932 in
789 1892 1035 1934 Numidiam
1057 1893 1110 1933 ad
1131 1893 1407 1934 Masinissam.
1473 1892 1784 1949 Carthaginem,

399 1957 446 1989 ut
462 1949 716 2000 nuntiarent,
736 1956 747 1973 ⁶
760 1950 894 1991 civem
907 1965 1051 1992 eorum
1070 1950 1351 1992 Hamilcarem
1365 1950 1556 1992 relictum
1573 1951 1617 1991 in
1634 1950 1785 2001 Gallia,

400 2012 411 2029 ⁶
425 2007 537 2047 haud
576 2008 673 2048 satis
713 2008 815 2049 scire
852 2023 905 2048 ex
947 2008 1220 2050 Hasdrubalis
1252 2009 1377 2065 prius,
1415 2024 1468 2050 an
1504 2024 1557 2049 cx
1590 2008 1816 2065 Magonis5

401 2070 568 2120 ‘postea
597 2065 796 2115 exercitu,
826 2065 983 2107 bellum
1011 2076 1156 2108 contra
1185 2066 1331 2108 foedus
1354 2066 1501 2108 facere.
1564 2066 1784 2108 Exercitus

400 2128 411 2146 ‘
428 2122 646 2164 Gallorum
667 2123 957 2180 Ligurumque
979 2125 1177 2165 excivisse
1207 2125 1260 2165 ad
1281 2140 1394 2165 arma
1415 2133 1559 2166 eontra
1584 2125 1785 2181 populum

400 2186 411 2203 ‘
429 2179 690 2222 Romanum:
725 2196 834 2231 eum,
858 2182 890 2222 si
912 2197 993 2238 pax
1015 2182 1209 2238 placeret,
1231 2182 1513 2223 revocandum
1534 2181 1626 2231 illis,
1649 2191 1692 2222 et
1712 2181 1785 2222 de-

401 2243 412 2261 ‘
427 2238 617 2279 dendum
656 2238 812 2294 populo
854 2239 1047 2280 Romano
1088 2240 1201 2280 esse.'
1269 2239 1401 2281 Simul
1440 2239 1631 2280 nuntiare
1671 2239 1783 2289 iussi,

400 2301 412 2319 ‘
428 2296 619 2351 perfugas
640 2296 717 2337 sibi
734 2311 819 2337 non
840 2311 984 2337 omnes
1000 2296 1184 2337 redditos
1206 2312 1317 2345 essc3
1351 2312 1398 2337 ac
1415 2311 1607 2351 magnam
1623 2307 1783 2352 partem

400 2359 411 2376 ⁶
425 2368 568 2394 eorum
585 2353 720 2409 palam
738 2353 984 2410 Carthagiiii
1001 2354 1207 2395 obversari
1225 2354 1329 2395 dici:
1364 2368 1467 2409 quos
1484 2354 1783 2410 comprehendi

401 2416 411 2434 ‘
428 2411 703 2466 conquirique
720 2411 886 2461 debere,
904 2421 950 2452 ut
963 2411 1039 2452 sibi
1057 2427 1109 2452 ex
1125 2412 1292 2452 foedere
1310 2412 1604 2452 restituantur?
1664 2411 1783 2453 Haec

400 2468 453 2508 ad
491 2467 858 2523 Carthaginienses
894 2469 1098 2510 mandata.
1163 2468 1407 2510 Masinissae
1443 2469 1638 2524 gratulari
1670 2469 1782 2519 iussi,

402 2531 413 2549 ‘
429 2525 543 2581 quod
568 2541 653 2567 non
681 2527 861 2581 patrium
889 2526 1014 2567 modo
1041 2536 1322 2583 recuperasset
1349 2541 1536 2582 regnum,
1559 2527 1645 2577 scd,
1667 2536 1782 2583 parte

442 2691 460 2720 3
489 2684 530 2714 Ut
545 2683 762 2713 obsiderentur
777 2684 899 2720 tamen]
935 2682 983 2713 Ut
1005 2693 1067 2713 non
1114 2682 1164 2713 vii.
1181 2694 1211 2722 9.

400 2725 502 2764 primo
525 2724 648 2764 impetu
672 2729 941 2763 expugnarentur,
960 2736 1067 2764 queni-
1156 2733 1171 2763 5
1197 2727 1301 2755 Haud
1314 2727 1391 2756 satis
1404 2728 1500 2764 scire]
1535 2727 1601 2762 Qui
1619 2730 1724 2757 utrum
1741 2737 1780 2757 ex

399 2768 572 2797 admodum
611 2767 802 2803 Placentini,
840 2768 894 2798 sed
931 2768 1066 2798 obsideri
1115 2768 1336 2803 Hasdrubalis„
1352 2778 1392 2798 an
1411 2780 1451 2798 ex
1469 2770 1616 2809 Magonis
1639 2769 1780 2800 exercitu

400 2811 512 2841 saltem
530 2811 638 2839 urbem
654 2820 780 2840 necesse
792 2814 884 2847 essct,
894 2814 1065 2849 antequam
1112 2811 1240 2840 relictus
1258 2815 1350 2847 esset,
1371 2822 1449 2848 sese,
1470 2822 1587 2853 nempe
1604 2814 1780 2847 Romanos,

402 2856 577 2892 caperetur.
602 2854 709 2883 Cnnv.
1114 2864 1226 2892 parum
1243 2853 1331 2886 scire.
1355 2854 1460 2886 Cnnv.

449 2906 467 2932 4
491 2896 649 2927 Gallicam
679 2897 866 2932 tunzultum]
911 2896 950 2926 cf.
975 2895 1068 2935 Supr.
