1960 3218
546 412 625 474 T.
688 411 967 474 LIVII
1031 411 1557 475 PATAVINI

781 616 1125 668 LIBER
1193 603 1319 667 XL.

145 1005 190 1038 U.
207 1006 244 1038 C.
269 991 748 1102 570.PRINCIPIO
784 993 1047 1050 insequentis
1087 993 1187 1035 anni
1224 993 1416 1035 consules
1456 1004 1752 1050 praetoresque

143 1050 342 1124 &CI-318²·
502 1052 637 1094 sortiti
670 1051 907 1108 provincias
942 1061 1052 1093 sunt.
1125 1052 1396 1101 Consulibus,
1429 1051 1557 1101 nulla,
1589 1061 1755 1108 praeter

142 1104 336 1171 1,5¹(¹,2Lf'“{e,
355 1110 547 1167 Ligures,
579 1126 687 1166 quae
721 1109 1032 1159 decerneretur,
1066 1118 1166 1150 erat.
1229 1109 1468 1151 Iurisdictio
1498 1110 1658 1151 urbana
1689 1109 1751 1151 M.

143 1179 241 1226 milio.
252 1180 342 1211 Coss.
358 1168 545 1224 Ogulnio
569 1167 707 1217 Gallo,
730 1168 841 1209 inter
862 1168 1105 1224 peregrinos
1128 1166 1190 1208 M.
1207 1166 1378 1209 Valerio
1399 1168 1564 1217 evenit,
1599 1167 1755 1223 H1spa-

144 1222 279 1269 rsrovm-
355 1226 519 1268 niarum
541 1226 593 1275 Q.
606 1225 752 1267 Fulvio
767 1225 917 1267 Flacco
935 1225 1115 1275 citerior,
1134 1225 1181 1266 P.
1197 1224 1362 1267 Manlio
1378 1225 1563 1274 ulterior,
1579 1225 1628 1266 L.
1644 1224 1755 1266 Cae-

355 1284 452 1326 01110
470 1284 625 1325 Dentri
650 1283 805 1333 sicilia,
827 1283 876 1324 c,
895 1283 1098 1324 Terentio
1120 1282 1250 1324 Istrae
1277 1283 1480 1324 sardinia.
1546 1282 1755 1324 consules

355 1341 544 1384 delectus
574 1342 728 1383 habere
759 1341 871 1382 iussi.
938 1341 992 1389 Q.
1011 1340 1164 1382 Fabius
1186 1355 1239 1381 ex
1261 1340 1489 1396 Liguribus
1519 1341 1752 1397 scripserat,

355 1402 562 1456 Apuanos
592 1399 647 1440 ad
676 1398 952 1440 rebellionem
983 1407 1194 1454 spectare3
1233 1398 1552 1454 periculumque
1575 1413 1675 1448 esse,
1698 1414 1753 1439 ne

354 1457 562 1514 impetum
598 1457 643 1497 in
679 1472 826 1512 agrum
859 1456 1061 1497 Pisanum
1095 1455 1293 1497 facerent.
1358 1455 1415 1496 Et
1439 1471 1493 1496 ex
1523 1455 1752 1511 Hispaniis,

359 1515 595 1557 citeriorem
617 1515 661 1555 in
682 1514 806 1555 armis
827 1529 930 1563 esse,
948 1522 992 1554 et
1012 1529 1109 1554 cum
1129 1512 1354 1554 Celtiberis
1375 1513 1520 1554 bellari
1541 1513 1752 1554 sciebant:

357 1573 402 1614 in
435 1573 643 1622 ulteriore,
671 1572 772 1627 quia
802 1572 878 1612 diu
908 1586 1033 1627 aeger
1056 1579 1224 1627 praetor
1248 1580 1368 1621 esset,
1398 1570 1567 1611 luxuria
1591 1580 1634 1612 et
1668 1571 1755 1612 otio

356 1630 534 1672 solutam
566 1629 833 1686 disciplinam
864 1629 1087 1670 militarem
1117 1644 1216 1670 esse.
1285 1628 1353 1670 Ob
1375 1644 1424 1670 ea
1444 1643 1574 1669 novos
1595 1629 1759 1670 exemi:

356 1698 423 1730 tus
459 1688 665 1729 conscribi
701 1687 884 1744 placuit:
929 1696 1129 1743 quattuor
1163 1686 1350 1743 legiones
1383 1686 1428 1727 in
1464 1685 1655 1742 Ligures,
1692 1687 1755 1728 uti

356 1746 545 1803 singulae
567 1746 698 1802 quina
717 1744 849 1786 millia
869 1754 912 1786 et
933 1745 1120 1786 ducenos
1141 1744 1319 1801 pedites,
1338 1753 1529 1785 trecenos
1551 1744 1755 1785 haberent

357 1805 543 1861 equites:
577 1804 786 1844 sociorum
814 1802 964 1844 iisdem
987 1802 1131 1843 Latini
1152 1802 1334 1843 nominis
1355 1801 1600 1858 quindecim
1623 1801 1755 1843 millia

357 1862 549 1919 peditum
571 1860 726 1911 addita,
749 1869 792 1902 et
812 1860 1046 1916 octingenti
1067 1860 1242 1916 equites.
1307 1859 1368 1900 Hi
1399 1859 1484 1900 duo
1515 1859 1754 1901 consulares

358 1919 566 1962 exercitus
603 1928 752 1960 essent.
817 1918 1007 1960 Scribere
1042 1926 1258 1974 praeterea
1293 1917 1393 1958 iussi
1428 1925 1590 1973 septem
1625 1917 1757 1958 millia

357 1978 549 2035 peditum
590 1977 798 2018 sociorum
838 1991 886 2017 ac
926 1975 1070 2017 Latini
1111 1975 1307 2025 nominis,
1345 1983 1387 2016 et
1424 1975 1756 2031 quadringentos

358 2036 546 2092 equites,
580 2043 622 2076 et
650 2034 816 2075 mittere
848 2034 902 2075 ad
932 2033 995 2075 M.
1016 2032 1268 2074 Marcellum
1297 2033 1343 2073 in
1377 2032 1574 2083 Galliam,
1602 2033 1670 2074 cui
1701 2047 1756 2074 ex

359 2093 577 2135 consulatu
598 2101 868 2150 prorogatum
890 2091 1113 2148 imperium
1135 2099 1234 2132 erat.
1285 2090 1337 2131 In
1356 2089 1606 2147 Hispaniam
1628 2091 1755 2132 etiam

359 2161 581 2207 utramque
604 2166 711 2207 quae
733 2151 1001 2199 ducerentur,
1019 2158 1218 2205 quattuor
1238 2148 1368 2189 millia
1388 2148 1580 2205 peditum
1601 2149 1757 2190 civium

362 2209 652 2251 Romanorum
674 2217 716 2249 et
736 2207 909 2249 ducenti
931 2208 1106 2263 equiteS,
1129 2216 1172 2248 et
1194 2207 1402 2247 sociorum
1433 2215 1594 2263 septem
1626 2206 1756 2248 millia

359 2267 553 2323 peditum
578 2281 675 2307 cum
700 2265 898 2307 trecentis
929 2265 1140 2321 equitibus
1168 2264 1292 2305 scribi
1320 2264 1451 2305 iussa:
1486 2273 1528 2305 et
1552 2264 1608 2312 Q.
1626 2263 1755 2304 Fabio

362 2325 552 2366 Labeoni
574 2339 670 2365 cum
692 2323 894 2372 exercitu,
918 2338 1045 2378 quem
1067 2322 1247 2364 habebat
1277 2322 1322 2362 in
1349 2321 1588 2375 Liguribus,
1611 2335 1755 2376 proro-

363 2392 507 2439 gatum
529 2382 573 2422 in
595 2396 753 2423 annum
775 2380 998 2437 imperium
1020 2388 1093 2421 est.

233 2452 270 2490 2,
423 2439 510 2480 Ver
540 2439 818 2495 procellosum
855 2454 904 2479 eo
941 2453 1051 2479 anno
1083 2437 1174 2478 fuit.
1237 2436 1379 2477 Pridie
1413 2434 1579 2483 Parilia,
1615 2435 1755 2477 medio

155 2507 303 2539 Procella
364 2498 493 2538 ferme
515 2497 597 2545 die,
620 2505 737 2537 atrox
764 2511 858 2537 cum
881 2505 1007 2536 vento
1037 2502 1261 2550 tempestas
1289 2501 1430 2534 coorta
1461 2492 1602 2533 multis
1630 2493 1755 2534 sacris

154 2550 343 2591 prodigiosa.
365 2554 631 2611 profanisque
663 2553 764 2594 locis
789 2562 968 2608 stragem
997 2552 1119 2593 fecit:
1159 2552 1277 2606 signa
1307 2565 1437 2591 aenea
1467 2550 1511 2590 in
1545 2549 1755 2607 Capitolio

412 2693 422 2713 1
453 2683 597 2719 Parilia]
636 2682 750 2711 Festus
780 2684 847 2710 crat
878 2681 957 2717 dies,
984 2679 1037 2718 qui
1088 2689 1134 2710 11.
1160 2679 1237 2709 Kal.
1261 2678 1376 2709 Maias.
1424 2679 1520 2709 Ritus
1541 2690 1578 2709 ac
1597 2689 1756 2709 caeremo—

365 2727 495 2756 I'arilia
522 2725 570 2754 vel
601 2724 722 2754 Palilia
751 2723 917 2753 dicebatur
932 2734 937 2752 :
973 2724 1038 2752 I'a-
1084 2722 1152 2751 nias
1166 2722 1354 2751 Palilismun
1367 2722 1435 2751 fuse
1447 2721 1597 2752 describit
1611 2721 1758 2760 Ovidius,

365 2770 447 2805 lilia,
463 2779 482 2798 a
505 2771 665 2807 pastorum
690 2767 748 2796 (lca
771 2766 847 2795 l’alc
867 2778 873 2801 ;
899 2766 1039 2801 Parilia,
1084 2765 1253 2794 Fastorum
1270 2764 1310 2794 iv.
1331 2772 1400 2802 721.
1448 2765 1514 2794 Hic
1535 2768 1600 2794 erut
1618 2764 1686 2794 dics
1701 2774 1755 2794 na—

366 2811 516 2851 quoniam
530 2820 586 2849 pro
600 2813 692 2849 partu
708 2808 829 2848 pecoris
842 2808 945 2837 eidem
961 2808 1040 2837 deae
1085 2807 1158 2837 talis
1174 2807 1260 2837 urbis
1278 2808 1413 2838 Romae.
1431 2807 1537 2838 szv.
1562 2807 1601 2838 cf.
1621 2807 1755 2837 Niebhr.

366 2865 456 2884 sacra
472 2854 603 2889 fiebant,
619 2856 699 2882 testo
718 2852 813 2881 Festo
831 2850 861 2880 in
882 2861 958 2880 voce
975 2852 1039 2880 I'cz-
1084 2850 1105 2881 i.
1122 2861 1152 2881 ιι.
1170 2848 1241 2881 6¹22.

367 2898 419 2927 lex.
474 2896 730 2927 celebrabantur
750 2894 829 2924 hacc
852 2895 932 2923 fosta
958 2903 986 2924 Α,
1010 2902 1039 2923 1).
