1960 3218
556 155 681 198 LIB.
716 155 813 196 XL.
859 155 1007 196 CAP.
1041 159 1108 195 25.
1446 156 1530 195 453

137 250 325 293 moritur.
388 248 655 291 Demetrium
678 247 830 288 iterum
852 247 905 287 ad
925 255 1089 303 patrem
1110 246 1317 288 accusavit
1340 245 1528 286 Perseus.
1547 252 1591 284 U.
1607 252 1646 284 C.
1669 260 1740 292 571·

138 309 256 366 Fuga
275 323 351 365 per
371 306 598 349 Paeoniam
619 314 861 361 praeparata
881 305 1143 361 arguebatur,
1166 312 1208 345 et
1229 303 1413 359 corrupti
1434 303 1529 358 qui·
1544 295 1582 326 A.
1607 296 1645 326 C.
1672 296 1742 327 ¹8¹·

139 367 249 417 dam,
276 375 323 407 ut
353 365 525 407 comites
554 363 715 404 itineris
746 372 907 411 essent3
944 362 1124 402 maxime
1152 361 1276 402 falsae
1307 361 1451 402 literae
1475 360 1525 401 T.
1542 395 1569 427 C
1606 341 1673 379 24

143 424 334 473 Quinctii
365 422 578 479 urgebant.
642 420 763 461 Nihil
795 430 934 461 tamen
970 419 1108 476 palam
1142 419 1307 475 gravius
1342 433 1529 475 pronun·
1541 406 1740 469 tigzngssnss-er-

139 483 286 524 tiatum
309 481 361 522 de
383 496 433 521 eo
455 488 529 527 est,
553 487 599 519 ut
619 478 716 519 dolo
738 478 876 534 potius
905 477 1231 518 interficeretur:
1266 492 1344 517 nec
1367 476 1410 516 id
1432 491 1530 517 cura
1542 481 1587 511 sei
1602 482 1635 530 in
1653 483 1718 513 De-

139 540 280 597 ipsius,
303 538 376 580 sed
398 553 450 578 ne
472 552 609 593 poena
629 536 718 578 eius
739 535 912 576 consilia
941 534 1137 576 adversus
1160 534 1374 575 Romanos
1395 534 1530 574 nuda·
1542 528 1705 556 menium,

138 607 214 639 ret.
278 597 347 637 Ab
370 594 665 636 Thessalonice
689 593 1007 635 Demetriadem
1035 592 1114 649 ipsi
1135 607 1267 648 quum
1298 591 1378 632 iter
1408 600 1529 640 esset,

112 677 125 697 1
142 655 366 696 Astraeum
388 653 597 694 Paeoniae
620 652 888 693 Demetrium
920 650 1049 692 mittit
1075 665 1170 692 eum
1197 649 1346 691 eodem
1378 649 1530 690 comite

140 711 268 762 Dida,
306 712 508 753 Perseum
544 709 849 767 Amphipolim,
887 708 940 750 ad
975 708 1140 750 obsides
1174 708 1387 749 Thracum
1425 706 1533 747 acci-

139 770 328 827 piendos.
382 768 652 825 Digredienti
673 768 724 809 ab
745 783 787 809 se
811 767 950 808 Didae
973 766 1171 808 mandata
1191 765 1356 807 dedisse
1378 764 1533 806 dicitur

140 828 194 870 de
224 827 312 869 filio
343 826 587 869 occidendo.
653 825 911 867 Sacrificium
943 825 994 866 ab
1026 824 1142 866 Dida
1173 838 1248 865 seu
1279 823 1532 872 institutum,

141 901 216 927 seu
246 885 486 926 simulatum
518 893 591 925 est.
654 883 727 925 Ad
752 883 867 939 quod
894 882 1192 924 celebrandum
1220 881 1419 922 invitatus
1445 880 1536 921 De-
1549 884 1736 917 Demetrius

141 943 315 984 metrius
336 943 387 984 ab
410 942 589 983 Astraeo
612 940 862 982 Heracleam
883 940 1010 981 venit.
1072 939 1125 980 In
1152 955 1202 981 ea
1231 954 1362 980 coena
1383 938 1537 979 dieitur
1548 933 1691 960 necatur.

112 1016 353 1044 2venenum
375 1000 532 1041 datum.
595 999 754 1040 Poculo
783 1006 921 1055 epoto,
944 997 1157 1054 extemplo
1187 997 1339 1038 sensit:
1373 1006 1415 1038 et
1436 1011 1536 1037 mox

142 1059 294 1100 coortis
315 1057 540 1107 doloribus,
561 1056 707 1098 relicto
736 1056 940 1106 convivio,
963 1071 1095 1112 quum
1126 1055 1170 1096 in
1201 1054 1442 1097 cubiculum
1473 1069 1538 1095 re-

143 1116 321 1173 cepisset
351 1131 452 1165 sese,
485 1114 777 1156 crudelitatem
807 1114 935 1170 patris
965 1128 1240 1169 conquerens,
1265 1112 1537 1169 parricidium

142 1174 292 1224 fratris,
315 1189 361 1215 ae
383 1173 522 1214 Didae
554 1172 687 1214 scelus
717 1172 923 1221 incusans,
957 1171 1241 1227 torquebatur.
1304 1169 1538 1211 Intromissi

144 1231 300 1273 deinde
338 1231 512 1288 Thyrsis
549 1230 721 1286 quidam
761 1229 1013 1271 Stuberaeus
1053 1238 1095 1270 et
1131 1228 1369 1270 Beroeaeus
1405 1227 1539 1268 Alex-

144 1289 288 1338 ander,
311 1289 476 1330 iniectis
498 1288 705 1344 tapetibus
726 1288 771 1328 in
793 1296 919 1343 caput
938 1286 1177 1342 faucesque,
1196 1286 1388 1342 spiritum
1410 1285 1539 1326 inter-

145 1347 369 1388 cluserunt.
433 1345 497 1387 Ita
527 1346 726 1386 innoxius
756 1345 1012 1394 adolescens,
1035 1359 1168 1400 quum
1198 1344 1243 1384 in
1274 1359 1324 1385 eo
1354 1358 1408 1384 ne
1439 1343 1539 1383 sim-

144 1404 244 1460 plici
266 1403 438 1460 quidem
466 1418 619 1460 genere
642 1403 785 1444 mortis
807 1402 996 1444 contenti
1018 1401 1179 1443 inimici
1199 1401 1388 1451 fuissent,
1411 1400 1541 1442 inter-

145 1462 296 1503 ficitur.

207 1519 325 1560 Dum
346 1519 450 1560 haec
471 1519 515 1559 in
538 1518 793 1559 Macedonia
813 1526 1028 1574 geruntur,
1052 1517 1102 1558 L.
1123 1517 1331 1559 Aemilius
1352 1515 1538 1566 Paullus,
1619 1520 1686 1559 25.

117 1592 134 1622 3
147 1586 370 1633 prorogato
398 1591 451 1617 ex
479 1576 697 1617 consulatu
727 1575 916 1631 imperio,
938 1574 1146 1631 principio
1167 1574 1274 1615 veris
1295 1575 1340 1614 in
1361 1574 1540 1629 Ligures
1554 1576 1623 1624 Res.
1637 1576 1669 1606 in
1687 1575 1739 1607 Li-

149 1635 362 1691 Ingaunos
384 1634 615 1675 exereitum
640 1633 887 1674 introduxit.
953 1632 1040 1673 Ubi
1070 1632 1251 1688 primum
1283 1632 1327 1672 in
1358 1631 1542 1672 hostium
1555 1630 1645 1693 ἔξω
1661 1630 1727 1659 ges-

148 1693 303 1734 finibus
328 1701 461 1733 castra
490 1691 642 1747 posuit,
665 1691 792 1747 legati
813 1690 865 1731 ad
886 1705 996 1740 eum,
1019 1705 1094 1746 per
1114 1690 1297 1746 speciem
1326 1689 1440 1746 pacis
1470 1704 1544 1745 pe·
1611 1686 1618 1693 ”

149 1750 315 1799 tendae,
346 1749 606 1805 speculatum
636 1757 854 1790 venerunt.
921 1747 1116 1804 Negante
1147 1747 1308 1797 Paullo,
1338 1747 1418 1788 nisi
1447 1762 1543 1788 cum

149 1807 304 1849 deditis
324 1807 477 1863 pacisci
498 1822 540 1848 se
561 1822 722 1863 pacem,
740 1822 827 1848 non
847 1816 932 1847 tam
954 1806 997 1846 id
1019 1806 1279 1855 recusabant,
1295 1820 1421 1861 quam
1440 1813 1544 1846 tem-

148 1881 250 1922 pore
272 1880 376 1922 opus
397 1880 484 1906 esse
506 1865 685 1914 aiebant,
708 1873 756 1905 ut
782 1864 928 1920 generi
950 1864 1099 1920 agresti
1127 1863 1347 1904 hominum
1376 1877 1545 1919 persua-

150 1923 331 1965 deretur.
395 1922 469 1964 Ad
499 1922 579 1963 hoc
604 1922 751 1964 decem
773 1922 937 1963 dierum
965 1921 1153 1962 indutiae
1176 1936 1308 1977 quum
1329 1921 1543 1970 darentur,

150 1981 365 2038 petierunt
385 1980 554 2030 deinde,
579 1986 591 2004 ⁶
606 1995 659 2021 ne
682 1989 794 2021 trans
816 1988 979 2021 montes
1000 1979 1212 2035 proximos
1240 1979 1382 2020 castris
1412 1979 1545 2034 pabu-

153 2039 307 2080 ‘latum
341 2039 631 2095 lignatumque
668 2037 820 2079 milites
852 2038 987 2078 irent:
1032 2037 1144 2078 culta
1176 2051 1224 2077 ea
1254 2036 1345 2077 loca
1375 2051 1544 2077 suorum

153 2097 327 2137 ‘finium
356 2096 470 2138 esse.’
529 2095 582 2136 Id
602 2095 674 2137 ubi
696 2096 986 2152 impetravere,
1007 2102 1102 2151 post
1130 2110 1200 2135 eos
1225 2094 1335 2151 ipsos
1366 2102 1543 2143 montes,

153 2154 266 2195 unde
289 2161 523 2195 averterant
543 2153 720 2202 hostem,
735 2153 923 2194 exercitu
942 2153 1057 2194 omni
1074 2161 1230 2202 coacto,
1246 2160 1419 2208 repente
1437 2151 1546 2192 mul-

153 2211 334 2253 titudine
367 2211 529 2267 ingenti
560 2221 692 2252 eastra
714 2211 1004 2252 Romanorum
1026 2225 1268 2266 oppugnare
1301 2209 1423 2250 simul
1456 2224 1546 2250 om-

153 2270 276 2311 nibus
307 2270 436 2326 portis
467 2269 648 2325 aggressi
679 2277 788 2310 sunt.
855 2268 1028 2310 Summa
1048 2269 1087 2309 vi
1110 2277 1245 2309 totum
1272 2267 1384 2308 diem
1411 2282 1545 2323 oppu-
1559 2279 1757 2320 oppugna„-

152 2337 347 2384 gnarunt,
366 2328 424 2368 ita
440 2336 486 2368 ut
507 2342 559 2367 ne
582 2326 783 2368 efferendi
801 2326 973 2382 quidem
991 2326 1107 2381 signa
1125 2325 1328 2366 Romanis
1349 2325 1542 2380 spatium,
1556 2326 1610 2370 ῐξῑῑ·
1624 2334 1643 2353 ³
1660 2323 1756 2363 Ligu-

153 2400 232 2426 nec
253 2385 306 2426 ad
327 2384 619 2441 explicandam
641 2384 773 2425 aciem
800 2384 915 2425 locus
936 2392 1053 2425 esset.
1120 2382 1312 2424 Conferti
1334 2383 1378 2423 in
1399 2383 1540 2438 portis,
1554 2366 1643 2439 ἓξὲξ
1653 2367 1720 2439 ἐξ

155 2443 357 2484 obstando
389 2443 531 2498 magis,
555 2457 682 2498 quam
712 2442 954 2498 pugnandO,
977 2449 1109 2482 eastra
1139 2441 1391 2482 tutabantur.
1457 2440 1543 2482 Sub
1558 2454 1616 2483 tra.

156 2514 348 2541 occasum
370 2500 464 2541 solis
481 2516 612 2556 quum
634 2494 897 2541 recessissent
919 2499 1069 2547 hostes,
1085 2498 1190 2540 duos
1207 2499 1370 2554 equites
1390 2497 1443 2538 ad
1462 2498 1544 2540 Cn.

158 2557 362 2598 Baebium
394 2557 684 2613 proconsulem
710 2573 805 2598 cum
834 2557 962 2598 literis
988 2556 1104 2597 Pisas
1135 2556 1276 2606 mittit,
1307 2565 1354 2597 ut
1381 2557 1548 2598 obsesso

206 2723 217 2743 1
243 2714 434 2751 Astraeum]
472 2713 525 2743 Sic
556 2712 650 2743 huius
682 2714 767 2743 urbis
799 2714 829 2743 in
878 2723 926 2754 29.
951 2714 994 2743 xl.
1013 2714 1040 2743 8.
1087 2713 1200 2744 Cuivis
1221 2713 1305 2743 hanc
1325 2713 1488 2743 historiam
1507 2714 1549 2743 le-

161 2756 303 2788 Paeonia
330 2766 445 2786 nomen
475 2755 604 2795 plurimi
631 2756 755 2786 codices
778 2766 830 2786 ex-
875 2755 961 2795 genti
987 2756 1019 2785 in
1044 2760 1185 2786 mentem
1212 2756 1332 2786 venerit
1357 2756 1470 2786 caedes
1494 2755 1551 2785 illa

160 2799 283 2833 hibent,
304 2802 335 2828 et
362 2799 405 2828 sic
431 2799 511 2828 illud
536 2798 737 2828 scribendum
764 2810 831 2829 csse
877 2799 1055 2829 Britannici
1077 2799 1163 2838 apud
1181 2799 1286 2829 Tacit.
1306 2799 1389 2828 Anu.
1414 2797 1478 2829 xiii.
1504 2797 1551 2829 16.

160 2845 271 2872 monet
298 2841 458 2871 Harduin.
484 2842 524 2871 ad
554 2841 638 2871 l'lin.
662 2841 705 2871 ll.
727 2841 771 2872 N.
791 2841 831 2872 iv.
878 2844 1014 2872 narrata.

166 2895 211 2915 10.
239 2885 347 2915 Dona.
920 2892 936 2921 3
962 2885 1016 2914 Ea?
1042 2885 1229 2922 consulum]
1265 2894 1306 2914 sc.
1336 2884 1413 2913 Post
1440 2894 1550 2914 consu-

207 2936 222 2957 2
247 2929 366 2957 Pocula
392 2929 497 2966 Γμωίη]
534 2928 571 2957 vs.
600 2927 693 2964 Supr.
723 2926 832 2956 xxviii.
878 2927 990 2956 latum.
1016 2926 1054 2955 cf.
1072 2936 1157 2964 supr.
1176 2926 1216 2956 iv.
1234 2935 1283 2964 31.
