1960 3218
522 150 649 192 LIB.
683 149 948 192 XXXVIII.
995 149 1142 193 CAP.
1177 155 1244 193 54.
1500 155 1580 195 371

152 245 341 297 8‘quam
374 240 466 297 ipsi,
500 240 579 282 sit.’
641 240 815 282 Adiecit
850 240 1021 283 decreto
1057 241 1416 297 indignationem:
1463 242 1580 285 ‘Sub
1598 250 1641 283 U.
1658 251 1697 283 C.
1720 251 1793 291 565.

185 298 391 354 ‘pedibus
421 299 567 339 vestris
597 298 734 347 stabit,
768 298 939 346 tribuni,
971 298 1155 340 domitor
1182 299 1251 340 ille
1281 300 1463 350 Africae,
1489 300 1578 342 Sci·
1593 295 1633 326 A·
1658 295 1696 326 C·
1722 296 1793 334 ¹87·

185 361 197 379 ‘
211 356 313 412 pio?
354 356 458 397 Ideo
480 364 680 412 quattuor
699 355 978 396 nobilissimos
1000 356 1128 397 duces
1150 356 1392 398 Poenorum
1413 358 1458 398 in
1476 358 1578 400 His-

184 419 196 437 ‘
212 414 349 470 pania,
365 422 564 469 quattuor
579 413 787 454 exercitus
803 412 913 454 fudit
927 413 1172 469 fugavitque
1187 430 1196 454 :
1224 414 1322 455 ideo
1340 415 1577 471 Syphacem

183 477 196 495 ‘
211 471 336 527 cepit,
361 470 645 511 Hannibalem
668 470 836 520 devicit,
863 469 1165 526 Carthaginem
1186 472 1435 527 vectigalem
1456 474 1577 514 nobis

183 529 321 578 ‘fecit,
350 527 611 569 Antiochum
638 528 817 584 (recepit
841 528 955 568 enim
985 528 1155 569 fratrem
1186 539 1423 571 consortem
1451 530 1577 572 huius

183 591 195 610 ‘
209 585 365 642 gloriae
387 586 437 627 L.
457 584 618 642 Scipio)
639 585 748 626 ultra
769 585 900 626 Tauri
930 585 1029 642 iuga
1049 586 1217 636 emovit,
1241 595 1288 628 ut
1309 587 1473 629 duobus
1495 588 1577 629 Pe-

182 649 194 667 ‘
211 643 324 684 tilliis
353 644 657 693 succumberet,
680 659 752 684 vos
773 642 825 684 de
848 643 896 684 P.
916 642 1115 684 Africano
1136 644 1318 700 palmam
1343 646 1576 701 peteretis?

182 706 193 725 ‘
210 700 406 742 Nullisne
429 701 587 742 meritis
608 701 703 750 suis,
726 700 852 741 nullis
873 701 1019 742 vestris
1050 701 1279 743 honoribus
1311 718 1499 759 unquam
1530 704 1576 744 in

181 764 344 799 ‘arcem
372 767 504 800 tutam
526 771 569 799 et
589 758 704 799 velut
735 767 921 799 sanctam
950 758 1049 800 clari
1076 759 1154 800 viri
1181 760 1453 815 pervenient:
1488 761 1574 811 ubi,

181 822 193 840 ‘
207 816 241 857 si
262 832 349 858 non
369 816 630 866 venerabilis,
653 816 852 857 inviolata
879 815 1025 857 saltem
1054 827 1247 858 senectus
1272 833 1418 858 eorum
1439 819 1576 860 consi-

180 879 193 898 ‘
208 873 329 915 dat‘?'
390 873 530 915 liovit
557 883 598 915 et
630 874 861 923 decretum,
884 884 926 914 et
954 874 1118 915 adiecta
1145 875 1276 916 oratio
1301 891 1388 916 non
1414 885 1574 917 ceteros

178 931 317 981 modo,
352 932 426 973 sed
458 932 568 988 ipsos
601 932 727 972 etiam
763 940 1044 972 accusatores:
1089 941 1144 981 et,
1178 932 1480 975 deliberaturos
1515 949 1573 984 se,

179 989 283 1045 quid
311 990 375 1030 sui
405 989 506 1030 iuris
539 998 582 1030 et
613 989 736 1030 officii
768 998 888 1038 esset,
919 989 1130 1030 dixerunt.
1197 990 1375 1031 Senatus
1403 991 1572 1042 deinde,

178 1047 357 1089 concilio
377 1046 511 1103 plebis
533 1047 717 1095 dimisso,
739 1046 882 1087 haberi
905 1056 967 1087 est
988 1056 1173 1103 coeptus.
1237 1047 1303 1089 Ibi
1330 1049 1487 1104 gratiae
1510 1049 1576 1089 in-

176 1113 324 1160 gentes
346 1105 397 1145 ab
419 1105 613 1145 universo
635 1104 796 1153 ordine,
815 1104 1038 1160 praecipue
1057 1120 1080 1145 a
1096 1105 1383 1146 consularibus
1400 1106 1575 1147 seniori-

176 1163 352 1218 busque,
376 1162 441 1202 Ti.
462 1162 655 1203 Graccho
677 1172 792 1202 actae
815 1170 925 1210 suut,
945 1162 1060 1217 quod
1081 1162 1381 1217 rempublicam
1404 1164 1575 1219 privatis

176 1220 456 1260 simultatibus
477 1220 683 1275 potiorem
701 1219 936 1260 habuisset:
972 1228 1014 1259 et
1031 1219 1189 1260 Petillii
1205 1221 1344 1261 vexati
1361 1231 1458 1261 sunt
1479 1236 1575 1277 pro-

144 1277 273 1327 9bris,
297 1277 412 1333 quod
439 1276 661 1332 splendere
693 1276 830 1317 aliena
861 1276 1020 1316 invidia
1040 1276 1281 1327 voluissent,
1305 1286 1346 1318 et
1369 1278 1501 1334 spolia
1522 1294 1574 1320 ex

178 1335 367 1376 Africani
390 1334 603 1389 triumpho
624 1343 829 1389 peterent.
884 1333 1108 1374 Silentium
1130 1333 1285 1376 deinde
1303 1335 1356 1376 de
1372 1336 1574 1377 Africano

1655 340 1723 378 53.

148 1410 160 1431 1
175 1392 266 1433 fuit.
330 1391 473 1432 Vitam
492 1391 657 1432 Literni
679 1391 765 1446 egit
785 1391 873 1431 sine
896 1391 1104 1433 desiderio
1125 1392 1249 1433 urbis.
1315 1391 1573 1435 Morientem
1588 1400 1731 1432 Africani

175 1464 271 1491 rure
292 1465 342 1491 eo
363 1449 454 1505 ipso
475 1448 566 1489 loco
587 1448 753 1504 sepeliri
784 1463 826 1489 se
858 1448 1023 1489 iussisse
1051 1449 1205 1498 ferunt,
1228 1460 1573 1492 monumentum-

176 1522 258 1563 que
281 1507 339 1548 ibi
360 1506 584 1555 aedificari,
602 1521 655 1547 ne
672 1506 797 1546 funus
819 1506 896 1546 sibi
918 1506 962 1546 in
985 1506 1148 1562 ingrata
1168 1507 1301 1562 patria
1318 1507 1449 1549 fieret.
1495 1509 1575 1550 Vir

176 1564 479 1605 memorabilis:
513 1563 672 1605 bellicis
694 1572 849 1612 tamen,
872 1578 999 1619 quam
1030 1564 1155 1619 pacis,
1179 1565 1336 1606 artibus
1368 1581 1574 1608 memora-

175 1622 298 1663 bilior
327 1622 462 1677 prima
491 1636 586 1677 pars
606 1621 729 1670 vitae,
753 1636 879 1676 qnam
910 1629 1135 1676 postrema,
1164 1621 1266 1662 fuit:
1305 1623 1405 1678 qnia
1434 1624 1479 1664 in
1510 1624 1575 1664 iu-

175 1688 302 1721 venta
331 1679 441 1720 bella
471 1679 634 1720 assidue
666 1687 806 1734 gesta3
839 1693 935 1719 cum
968 1687 1137 1720 senecta
1164 1693 1229 1720 res
1250 1695 1420 1735 quoque
1443 1681 1574 1722 deflo-

144 1759 161 1780 2
175 1752 309 1787 ruere,
332 1753 410 1778 nec
439 1736 629 1792 praebita
649 1745 712 1777 est
731 1736 906 1777 materia
925 1735 1108 1792 ingenio.
1176 1736 1294 1784 Quid
1315 1737 1369 1777 ad
1390 1737 1572 1793 primum

175 1795 438 1836 consulatum
478 1793 700 1842 secundus,
742 1793 904 1834 etiamsi
945 1808 1163 1834 censuram
1214 1794 1419 1836 adiicias?
1469 1796 1575 1851 quid

175 1853 364 1894 Asiatica
393 1852 560 1908 legatio,
584 1860 626 1892 et
646 1850 887 1892 valetudine
919 1851 1092 1892 adversa
1119 1851 1291 1900 inutilis,
1315 1860 1358 1892 et
1378 1852 1452 1893 filii
1475 1868 1574 1894 casu

174 1910 418 1959 deformata,
437 1918 480 1950 et
499 1918 593 1965 post
614 1908 797 1949 reditum
820 1908 1067 1950 necessitate
1089 1917 1161 1949 aut
1183 1909 1392 1950 subeundi
1413 1910 1573 1960 iudicii,

175 1976 248 2009 aut
267 1967 391 2009 simul
412 1982 508 2008 cum
530 1966 664 2022 patria
684 1965 937 2007 deserendi?
998 1965 1150 2006 Punici
1177 1975 1318 2007 tamen
1350 1967 1447 2008 belli
1480 1983 1574 2023 per-

174 2025 340 2081 petrati,
363 2041 448 2081 quo
478 2024 641 2065 nullum
674 2039 813 2079 neque
845 2023 978 2064 maius
1009 2039 1147 2079 neque
1179 2023 1454 2078 periculosius
1485 2025 1574 2066 Ro-

176 2083 288 2124 mani
311 2097 488 2139 gessere,
512 2097 621 2122 unus
641 2081 909 2137 praecipuam
932 2080 1105 2136 gloriam
1128 2081 1236 2122 tulit.

234 2139 376 2181 Morte
395 2139 585 2180 Africani
601 2154 768 2179 crevere
790 2138 1057 2179 inimicorum
1074 2138 1226 2179 animi:
1255 2153 1435 2194 quorum
1457 2140 1573 2195 prin-

175 2212 273 2254 ceps
302 2197 383 2238 fuit
414 2197 476 2237 M.
499 2196 674 2237 Porcius
707 2195 830 2244 Cato,
863 2196 937 2251 qui
968 2195 1062 2237 vivo
1094 2211 1264 2252 quoque
1298 2211 1348 2237 eo
1381 2197 1571 2239 allatrare

175 2255 265 2297 eius
287 2254 622 2311 magnitudinem
644 2252 789 2294 solitus
811 2262 909 2294 crat.
968 2251 1064 2294 Hoc
1086 2262 1254 2294 auctore
1277 2254 1572 2296 existimantur

175 2312 334 2354 Petillii
366 2321 420 2362 et,
443 2312 537 2353 vivo
567 2310 781 2360 Africano,
814 2325 901 2350 rem
933 2310 1121 2365 ingressi,
1154 2320 1208 2360 et,
1241 2320 1419 2360 mortuo,
1451 2327 1571 2368 roga-

1586 1454 1671 1474 mors
1678 1449 1708 1475 et
1720 1445 1786 1475 lau-

1587 1487 1652 1518 des.

1649 2145 1717 2184 54.

146 2370 333 2415 3tionem
367 2369 662 2426 promulgasse.
726 2367 824 2408 Fuit
854 2375 995 2408 autem
1026 2368 1186 2424 rogatio
1218 2368 1333 2409 talis:
1375 2368 1725 2427 ‘Velitis,Rogatjo
1742 2380 1784 2410 de

178 2433 189 2452 ‘
203 2428 392 2477 iubeatis,
415 2436 653 2483 quaeratur,
676 2441 784 2481 quac
816 2425 996 2482 pecunia
1017 2435 1150 2481 capta,
1173 2425 1322 2475 ablata,
1345 2435 1489 2468 coacta
1518 2428 1570 2468 ab
1583 2433 1721 2462 pecuma

220 2524 238 2553 8
262 2524 389 2554 Adiecit
419 2524 542 2554 decreto
576 2520 847 2560 indiynationcm]
896 2520 1000 2559 primo
1014 2521 1183 2550 consulatu
1201 2525 1415 2560 comparetur.
1433 2523 1473 2553 cf.
1487 2533 1572 2563 supr.

179 2565 331 2603 Decreta,
368 2566 454 2604 quod
491 2565 589 2595 modo
634 2568 850 2594 memoratum
896 2563 974 2593 xxii.
994 2573 1041 2593 22.
1059 2564 1102 2593 ad
1119 2565 1249 2593 Punica
1266 2565 1408 2603 inyem'a.

177 2612 236 2645 est,
270 2607 387 2638 adiecit
425 2607 603 2637 orationem
638 2607 769 2646 plenam
805 2606 850 2636 in-
941 2615 959 2645 3
988 2606 1107 2642 Velitis,
1120 2607 1268 2643 iubeatis,
1279 2609 1476 2646 quaeratur]
1498 2608 1572 2638 Vox

178 2650 378 2690 dignationis.
403 2650 510 2680 szv.
896 2653 1077 2688 quaeratur
1113 2658 1177 2678 non
1212 2649 1281 2678 sine
1312 2659 1408 2679 causa
1438 2650 1573 2681 offendit

220 2703 239 2734 9
264 2694 318 2723 13oe
338 2693 493 2731 Africani
509 2692 687 2731 triumpho]
717 2692 778 2722 Per
802 2691 854 2721 tri·
900 2690 1101 2722 Orevicrium
1121 2703 1128 2727 ;
1165 2701 1222 2730 pro
1259 2697 1440 2731 quaeratur
1476 2693 1573 2732 igitur

178 2735 337 2775 umphum
350 2735 389 2764 de
403 2734 555 2773 Scipione
569 2734 721 2764 Africano
733 2738 854 2764 aetum.
902 2734 1071 2771 legendum
1101 2738 1207 2763 censet
1237 2735 1389 2770 Quirites.
1436 2735 1573 2771 Verum,

225 2788 236 2808 1
272 2779 371 2807 Vitam
391 2778 516 2807 Literni
533 2777 613 2815 eyit]
634 2776 686 2806 De
704 2776 763 2807 hac
778 2775 855 2806 villa
899 2775 944 2806 ita
965 2775 1017 2806 hic
1035 2776 1205 2814 legendum
1223 2786 1302 2813 esse,
1319 2776 1382 2806 iam
1401 2777 1455 2807 diu
1477 2782 1574 2807 antea

179 2819 340 2860 Scipionis
365 2829 482 2859 operae
508 2818 648 2858 pretium
675 2822 723 2849 est
750 2819 854 2858 legere
900 2824 1068 2848 monuerat
1092 2818 1273 2848 Brissonius
1294 2819 1334 2848 de
1357 2819 1519 2849 Fui-mulis
1542 2819 1572 2849 ii.

179 2863 322 2894 Senecae
340 2862 510 2901 epistolam
528 2860 578 2891 36.
903 2869 971 2898 130.
988 2864 1024 2890 ut
1040 2860 1324 2891 Drakenborchius
1336 2861 1572 2892 animadvertit.

224 2915 240 2934 2
264 2907 318 2935 ΛιΙ
331 2906 471 2944 primum
486 2904 703 2940 consulatum]
731 2902 763 2933 Si
781 2913 853 2933 cum
900 2904 1043 2940 Quirite-v
1060 2903 1202 2933 Bekker.
1219 2903 1371 2941 reposuit.

1222 2945 1341 2983 nb2

1584 2465 1750 2498 Antiochi.
