1960 3218
546 139 673 181 LIB.
713 136 931 179 XXXVI.
973 136 1120 178 CAP.
1154 139 1222 178 36.
1500 139 1583 178 255

188 240 200 259 ‘
215 233 330 291 apud
350 231 564 275 consulem
586 230 834 287 deprecator
854 228 1133 284 defensorque
1156 227 1272 269 vobis
1294 226 1445 268 adero.'
1505 225 1582 276 Ita,
1599 238 1643 270 U.
1660 239 1697 270 O.
1721 237 1794 278 561.

186 301 234 333 ut
254 299 474 333 censuerat
496 288 736 338 Quinctius,
757 288 970 328 fecerunt:
1007 301 1085 327 nec
1107 293 1352 341 aspernatus
1380 293 1443 326 est
1471 284 1585 340 lega·
1598 282 1637 313 A.
1662 282 1699 313 C.
1725 290 1794 322 19¹·

187 349 346 391 tionem
368 346 536 390 consul:
570 346 829 401 indutiisque
852 345 897 385 in
917 344 1031 385 diem
1053 352 1208 385 certam
1230 343 1350 392 datis,
1368 358 1452 399 qua
1472 342 1585 398 lega-

1599 325 1738 363 Legatos

1599 368 1739 398 Romam

187 408 244 449 tio
275 405 506 448 renuntiari
527 405 578 445 ab
601 404 740 445 Roma
759 411 912 459 posset,
935 401 1071 443 soluta
1100 401 1262 443 obsidio
1294 408 1369 450 est,
1393 408 1436 442 et
1463 415 1585 441 exer·
1597 409 1740 440 mittunt.

187 465 295 506 citus
316 464 360 505 in
381 462 616 504 Phocidem
638 462 798 502 missus.

249 521 412 564 Consul
445 535 541 562 cum
573 520 626 561 T.
649 518 854 567 Quinctio
885 517 939 558 ad
970 517 1209 558 Achaicum
1241 515 1466 557 concilium
1498 515 1587 557 Ae-

187 580 304 636 gium
332 579 506 620 traiecit.
569 577 635 618 Ibi
657 577 709 618 de
734 575 848 617 Eleis
870 583 912 616 et
933 575 986 616 de
1016 574 1231 616 exsulibus
1253 573 1587 615 Lacedaemoni-

156 653 309 689 9orum
330 635 599 678 restituendis
621 643 783 676 actum:
823 642 864 675 et
887 641 1037 674 neutra
1057 633 1243 689 perfecta
1263 647 1341 681 res,
1366 632 1466 688 quia
1487 646 1585 672 suae

187 695 344 751 gratiae
376 694 575 735 reservari
607 707 699 734 eam
732 691 908 741 Achaei,
933 690 1027 732 Elei
1057 706 1133 747 per
1162 706 1205 731 se
1236 690 1329 746 ipsi,
1353 705 1482 746 quam
1512 704 1588 745 per

190 753 419 802 Romanos,
452 751 691 793 maluerunt
723 749 912 791 Achaico
942 748 1151 790 contribui
1183 747 1372 789 concilio.
1437 746 1588 803 Epiro-

189 819 326 852 tarum
353 810 480 866 legati
506 809 558 850 ad
590 807 805 849 consulem
826 814 1047 856 venerunt,
1071 821 1177 862 quos
1207 821 1294 848 non
1322 806 1483 846 sincera
1503 804 1586 846 fide

189 869 234 909 in
265 868 450 910 amicitia
480 867 604 908 fuisse
632 866 729 907 satis
761 865 998 906 constabat:
1033 864 1212 906 militem
1244 872 1386 905 tamen
1422 862 1588 904 nullum

190 926 407 967 Antiocho
428 925 644 966 dederant.
707 923 896 964 Pecunia
917 923 1067 964 iuvisse
1090 937 1188 963 eum
1210 921 1585 969 insimulabantur3

188 983 347 1040 legatos
369 983 422 1024 ad
443 998 584 1038 regem
607 997 660 1022 ne
682 981 761 1037 ipsi
783 981 955 1036 quidem
985 980 1142 1021 misisse
1168 979 1468 1020 infitiabantur.
1531 978 1588 1019 Iis

189 1041 444 1098 petentibus,
478 1049 524 1081 ut
556 1040 602 1080 in
637 1039 820 1080 amicitia
852 1038 1028 1094 pristina
1063 1053 1150 1078 esse
1181 1037 1339 1086 liceret,
1371 1036 1589 1092 respondit

190 1098 350 1148 consul,
385 1097 479 1147 ‘Se,
516 1106 658 1138 utrum
691 1096 888 1145 hostium,
926 1111 979 1136 an
1012 1104 1268 1151 pacatorum,
1306 1109 1377 1136 eos
1412 1109 1588 1135 numero

193 1157 406 1205 ‘haberet,
429 1155 619 1196 nondum
641 1154 757 1195 scire.
824 1153 1026 1195 Senatum
1059 1153 1148 1194 eius
1179 1152 1240 1193 rei
1270 1152 1456 1193 iudicem
1485 1151 1586 1193 fore.

193 1221 205 1239 ‘
221 1215 437 1271 Integram
458 1228 501 1254 se
523 1227 691 1254 causam
712 1227 858 1252 eorum
881 1211 1063 1252 Romam
1094 1210 1288 1252 reiicere:
1322 1209 1507 1251 indutias
1535 1209 1589 1250 ad

193 1272 266 1313 ‘id
287 1272 450 1313 dierum
471 1270 702 1325 nonaginta
722 1269 847 1310 dare.'
906 1268 1106 1325 Epirotae
1130 1268 1312 1309 Romam
1334 1267 1447 1308 missi
1470 1282 1590 1308 sena-

192 1339 283 1371 tum
309 1329 514 1371 adierunt.
578 1328 649 1377 Iis,
672 1327 816 1383 magis,
840 1342 947 1382 quae
978 1342 1064 1367 non
1096 1326 1293 1367 fecissent
1323 1324 1502 1375 hostilia,
1524 1340 1590 1366 re-

191 1388 433 1436 ferentibus,
466 1401 593 1443 quam
624 1385 901 1442 purgantibus
932 1400 992 1434 ea,
1026 1384 1079 1425 de
1111 1384 1263 1440 quibus
1294 1383 1588 1440 arguebantur,

192 1460 437 1502 responsum
460 1444 605 1485 datum
628 1453 702 1493 est,
726 1458 810 1499 quo
831 1442 997 1484 veniam
1028 1442 1285 1498 impetrasse,
1307 1457 1393 1483 non
1422 1456 1589 1482 causam

191 1504 399 1560 probasse,
423 1502 556 1543 videri
576 1510 757 1558 possent.
812 1500 869 1541 Et
890 1500 1078 1556 Philippi
1099 1500 1209 1556 regis
1229 1499 1355 1556 legati
1377 1499 1453 1540 sub
1475 1498 1589 1540 idem

194 1570 360 1618 tempus
381 1561 424 1601 in
446 1568 637 1602 senatum
668 1558 911 1608 introducti,
933 1558 1191 1615 gratulantes
1212 1557 1265 1598 de
1286 1557 1470 1598 victoria.
1534 1556 1592 1598 Iis

193 1619 447 1676 petentibus,
476 1627 523 1659 ut
553 1617 632 1658 sibi
662 1616 892 1658 sacrificare
923 1616 968 1656 in
1002 1615 1228 1672 Capitolio,
1261 1615 1508 1671 donumque
1537 1630 1591 1656 ex

194 1692 295 1718 auro
325 1676 471 1718 lic-eret
500 1690 658 1732 ponere
683 1675 726 1715 in
749 1674 852 1716 aede
875 1673 987 1715 Iovis
1011 1673 1173 1730 Optimi
1198 1673 1394 1723 Maximi,
1416 1673 1592 1729 permis-

194 1749 286 1776 sum
313 1735 364 1776 ab
393 1744 552 1775 senatu.
619 1732 806 1774 Centum
837 1732 981 1788 pondo
1012 1747 1210 1773 coronam
1241 1746 1409 1773 auream
1440 1746 1591 1787 posue-

193 1801 304 1834 runt.
368 1792 469 1833 Non
506 1806 752 1848 responsum
786 1790 919 1831 solum
956 1790 1139 1847 benigne
1175 1790 1284 1846 regis
1320 1789 1467 1846 legatis
1503 1797 1589 1837 est3

194 1850 269 1891 sed
304 1850 493 1907 Philippi
524 1864 693 1905 quoque
730 1848 841 1889 filius
874 1848 1133 1897 Demetrius,
1167 1849 1241 1904 qui
1274 1848 1393 1889 obses
1428 1847 1590 1888 Romae

194 1917 296 1958 erat,
334 1907 386 1949 ad
422 1916 581 1964 patrem
619 1906 886 1948 reducendus
922 1906 1069 1962 legatis
1105 1906 1228 1947 datus
1264 1914 1337 1947 est.
1408 1904 1590 1954 Bellum,

195 1966 310 2022 quod
345 1981 440 2007 cum
477 1964 692 2006 Antiocho
729 1979 827 2020 rege
865 1964 909 2004 in
948 1964 1129 2005 Graecia
1163 1974 1328 2020 gestum
1365 1972 1428 2004 est
1463 1978 1486 2003 a
1515 1961 1589 2003 M’.

197 2023 338 2064 Acilio
360 2023 543 2072 consule,
566 2023 680 2063 hunc
702 2022 831 2063 finem
852 2022 1010 2063 habuit.

255 2080 380 2122 Alter
413 2080 559 2122 consul
590 2080 636 2120 P.
665 2079 888 2121 Cornelius
924 2079 1078 2135 Scipio,
1114 2078 1297 2120 Galliam
1333 2077 1589 2135 provinciam

1669 2077 1735 2115 36.

196 2138 376 2187 sortitus,
406 2138 648 2193 priusquam
681 2137 735 2178 ad
765 2137 935 2186 bellum,
959 2136 1074 2192 quod
1095 2152 1190 2177 cum
1215 2135 1331 2177 Boiis
1357 2135 1590 2192 gerendum
1605 2132 1690 2163 Ludi
1708 2133 1773 2163 Ro-

1604 2185 1677 2205 mae
1694 2179 1725 2205 et

197 2203 297 2245 erat,
327 2195 672 2252 proficisceretur,
699 2194 924 2251 postulavit
955 2195 1006 2235 ab
1035 2202 1195 2243 senatu,
1226 2202 1273 2235 ut
1303 2193 1485 2250 pecunia
1514 2193 1592 2234 sibi
1605 2218 1700 2248 aedes
1717 2219 1770 2249 de-

196 2253 495 2294 decerneretur
525 2253 577 2294 ad
608 2252 741 2302 ludos,
765 2268 869 2308 quos
897 2260 1064 2308 praetor
1084 2252 1129 2292 in
1151 2251 1359 2308 Hispania
1389 2252 1500 2292 inter
1530 2251 1593 2307 ip-
1607 2261 1741 2293 dicatae.

196 2326 289 2352 sum
320 2310 544 2351 discrimen
576 2326 741 2366 pugnae
773 2319 962 2351 vovissct.
1027 2309 1199 2350 Novum
1236 2318 1361 2365 atque
1399 2309 1593 2365 iniquum

196 2368 406 2424 postulare
429 2377 489 2409 est
511 2368 632 2410 visus.
700 2368 973 2409 Censucrunt
1001 2382 1113 2422 crgo,
1144 2373 1273 2422 ‘quos
1298 2367 1420 2408 ludos
1448 2367 1594 2407 incon-

169 2443 180 2464 1
199 2426 335 2468 ‘sulto
366 2435 513 2467 senatu
543 2442 596 2467 ex
625 2442 699 2467 sua
727 2425 851 2466 unius
883 2426 1093 2466 sententia
1123 2425 1314 2474 vovisset,
1348 2440 1417 2466 cos
1448 2424 1509 2465 uti
1540 2423 1593 2465 de

199 2489 211 2507 ‘
227 2484 447 2534 manubiis,
466 2484 498 2524 si
517 2499 643 2540 quam
665 2483 888 2540 pecuniam
909 2483 962 2524 ad
984 2483 1027 2524 id
1049 2491 1309 2532 reservasset,
1323 2482 1390 2524 vel
1411 2498 1485 2524 sua
1506 2482 1594 2538 ipse

200 2545 211 2563 ‘
228 2540 415 2597 impensa
435 2542 615 2583 faceret)
677 2541 761 2582 Eos
782 2541 904 2582 ludos
925 2556 1000 2597 pcr
1021 2541 1110 2582 dics
1131 2540 1278 2581 decem
1301 2540 1348 2581 P.
1371 2540 1595 2582 Cornelius

198 2598 308 2639 fecit.
370 2598 454 2640 Per
478 2599 591 2641 idem
617 2600 701 2640 fcrc
732 2609 896 2655 tempus
918 2598 1042 2640 acdcs
1065 2598 1215 2639 Matris
1237 2598 1421 2654 Magnae
1444 2598 1594 2639 Idaeae

199 2654 391 2697 dedicata
426 2665 512 2698 est:
559 2672 685 2713 quam
719 2657 840 2698 dcam
875 2657 908 2697 is
940 2656 986 2697 P.
1014 2656 1252 2706 Cornelius,
1288 2657 1505 2697 advectam
1542 2670 1596 2696 ex

242 2796 261 2827 9
284 2788 370 2817 Suae
392 2786 536 2823 syrmiae]
579 2786 631 2815 Ita
657 2789 691 2815 ut
716 2785 873 2816 restitutio
920 2789 1010 2824 pai-tc
1030 2785 1179 2824 praedae,
1196 2795 1292 2824 quam
1310 2785 1376 2814 dux
1394 2785 1443 2815 vel
1465 2785 1505 2813 ad
1531 2794 1596 2813 mo-

199 2829 347 2859 exsulum
388 2827 716 2858 Laccdaemoniomm
755 2828 873 2858 bcncfi-
919 2832 1110 2858 numentum
1133 2828 1264 2866 aliquod
1287 2828 1529 2863 exstruendum,
1547 2826 1595 2856 vel

199 2872 285 2902 cium
303 2871 506 2901 Achaeorum
524 2870 693 2901 videretur.
919 2871 958 2900 ad
976 2870 1051 2907 alia,
1067 2875 1215 2900 reservat.
1240 2870 1279 2901 cf.
1292 2870 1359 2901 Cic.
1374 2871 1414 2900 dc
1432 2870 1507 2909 Leg.
1522 2870 1595 2909 Agr.

251 2924 260 2944 1
295 2915 345 2945 De
375 2912 553 2951 mrtnubiis]
604 2912 738 2952 Proprie
768 2913 808 2944 dc
838 2923 876 2943 oa
920 2913 950 2943 ii.
972 2923 1018 2943 22.
1037 2913 1117 2943 etin
1136 2913 1228 2943 Vcrr.
1246 2913 1264 2943 i.
1283 2921 1331 2953 59.
1359 2913 1467 2942 Dum.
