1960 3218
354 150 438 190 354
873 145 1023 188 ΤΙΤΙ
1065 145 1245 188 LIVII

148 244 193 277 U.
210 244 249 276 C.
272 243 344 284 564.
356 237 489 279 tiochi
518 237 645 294 legati
675 236 899 294 pecuniam
930 237 975 278 in
1006 237 1316 303 Pamphyliam,
1337 237 1683 293 frumentumque
1704 252 1759 279 ex

148 289 188 320 A.
213 288 252 320 C
278 289 346 319 188.
359 304 483 353 pacto
505 311 601 337 cum
624 295 673 336 L.
697 294 894 351 Scipione
925 295 1093 336 foedere
1124 295 1224 336 iussi
1255 295 1489 337 advehere}
1480 327 1490 345 ,
1525 311 1576 336 eo
1597 310 1640 336 se
1662 310 1760 337 cum

360 354 551 395 exercitu
580 362 818 395 venturum.
881 353 1098 409 Principio
1123 353 1278 394 deinde
1300 354 1420 403 v'eris,
1443 353 1617 394 lustrato
1639 368 1767 394 exer-·
1787 368 1789 371 ·

360 412 460 461 61111,
492 411 715 467 profectus,
748 410 816 452 die
848 421 993 452 octavo
1019 411 1256 467 Apameam
1285 411 1411 452 venit.
1474 411 1540 452 Ibi
1572 411 1760 452 tiiduum

360 469 519 510 stativis
539 469 705 518 habitis,
721 469 853 509 1611113
874 483 1014 509 11113113
1035 469 1086 509 ab
1110 469 1303 533 Apamea
1324 469 1466 510 castris
1486 469 1530 509 in
1545 468 1760 533 Pamphy-

360 527 474 577 liam,
497 542 581 582 quo
607 526 830 592 pecuniam
851 526 1195 581 frumentumque
1217 541 1352 582 reglos
1374 526 1639 567 convehere
1630 541 1761 567 111336-

362 594 438 635 lat,
460 584 663 641 pervenit.
728 584 828 625 Duo
850 584 980 624 millia
1000 592 1042 624 et
1063 585 1296 639 quinoenta
1316 583 1472 625 talenta
1499 584 1662 640 algenti
1693 599 1761 624 ac-

362 651 486 698 cepta
509 644 743 698 Apameam
766 641 1063 698 deportantur.
1102 641 1361 682 frumentum
1384 641 1588 683 exercitui
1609 638 1762 682 dividi-

363 708 442 741 tur.
505 699 611 740 Inde
641 699 694 740 ad
721 699 901 755 Pergam
930 699 1069 740 ducit:
1104 714 1212 754 quae
1245 714 1330 740 una
1359 699 1403 739 in
1434 700 1484 740 iis
1514 699 1615 740 locis
1645 699 1761 755 regio

366 757 590 799 tenebatur
609 757 829 813 praesidio.
894 756 1270 812 Appropinquanti
1301 757 1535 812 praefectus
1565 756 1761 813 praesidii

366 815 513 856 obvius
541 815 633 863 fuit,
656 814 830 869 triginta
850 814 1015 854 dierum
1047 823 1212 870 tempus
1239 823 1401 870 petenS,
1423 823 1470 855 ut
1497 829 1640 870 regem
1669 814 1763 856 An-

364 873 552 914 tiochum
585 872 638 913 de
670 873 772 913 urbe
800 871 1006 913 tradenda
1033 871 1280 913 consuleret.
1344 872 1458 913 Dato
1484 881 1685 928 tempore,
1709 872 1763 913 ad

364 945 456 971 eam
494 930 606 971 diem
642 929 851 986 praesidio
887 929 1105 970 decessum
1142 938 1215 971 est.
1279 929 1322 970 A
1348 929 1498 986 Perga,
1528 929 1580 972 L.
1597 929 1763 971 Manlio

363 988 488 1029 fratre
510 1003 607 1029 611111
624 996 823 1043 quattuor
844 987 1028 1028 millibus
1050 987 1231 1028 militum
1249 964 1461 1037 Oioanda,
1477 987 1531 1028 ad
1551 987 1761 1044 reliquum
1778 1002 1795 1035 7

364 1045 569 1102 pecuniae
595 1060 647 1086 ex
677 1061 740 1095 eo,
764 1044 880 1101 quod
909 1045 1170 1101 pepigeiQant
1192 1045 1465 1101 exigendum,
1491 1045 1629 1095 misso,
1658 1046 1764 1102 ipse,

366 1103 466 1168 quia
483 1102 723 1144 Eumenem
744 1118 888 1168 regem
908 1112 951 1144 et
972 1103 1119 1144 decem
1140 1103 1299 1158 legatos
1320 1104 1371 1144 ab
1390 1103 1529 1145 Roma
1546 1103 1765 1160 Ephesum

365 1161 529 1202 venisse
563 1161 803 1211 audierat,
793 1161 912 1202 1113313
945 1161 1064 1217 sequi
1096 1161 1301 1203 Antiochi
1333 1161 1495 1218 legatis,
1528 1162 1764 1218 Apameam

220 1225 288 1264 38.
367 1219 599 1260 exercitum
621 1218 802 1260 reduxit.
865 1218 931 1260 Ibi
953 1234 1005 1260 ex
1027 1218 1174 1260 decem
1195 1219 1428 1275 legatorum
1450 1219 1660 1260 sententia
1678 1219 1765 1260 foe-

155 1280 320 1331 Foederis·
367 1276 445 1318 dus
480 1277 526 1317 in
561 1277 665 1318 haec
700 1277 828 1318 verba
859 1276 945 1317 fere
982 1291 1078 1318 cum
1111 1277 1327 1318 Antiocho
1362 1277 1645 1333 conscriptum
1675 1286 1762 1318 est:

156 1326 354 1398 {pgilAntm-
370 1334 599 1376 ‘Amicitia
627 1334 715 1390 regi
738 1334 955 1376 Antiocho
977 1349 1073 1375 cum
1101 1334 1258 1390 populo
1282 1334 1477 1376 Romano
1508 1335 1573 1376 his
1602 1334 1766 1391 legibus

171 1390 172 1393 '
247 1379 329 1409 eges.
370 1397 438 1433 ‘'et
457 1392 771 1433 conditionibus
792 1400 907 1433 esto:
943 1391 1011 1433 Ne
1034 1407 1160 1448 quem
1191 1392 1434 1442 exercitum,
1458 1393 1532 1449 qui
1562 1407 1660 1434 cum
1689 1407 1765 1449 po-

370 1450 494 1506 ‘pulo
517 1449 712 1491 Romano
743 1450 916 1491 sociisve
947 1450 1105 1491 bellum
1135 1458 1327 1506 gesturus
1355 1450 1446 1500 erit,
1470 1465 1544 1491 rex
1565 1465 1640 1507 per
1661 1450 1765 1492 fines

370 1508 514 1563 ‘regni
547 1508 624 1557 sui,
651 1523 863 1557 eorumve,
893 1508 967 1563 qui
995 1508 1071 1548 sub
1103 1507 1263 1549 ditione
1297 1508 1387 1549 eius
1419 1517 1556 1558 erunt,
1589 1508 1765 1549 transire

369 1566 544 1607 (311111οε
580 1580 665 1606 11611
701 1574 952 1615 commeatu,
978 1581 1062 1606 neu
1088 1580 1173 1621 qua
1207 1565 1289 1606 alia
1319 1581 1397 1622 ope
1430 1566 1582 1607 iuvato.
1645 1565 1767 1607 Idem

370 1622 581 1664 ‘Romani
613 1622 799 1679 sociique
832 1623 1061 1672 Antiocho,
1094 1634 1137 1665 et
1164 1623 1226 1673 iis,
1253 1623 1327 1679 qui
1360 1624 1436 1665 sub
1468 1623 1646 1680 imperio
1677 1623 1767 1665 eius

370 1686 532 1731 ‘erunt,
552 1689 776 1737 praestent.
832 1680 941 1722 Belli
962 1681 1168 1737 gerendi
1158 1696 1223 1722 1113
1245 1681 1461 1723 Antiocho
1482 1697 1535 1722 ne
1558 1689 1648 1722 esto
1669 1696 1767 1722 cum

369 1739 456 1788 (113,
476 1739 550 1795 qui
571 1738 726 1779 insulas
747 1738 904 1788 colunt,
926 1754 1032 1780 neve
1054 1739 1099 1779 in
1122 1738 1336 1795 Europam
1359 1739 1615 1780 transeundi.
1679 1738 1768 1780 Ex-

372 1796 536 1838 ‘cedito
567 1797 753 1846 urbibus,
784 1796 904 1852 aoris,
926 1796 1040 1846 vicis,
1071 1796 1247 1838 castellis
1276 1796 1333 1837 cis
1361 1797 1550 1839 Taurum
1578 1806 1767 1838 montem

371 1859 529 1909 ‘usque
558 1853 610 1894 ad
634 1853 778 1911 Halyn
808 1869 988 1903 amnem,
1012 1862 1054 1895 et
1073 1869 1097 1894 a
1118 1854 1223 1895 valle
1246 1854 1377 1895 Tauri
1409 1869 1542 1910 usque
1573 1846 1664 1895 ad
1654 1868 1798 1920 luga,8

370 1916 480 1967 ‘qua
512 1912 557 1952 in
589 1911 848 1967 Lycaoniam
874 1912 1018 1967 velgit.
1082 1911 1152 1952 Ne
1187 1926 1270 1968 qua
1302 1927 1416 1953 arma
1448 1912 1595 1953 efferto
1631 1927 1684 1953 ex
1716 1912 1767 1953 iis

370 1969 574 2025 ‘oppidis,
597 1969 718 2025 agris,
741 1968 1018 2025 castellisque,
1036 1969 1189 2025 quibus
1211 1969 1409 2010 excedat.
1445 1970 1478 2010 31
1496 1985 1581 2025 qua
1601 1970 1765 2020 extulit,

371 2032 503 2082 ‘quae
526 2041 696 2082 quoque
718 2027 940 2082 oportebit,
963 2035 1075 2068 recte
1097 2027 1317 2068 restituito.
1382 2026 1451 2068 Ne
1473 2027 1664 2078 militem,
1682 2043 1764 2069 neu
1779 2048 1799 2080 9

371 2090 523 2140 ‘quem
555 2084 683 2125 alium
715 2099 768 2125 ex
799 2099 928 2140 regno
961 2084 1165 2125 Eumenis
1196 2085 1383 2140 recipito.
1451 2084 1494 2126 Si
1520 2085 1594 2141 qui
1622 2100 1767 2126 earum

371 2142 563 2182 ‘urbium
592 2142 714 2191 cives,
738 2157 846 2197 quae
874 2157 1006 2198 regno
1035 2142 1280 2192 abscedunt,
1304 2157 1401 2183 611111
1429 2157 1527 2198 rege
1551 2143 1766 2184 Antiocho

371 2205 382 2223 ⁶
396 2199 589 2255 intraque
612 2199 717 2240 fines
738 2215 828 2240 elus
849 2200 968 2255 regni
990 2208 1099 2249 sunt,
1120 2200 1356 2255 Apameam
1374 2215 1518 2241 omnes
1540 2209 1635 2241 ante
1653 2200 1766 2241 diem

372 2263 551 2298 ‘certam
573 2256 792 2298 redeunte.
859 2257 946 2305 Qui
969 2272 1021 2298 ex
1043 2273 1173 2313 regno
1190 2257 1394 2298 Antiochi
1415 2257 1527 2313 apud
1551 2257 1766 2299 Romanos

371 2321 382 2339 ‘
397 2315 614 2371 sociosque
640 2323 750 2364 sunt,
774 2315 824 2355 iis
846 2315 909 2355 ius
930 2315 1114 2356 abeundi
1140 2315 1425 2370 manendique
1452 2324 1550 2355 esto.
1617 2314 1765 2356 Servos

369 2379 468 2413 ‘seu
501 2372 710 2428 fugitivos,
743 2387 817 2413 seu
849 2372 960 2413 bello
992 2381 1147 2428 captos,
1180 2387 1253 2414 seu
1282 2373 1356 2427 qui
1387 2372 1491 2413 liber
1521 2381 1666 2428 eaptus
1693 2380 1766 2414 aut

370 2430 608 2485 ‘transfuga
642 2430 734 2478 erit,
771 2430 938 2471 reddito
975 2430 1179 2471 Romanis
1216 2430 1434 2484 sociisque.
1505 2429 1765 2485 Elephantos

371 2495 380 2511 ⁶
397 2487 547 2528 tradito
569 2502 727 2536 omneS,
750 2503 889 2543 neque
912 2487 1013 2529 alios
1034 2497 1189 2543 parato.
1253 2487 1292 2527 T
1295 2487 1429 2527 radito
1457 2496 1499 2528 et
1527 2502 1653 2529 naves
1674 2487 1765 2529 lon-

413 2663 428 2693 7
455 2655 623 2691 Oroanda]
665 2653 812 2684 Lectioni
853 2653 1043 2692 Sigonianae
1133 2653 1151 2683 8
1180 2655 1287 2693 Usque
1317 2656 1360 2684 ad
1389 2656 1520 2694 Halyn]
1562 2656 1650 2686 Olim
1681 2657 1764 2696 lege-

368 2698 544 2729 Oenoamla
572 2697 748 2733 refragatur
776 2695 932 2734 Polybius
961 2695 1042 2725 Exe.
1088 2696 1183 2725 batur
1213 2697 1360 2733 Tanaim,
1392 2698 1446 2727 sed
1479 2698 1663 2729 Gronovius
1692 2703 1765 2738 post

368 2742 446 2780 Leg.
478 2749 527 2779 35.
559 2743 591 2769 et
623 2738 735 2769 Livius
772 2737 840 2777 ipse
874 2748 960 2777 supr.
998 2740 1042 2768 18.
1090 2738 1262 2768 Budaeum
1280 2740 1393 2778 Halyn
1412 2743 1497 2770 recte
1512 2741 1707 2772 emendavit.

368 2784 521 2813 Oroanda
550 2782 625 2812 urbs
657 2780 798 2811 Pisidiae
829 2784 909 2817 erat,
936 2783 971 2810 ut
1003 2790 1042 2810 ex
1131 2790 1150 2821 9
1176 2784 1266 2817 Quae
1282 2792 1405 2821 quoque
1427 2784 1596 2822 oportebit]
1625 2786 1715 2820 Quae
1733 2789 1764 2814 et

371 2826 453 2856 l‘lin.
479 2826 523 2855 II.
546 2824 590 2855 Ν.
615 2835 643 2854 v.
666 2831 716 2862 27.
741 2824 888 2854 Strabon.
911 2822 976 2852 xiii.
1002 2824 1042 2852 :ul
1088 2834 1160 2863 quo,
1177 2828 1212 2853 ut
1233 2823 1406 2855 iubeantur
1428 2825 1551 2855 restitui
1569 2836 1652 2864 quae
1671 2836 1764 2865 opor-

369 2870 420 2899 n'n.
448 2871 548 2908 patet.
581 2867 619 2898 cf.
644 2867 763 2898 Cellnr.
788 2866 897 2904 Antiq.
925 2865 1043 2902 Geogn
1088 2865 1179 2902 tebit,
1205 2870 1235 2896 et
1263 2877 1326 2905 quo
1354 2868 1424 2897 loeo
1452 2868 1622 2907 oportebit.
1667 2869 1764 2900 Recte

368 2911 409 2941 iii.
429 2923 457 2949 4.
1089 2912 1134 2937 ost
1152 2908 1220 2938 sim·
1237 2910 1321 2941 dolo,
1348 2910 1462 2940 Dium.
