1960 3218
572 146 700 190 LIB.
734 145 956 188 XXXIII.
1005 145 1152 188 CAP.
1187 149 1225 189 6.
1538 156 1593 195 89

255 241 481 291 Quinctius
501 240 555 282 ad
577 240 747 282 Thebas
775 239 1038 281 Phthioticas
1066 248 1200 281 castra
1220 255 1352 296 quum
1381 243 1588 295 movisset,
1606 253 1650 285 U.
1667 254 1705 286 C.
1728 262 1802 294 555.

192 315 310 357 spem
330 308 478 341 nactus
498 314 573 356 per
589 298 817 340 Timonem
837 297 1073 354 principem
1089 297 1268 339 civitatis
1289 299 1410 355 prodi
1427 302 1587 354 urbem,
1603 297 1643 329 Α·
1667 297 1705 328 C.
1732 304 1801 337 Ι97·

192 373 289 399 cum
310 357 454 414 paucis
474 357 665 413 equitum
681 356 869 412 levisque
886 364 1119 397 armaturae
1141 355 1195 397 ad
1216 371 1357 398 muros
1377 361 1586 402 successit.

193 414 259 457 Ibi
295 415 400 457 adeo
429 415 623 456 frustrata
657 429 751 471 spes
782 422 856 463 est,
890 423 937 455 ut
972 429 1059 455 non
1089 422 1302 455 certamen
1334 415 1461 457 modo
1491 433 1588 459 cum

192 473 522 529 erumpentibus,
559 472 634 514 sed
674 471 909 528 periculum
948 486 1117 527 quoque
1161 481 1279 513 atrox
1320 473 1500 515 subiret:
1544 491 1589 516 ni

191 531 334 572 castris
355 531 483 572 exciti
504 539 678 586 repente
705 529 870 586 pedites
890 529 1139 585 equitesque
1162 529 1206 570 in
1229 539 1417 586 tempore
1440 532 1590 574 subve-

190 588 360 630 nissent.
425 588 482 629 Et
509 598 729 645 postquam
759 586 866 628 nihil
892 596 1120 642 conceptae
1143 596 1300 629 temere
1330 589 1418 644 spei
1447 604 1591 632 succe-

190 646 329 696 debat,
352 646 465 687 urbis
482 645 653 703 quidem
673 644 851 701 amplius
869 644 1096 686 tentandae
1113 645 1157 685 in
1178 646 1415 701 praesentia
1436 657 1590 690 conatu

189 704 372 746 absistit:
407 713 593 745 ceterum
615 703 712 744 satis
733 717 900 759 gnaruS,
916 703 997 743 iam
1016 703 1059 743 in
1083 703 1301 745 Thessalia
1321 719 1463 760 regem
1486 721 1588 756 esse,

189 762 380 803 nondum
410 771 639 819 comperto,
662 776 790 817 quam
812 761 855 801 in
885 761 1102 817 regionem
1123 761 1317 811 venisset,
1340 762 1494 804 milites
1514 779 1591 820 per

189 835 308 876 agros
339 819 529 861 dimissos
559 818 714 861 vallum
742 818 917 860 caedere
949 827 992 860 et
1019 834 1163 875 parare
1195 819 1324 861 iubet.
1388 819 1512 862 Vallo
1547 831 1589 863 et
1603 831 1739 863 Vallum

189 876 451 919 Macedones
473 886 516 919 et
540 876 693 918 Graeci
722 876 785 918 usi
807 885 929 925 sunt3
963 876 1036 918 sed
1063 892 1185 918 usum
1213 892 1292 919 nec
1321 878 1375 919 ad
1403 893 1589 921 commo-
1601 875 1756 907 Macedo-

189 935 363 977 ditatem
386 935 562 985 ferendi,
583 950 664 977 nec
686 934 738 976 ad
760 934 890 990 ipsius
912 934 1158 975 munitionis
1181 935 1494 978 firmamentum
1515 953 1589 994 ap-
1600 929 1690 951 num.

188 1002 395 1035 taverunt.
460 992 574 1034 Nam
603 1001 645 1034 et
672 992 850 1034 maiores
881 1000 923 1033 et
943 992 1075 1048 magis
1102 1007 1284 1034 ramosas
1306 994 1474 1036 arbores
1495 1011 1589 1037 cae-

188 1051 359 1101 debant,
383 1066 510 1107 quam
532 1066 635 1107 quas
655 1050 762 1092 ferre
785 1065 882 1091 cum
907 1050 1031 1091 armis
1053 1049 1171 1091 miles
1191 1061 1355 1107 posset3
1388 1060 1431 1094 et
1455 1069 1588 1110 quum

156 1117 321 1157 9castra
354 1108 420 1150 his
452 1117 548 1150 ante
582 1107 756 1150 obiectis
788 1108 1050 1164 saepsissent,
1081 1108 1213 1149 facilis
1246 1109 1407 1151 molitio
1441 1126 1588 1153 eorum

187 1166 285 1207 valli
313 1175 412 1208 erat.
476 1165 590 1207 Nam
618 1175 661 1207 et
689 1165 789 1222 quia
813 1165 891 1206 rari
925 1165 1086 1222 stipites
1113 1181 1359 1222 magnarum
1392 1168 1587 1210 arborum

187 1224 443 1274 eminebant,
467 1223 674 1280 multique
697 1232 739 1265 et
759 1222 887 1264 validi
912 1223 1016 1264 rami
1036 1223 1306 1279 praebebant,
1330 1226 1445 1281 quod
1473 1236 1585 1268 recte

158 1301 170 1322 1
186 1296 315 1323 manu
335 1290 568 1338 caperetur,
591 1282 689 1330 duo,
712 1290 784 1322 aut
805 1296 1016 1322 summum
1039 1290 1121 1322 tres
1142 1281 1315 1323 iuvenes
1338 1284 1499 1325 connisi
1521 1300 1587 1326 ar-

185 1339 329 1381 borem
352 1355 480 1380 unam
500 1338 758 1381 evellebant:
794 1354 878 1395 qua
893 1338 1046 1389 evulsa,
1064 1348 1208 1395 portae
1226 1339 1356 1381 instar
1371 1342 1585 1399 extemplo

154 1415 171 1436 2
185 1397 368 1453 patebat,
391 1413 469 1439 nec
491 1397 536 1438 in
564 1406 760 1454 promptu
787 1405 888 1446 erat,
911 1396 1026 1453 quod
1048 1397 1362 1440 obmolirentur.
1428 1399 1585 1442 Roma-
1598 1412 1764 1445 Romano-

154 1471 172 1502 3
186 1469 265 1496 nus
286 1454 398 1497 leves
419 1464 462 1497 et
482 1455 664 1497 bifurcos
680 1454 917 1511 plerosque,
941 1454 1006 1496 vel
1028 1455 1168 1505 trium,
1191 1464 1275 1505 aut,
1299 1472 1431 1512 quum
1453 1457 1585 1514 pluri-
1596 1465 1677 1487 rum.

186 1527 316 1563 mum,
345 1522 546 1569 quattuor
572 1527 783 1554 ramorum
812 1512 940 1553 vallos
969 1512 1119 1562 caedit,
1147 1522 1195 1554 ut
1223 1522 1266 1555 et
1293 1516 1503 1571 suspensis
1532 1517 1584 1558 ab

185 1578 304 1627 tergo
340 1571 463 1612 armis
495 1571 599 1612 ferat
629 1570 771 1627 plures
800 1569 925 1611 simul
956 1579 1052 1627 apte
1084 1570 1230 1621 miles;
1273 1581 1316 1614 et
1345 1573 1404 1613 ita
1433 1573 1586 1616 densos

186 1627 364 1684 offigunt
389 1628 692 1685 implicantque
720 1643 868 1677 ramos,
891 1636 938 1669 ut
966 1643 1119 1684 neque,
1143 1644 1251 1685 quae
1280 1630 1483 1687 cuiusque
1512 1632 1586 1673 sti-

185 1685 284 1742 pitis
296 1685 436 1742 palma
456 1686 522 1736 sit,
544 1686 753 1742 pervideri
774 1686 931 1742 possit3
965 1695 1007 1727 et
1028 1686 1133 1727 adeo
1155 1687 1279 1736 acuti,
1297 1687 1487 1745 aliusque
1509 1705 1586 1746 per

184 1743 314 1785 alium
330 1744 503 1785 immissi
523 1744 628 1785 radii
642 1743 782 1785 locum
796 1743 849 1784 ad
870 1744 1138 1785 inserendam
1156 1759 1328 1786 manum
1349 1761 1437 1787 non
1457 1747 1585 1789 relin-

185 1810 335 1857 quunt,
353 1810 401 1842 ut
417 1817 556 1858 neque
572 1801 792 1858 prehendi,
808 1801 924 1857 quod
940 1801 1140 1852 trahatur,
1155 1817 1294 1858 neque
1312 1804 1435 1854 trahi,
1451 1820 1584 1861 quum

183 1858 296 1901 inter
315 1873 358 1901 se
387 1859 534 1901 innexi
554 1859 660 1900 rami
684 1858 901 1900 vinculum
929 1859 974 1900 in
999 1859 1135 1901 vicem
1162 1861 1404 1916 praebeant,
1427 1863 1580 1918 possit,

183 1925 238 1967 et,
261 1917 295 1958 si
316 1916 483 1959 evulsus
502 1917 608 1959 forte
622 1926 685 1959 est
705 1932 827 1967 unus,
842 1932 921 1959 nec
937 1916 1018 1959 loci
1034 1917 1215 1959 multum
1229 1919 1375 1975 aperit,
1391 1929 1434 1961 et
1454 1920 1583 1962 alium

182 1989 386 2031 reponere
408 1975 603 2031 perfacile
626 1983 699 2017 est.

246 2031 474 2080 Quinctius
504 2041 670 2089 postero
701 2032 783 2082 die,
810 2032 967 2073 vallum
998 2048 1142 2074 secum
1173 2034 1333 2076 ferente
1365 2035 1511 2086 milite,
1535 2045 1583 2078 ut
1672 2037 1709 2076 6.

183 2099 351 2146 paratus
373 2090 488 2131 omni
517 2090 609 2131 loco
630 2091 772 2131 castris
802 2090 1010 2146 ponendis
1031 2099 1152 2141 esset,
1176 2107 1417 2147 progressus
1447 2094 1583 2135 modi-

185 2163 281 2188 cum
310 2147 400 2197 iter,
426 2163 497 2189 sex
520 2148 649 2189 ferme
671 2147 802 2188 millia
823 2163 846 2188 a
867 2147 1016 2188 Pheris
1038 2163 1170 2203 quum
1197 2150 1465 2200 consedisset,
1488 2167 1582 2207 spe-

184 2205 383 2254 culatum,
407 2206 451 2246 in
473 2221 557 2261 qua
577 2214 694 2261 parte
719 2204 961 2246 Thessaliae
983 2205 1113 2247 hostis
1135 2215 1255 2256 esset,
1279 2208 1434 2262 quidve
1462 2224 1582 2265 para-

183 2271 260 2312 ret,
295 2263 418 2304 misit.
485 2263 612 2304 Circa
644 2263 849 2304 Larissam
885 2271 972 2304 crat
1005 2279 1092 2313 rex,
1126 2264 1278 2305 certior
1313 2265 1395 2306 iam
1432 2266 1578 2317 factus,
1594 2279 1717 2310 Pheras

185 2319 427 2361 Romanum
449 2321 500 2362 ab
523 2321 683 2362 Thebis
704 2320 862 2362 Pheras
884 2321 1072 2362 movisse.
1136 2321 1326 2378 Defungi
1347 2338 1474 2379 quam
1495 2325 1580 2380 pri·
1592 2326 1727 2370 uterque
1740 2333 1794 2353 ex-

184 2392 300 2419 mum
332 2387 374 2419 et
404 2378 492 2434 ipse
523 2378 751 2420 certamine
774 2379 960 2434 cupiens,
984 2378 1137 2420 ducere
1160 2380 1213 2420 ad
1235 2380 1399 2421 hostem
1427 2382 1578 2438 pergit,
1593 2369 1710 2439 ssrissitus
1726 2376 1777 2397 γε’

184 2444 228 2476 et
248 2444 447 2492 quattuor
467 2436 597 2477 millia
617 2436 704 2477 fere
725 2452 750 2477 a
766 2436 914 2477 Pheris
935 2437 1075 2492 posuit
1096 2446 1240 2478 castra.
1286 2437 1393 2479 Inde
1414 2449 1581 2495 postero

184 2492 253 2534 die
276 2508 408 2549 quum
431 2493 618 2549 expediti
648 2494 859 2549 utrimque
892 2494 944 2535 ad
977 2495 1244 2550 occupandos
1275 2511 1401 2552 super
1432 2499 1581 2539 urbem

185 2550 369 2592 tumulos
399 2551 709 2607 processissent,
732 2552 822 2607 pari
853 2551 983 2593 ferme
1016 2552 1234 2594 intervallo
1257 2554 1308 2594 ab
1330 2554 1442 2610 iugo,
1465 2555 1582 2610 quod

228 2714 247 2744 9
270 2705 390 2735 Facilis
418 2707 550 2745 molitio]
586 2707 697 2737 Facile
718 2711 785 2738 erat
807 2718 857 2738 co-
903 2709 1059 2746 lirenlur]
1088 2708 1160 2738 Nec
1171 2708 1266 2739 fue-ile
1279 2708 1481 2747 reperiebant
1495 2711 1581 2749 quod

185 2757 255 2776 rum
275 2747 394 2777 vallum
411 2748 516 2778 moliri
533 2753 564 2779 et
581 2749 744 2781 divellere.
904 2750 935 2780 in
959 2751 1065 2781 locum
1088 2751 1209 2781 arboris
1232 2752 1373 2787 evulsae,
1396 2752 1436 2781 ad
1459 2753 1580 2783 obstru-

231 2798 243 2818 1
271 2791 356 2826 Duo,
372 2794 430 2820 aut
445 2801 601 2821 summum
619 2793 698 2830 tres]
726 2792 745 2823 i.
762 2803 788 2823 e.
809 2793 859 2823 Ad
904 2793 1020 2823 endam
1043 2793 1204 2831 ingentem
1222 2793 1306 2823 hanc
1329 2794 1394 2824 lato
1411 2804 1463 2825 ore
1480 2795 1581 2825 fenes-

186 2842 359 2862 summum.
377 2833 416 2863 cf.
428 2843 513 2874 supr.
522 2834 667 2872 xxxi.42.
679 2835 750 2866 infr.
762 2845 858 2866 xxxv.
904 2840 999 2871 tram,
1017 2840 1219 2874 reponerent.
1243 2836 1351 2867 (ἷκεν.

187 2882 238 2914 35,
949 2887 966 2916 3
1000 2880 1054 2908 Vel
1068 2880 1178 2916 trium,
1190 2883 1260 2913 aul,
1272 2889 1371 2918 quum
1381 2880 1577 2919 plurimum]

232 2926 247 2947 2
272 2919 342 2949 Nec
354 2919 389 2948 in
402 2923 555 2958 promptu
570 2924 653 2957 erac,
665 2921 750 2960 quod
760 2921 859 2951 obmo-
905 2922 950 2951 Et
966 2922 1064 2951 trium
1081 2920 1223 2960 reposuit
1239 2921 1381 2954 Bekker.
