<?xml version="1.0" encoding="UTF-8"?>
<!DOCTYPE html PUBLIC "-//W3C//DTD XHTML 1.0 Transitional//EN"
    "http://www.w3.org/TR/xhtml1/DTD/xhtml1-transitional.dtd">
<html xmlns="http://www.w3.org/1999/xhtml" xml:lang="en" lang="en">
 <head>
  <title>
</title>
<meta http-equiv="Content-Type" content="text/html;charset=utf-8" />
  <meta name='ocr-system' content='tesseract 3.04.00' />
  <meta name='ocr-capabilities' content='ocr_page ocr_carea ocr_par ocr_line ocrx_word'/>
</head>
<body>
  <div class='ocr_page' id='page_1' title='image "./historiarumli03livyuoft_0174.png"; bbox 0 0 1960 3218; ppageno 0'>
   <div class='ocr_carea' id='block_1_1' title="bbox 185 236 384 322">
    <p class='ocr_par' dir='ltr' id='par_1_1' title="bbox 185 236 384 322">
     <span class='ocr_line' id='line_1_1' title="bbox 187 236 383 277; baseline 0.005 -9"><span class='ocrx_word' id='word_1_1' title='bbox 187 237 232 269; x_wconf 91' lang='lat' dir='ltr'>U.</span> <span class='ocrx_word' id='word_1_2' title='bbox 249 236 288 268; x_wconf 86' lang='lat' dir='ltr'>C.</span> <span class='ocrx_word' id='word_1_3' title='bbox 311 244 383 277; x_wconf 83' lang='lat'>557.</span> 
     </span>
     <span class='ocr_line' id='line_1_2' title="bbox 185 280 384 322; baseline 0 -11"><span class='ocrx_word' id='word_1_4' title='bbox 185 280 226 312; x_wconf 88' lang='lat' dir='ltr'>A.</span> <span class='ocrx_word' id='word_1_5' title='bbox 251 281 290 311; x_wconf 88' lang='lat' dir='ltr'>C.</span> <span class='ocrx_word' id='word_1_6' title='bbox 315 287 384 322; x_wconf 82' lang='lat'>195.</span> 
     </span>
    </p>
   </div>
   <div class='ocr_carea' id='block_1_2' title="bbox 256 325 325 364">
    <p class='ocr_par' dir='ltr' id='par_1_2' title="bbox 256 325 325 364">
     <span class='ocr_line' id='line_1_3' title="bbox 256 325 325 364; baseline 0 0"><span class='ocrx_word' id='word_1_7' title='bbox 256 325 325 364; x_wconf 82' lang='lat'>42.</span> 
     </span>
    </p>
   </div>
   <div class='ocr_carea' id='block_1_3' title="bbox 190 696 343 728">
    <p class='ocr_par' dir='ltr' id='par_1_3' title="bbox 190 696 343 728">
     <span class='ocr_line' id='line_1_4' title="bbox 190 696 343 728; baseline -0.007 0"><span class='ocrx_word' id='word_1_8' title='bbox 190 696 343 728; x_wconf 83' lang='lat' dir='ltr'>Comitia.</span> 
     </span>
    </p>
   </div>
   <div class='ocr_carea' id='block_1_4' title="bbox 195 1337 397 1681">
    <p class='ocr_par' dir='ltr' id='par_1_4' title="bbox 258 1337 326 1375">
     <span class='ocr_line' id='line_1_5' title="bbox 258 1337 326 1375; baseline 0.015 -1"><span class='ocrx_word' id='word_1_9' title='bbox 258 1337 326 1375; x_wconf 67' lang='lat'>430</span> 
     </span>
    </p>

    <p class='ocr_par' dir='ltr' id='par_1_5' title="bbox 195 1391 397 1681">
     <span class='ocr_line' id='line_1_6' title="bbox 198 1391 392 1431; baseline 0 -8"><span class='ocrx_word' id='word_1_10' title='bbox 198 1392 242 1423; x_wconf 88' lang='lat' dir='ltr'>U.</span> <span class='ocrx_word' id='word_1_11' title='bbox 261 1392 298 1423; x_wconf 89' lang='lat' dir='ltr'>C.</span> <span class='ocrx_word' id='word_1_12' title='bbox 321 1391 392 1431; x_wconf 81' lang='lat'>558.</span> 
     </span>
     <span class='ocr_line' id='line_1_7' title="bbox 196 1436 393 1476; baseline -0.005 -9"><span class='ocrx_word' id='word_1_13' title='bbox 196 1436 236 1467; x_wconf 91' lang='lat' dir='ltr'>A.</span> <span class='ocrx_word' id='word_1_14' title='bbox 261 1436 299 1466; x_wconf 84' lang='lat' dir='ltr'>C.</span> <span class='ocrx_word' id='word_1_15' title='bbox 325 1445 393 1476; x_wconf 77' lang='lat'><strong>¹94·</strong></span> 
     </span>
     <span class='ocr_line' id='line_1_8' title="bbox 198 1478 369 1509; baseline 0 -1"><span class='ocrx_word' id='word_1_16' title='bbox 198 1478 236 1509; x_wconf 90' lang='lat' dir='ltr'>P.</span> <span class='ocrx_word' id='word_1_17' title='bbox 249 1478 369 1509; x_wconf 83' lang='lat' dir='ltr'>Corne-</span> 
     </span>
     <span class='ocr_line' id='line_1_9' title="bbox 195 1521 375 1551; baseline 0 0"><span class='ocrx_word' id='word_1_18' title='bbox 195 1521 240 1551; x_wconf 85' lang='lat' dir='ltr'>lio</span> <span class='ocrx_word' id='word_1_19' title='bbox 257 1521 306 1551; x_wconf 93' lang='lat' dir='ltr'>II.</span> <span class='ocrx_word' id='word_1_20' title='bbox 324 1521 375 1551; x_wconf 93' lang='lat' dir='ltr'>Ti.</span> 
     </span>
     <span class='ocr_line' id='line_1_10' title="bbox 195 1563 388 1603; baseline -0.005 -9"><span class='ocrx_word' id='word_1_21' title='bbox 195 1563 388 1603; x_wconf 86' lang='lat' dir='ltr'>Sempronio</span> 
     </span>
     <span class='ocr_line' id='line_1_11' title="bbox 197 1607 288 1637; baseline 0 0"><span class='ocrx_word' id='word_1_22' title='bbox 197 1607 288 1637; x_wconf 81' lang='lat' dir='ltr'>Coss.</span> 
     </span>
     <span class='ocr_line' id='line_1_12' title="bbox 195 1649 397 1681; baseline 0.005 -1"><span class='ocrx_word' id='word_1_23' title='bbox 195 1649 397 1681; x_wconf 78' lang='lat' dir='ltr'>Provinciae.</span> 
     </span>
    </p>
   </div>
   <div class='ocr_carea' id='block_1_5' title="bbox 397 139 1835 1965">
    <p class='ocr_par' dir='ltr' id='par_1_6' title="bbox 397 139 1278 182">
     <span class='ocr_line' id='line_1_13' title="bbox 397 139 1278 182; baseline 0 0"><span class='ocrx_word' id='word_1_24' title='bbox 397 143 476 182; x_wconf 72' lang='lat'>164</span> <span class='ocrx_word' id='word_1_25' title='bbox 909 139 1058 182; x_wconf 84' lang='lat' dir='ltr'>TITI</span> <span class='ocrx_word' id='word_1_26' title='bbox 1096 140 1278 182; x_wconf 87' lang='lat' dir='ltr'>LIVII</span> 
     </span>
    </p>

    <p class='ocr_par' dir='ltr' id='par_1_7' title="bbox 399 230 1803 982">
     <span class='ocr_line' id='line_1_14' title="bbox 457 230 1798 289; baseline -0.001 -16"><span class='ocrx_word' id='word_1_27' title='bbox 457 231 621 273; x_wconf 89' lang='lat' dir='ltr'>Eodem</span> <span class='ocrx_word' id='word_1_28' title='bbox 642 232 728 273; x_wconf 88' lang='lat' dir='ltr'>fere</span> <span class='ocrx_word' id='word_1_29' title='bbox 751 241 940 289; x_wconf 87' lang='lat' dir='ltr'>tempore</span> <span class='ocrx_word' id='word_1_30' title='bbox 961 240 1004 273; x_wconf 87' lang='lat' dir='ltr'>et</span> <span class='ocrx_word' id='word_1_31' title='bbox 1025 248 1049 273; x_wconf 84' lang='lat' dir='ltr'>a</span> <span class='ocrx_word' id='word_1_32' title='bbox 1070 232 1121 273; x_wconf 90' lang='lat' dir='ltr'>T.</span> <span class='ocrx_word' id='word_1_33' title='bbox 1145 232 1348 280; x_wconf 80' lang='lat' dir='ltr'>Quinctio</span> <span class='ocrx_word' id='word_1_34' title='bbox 1369 231 1422 273; x_wconf 87' lang='lat' dir='ltr'>de</span> <span class='ocrx_word' id='word_1_35' title='bbox 1443 232 1568 273; x_wconf 88' lang='lat' dir='ltr'>rebus</span> <span class='ocrx_word' id='word_1_36' title='bbox 1589 230 1642 272; x_wconf 86' lang='lat' dir='ltr'>ad</span> <span class='ocrx_word' id='word_1_37' title='bbox 1664 230 1798 272; x_wconf 86' lang='lat' dir='ltr'>Lace-</span> 
     </span>
     <span class='ocr_line' id='line_1_15' title="bbox 399 288 1799 346; baseline -0.001 -16"><span class='ocrx_word' id='word_1_38' title='bbox 399 289 649 331; x_wconf 82' lang='lat' dir='ltr'>daemonem</span> <span class='ocrx_word' id='word_1_39' title='bbox 680 290 819 346; x_wconf 72' lang='lat' dir='ltr'>gesfis,</span> <span class='ocrx_word' id='word_1_40' title='bbox 854 298 897 331; x_wconf 87' lang='lat' dir='ltr'>et</span> <span class='ocrx_word' id='word_1_41' title='bbox 932 291 983 331; x_wconf 90' lang='lat' dir='ltr'>ab</span> <span class='ocrx_word' id='word_1_42' title='bbox 1021 289 1083 331; x_wconf 89' lang='lat' dir='ltr'>M.</span> <span class='ocrx_word' id='word_1_43' title='bbox 1114 290 1266 331; x_wconf 91' lang='lat' dir='ltr'>Porcio</span> <span class='ocrx_word' id='word_1_44' title='bbox 1299 289 1469 331; x_wconf 84' lang='lat' dir='ltr'>consule</span> <span class='ocrx_word' id='word_1_45' title='bbox 1506 304 1559 330; x_wconf 83' lang='lat' dir='ltr'>ex</span> <span class='ocrx_word' id='word_1_46' title='bbox 1591 288 1799 345; x_wconf 78' lang='lat' dir='ltr'>Hispania</span> 
     </span>
     <span class='ocr_line' id='line_1_16' title="bbox 399 346 1799 404; baseline -0.001 -16"><span class='ocrx_word' id='word_1_47' title='bbox 399 347 544 389; x_wconf 88' lang='lat' dir='ltr'>literae</span> <span class='ocrx_word' id='word_1_48' title='bbox 566 347 726 389; x_wconf 89' lang='lat' dir='ltr'>allatae.</span> <span class='ocrx_word' id='word_1_49' title='bbox 791 348 1024 404; x_wconf 83' lang='lat' dir='ltr'><strong>Utriusque</strong></span> <span class='ocrx_word' id='word_1_50' title='bbox 1053 347 1225 388; x_wconf 87' lang='lat' dir='ltr'>nomine</span> <span class='ocrx_word' id='word_1_51' title='bbox 1248 348 1292 388; x_wconf 88' lang='lat' dir='ltr'>in</span> <span class='ocrx_word' id='word_1_52' title='bbox 1313 347 1402 388; x_wconf 89' lang='lat' dir='ltr'>dies</span> <span class='ocrx_word' id='word_1_53' title='bbox 1429 356 1568 388; x_wconf 89' lang='lat' dir='ltr'>ternos</span> <span class='ocrx_word' id='word_1_54' title='bbox 1590 346 1799 402; x_wconf 87' lang='lat' dir='ltr'>supplica-</span> 
     </span>
     <span class='ocr_line' id='line_1_17' title="bbox 401 405 1800 460; baseline -0.001 -14"><span class='ocrx_word' id='word_1_55' title='bbox 401 405 460 447; x_wconf 87' lang='lat' dir='ltr'>tio</span> <span class='ocrx_word' id='word_1_56' title='bbox 492 421 516 447; x_wconf 88' lang='lat' dir='ltr'>a</span> <span class='ocrx_word' id='word_1_57' title='bbox 546 414 694 447; x_wconf 88' lang='lat' dir='ltr'>senatu</span> <span class='ocrx_word' id='word_1_58' title='bbox 725 405 894 447; x_wconf 89' lang='lat' dir='ltr'>decreta</span> <span class='ocrx_word' id='word_1_59' title='bbox 925 415 998 446; x_wconf 87' lang='lat' dir='ltr'>est.</span> <span class='ocrx_word' id='word_1_60' title='bbox 1062 405 1111 446; x_wconf 90' lang='lat' dir='ltr'>L.</span> <span class='ocrx_word' id='word_1_61' title='bbox 1132 405 1327 446; x_wconf 85' lang='lat' dir='ltr'>Valerius</span> <span class='ocrx_word' id='word_1_62' title='bbox 1354 405 1512 454; x_wconf 84' lang='lat' dir='ltr'>consul,</span> <span class='ocrx_word' id='word_1_63' title='bbox 1543 419 1675 459; x_wconf 89' lang='lat' dir='ltr'>quum</span> <span class='ocrx_word' id='word_1_64' title='bbox 1705 412 1800 460; x_wconf 90' lang='lat' dir='ltr'>post</span> 
     </span>
     <span class='ocr_line' id='line_1_18' title="bbox 401 461 1800 519; baseline -0.001 -15"><span class='ocrx_word' id='word_1_65' title='bbox 401 463 514 505; x_wconf 83' lang='lat' dir='ltr'>fusos</span> <span class='ocrx_word' id='word_1_66' title='bbox 542 464 651 504; x_wconf 86' lang='lat' dir='ltr'>circa</span> <span class='ocrx_word' id='word_1_67' title='bbox 676 463 874 504; x_wconf 77' lang='lat' dir='ltr'>Litanam</span> <span class='ocrx_word' id='word_1_68' title='bbox 902 463 1047 504; x_wconf 87' lang='lat' dir='ltr'>silvam</span> <span class='ocrx_word' id='word_1_69' title='bbox 1078 463 1204 504; x_wconf 87' lang='lat' dir='ltr'>Boios</span> <span class='ocrx_word' id='word_1_70' title='bbox 1233 463 1419 519; x_wconf 81' lang='lat' dir='ltr'>quietam</span> <span class='ocrx_word' id='word_1_71' title='bbox 1446 462 1704 519; x_wconf 82' lang='lat' dir='ltr'>provinciam</span> <span class='ocrx_word' id='word_1_72' title='bbox 1726 461 1800 502; x_wconf 89' lang='lat' dir='ltr'>ha-</span> 
     </span>
     <span class='ocr_line' id='line_1_19' title="bbox 402 520 1801 570; baseline -0.001 -8"><span class='ocrx_word' id='word_1_73' title='bbox 402 521 572 569; x_wconf 87' lang='lat' dir='ltr'>buisset,</span> <span class='ocrx_word' id='word_1_74' title='bbox 602 521 869 563; x_wconf 83' lang='lat' dir='ltr'>comitiorum</span> <span class='ocrx_word' id='word_1_75' title='bbox 898 537 1021 562; x_wconf 85' lang='lat' dir='ltr'>causa</span> <span class='ocrx_word' id='word_1_76' title='bbox 1051 521 1233 562; x_wconf 84' lang='lat' dir='ltr'>Romam</span> <span class='ocrx_word' id='word_1_77' title='bbox 1263 520 1412 570; x_wconf 82' lang='lat' dir='ltr'>rediit3</span> <span class='ocrx_word' id='word_1_78' title='bbox 1446 530 1489 561; x_wconf 89' lang='lat' dir='ltr'>et</span> <span class='ocrx_word' id='word_1_79' title='bbox 1516 520 1672 561; x_wconf 85' lang='lat' dir='ltr'>creavit</span> <span class='ocrx_word' id='word_1_80' title='bbox 1699 534 1801 561; x_wconf 91' lang='lat' dir='ltr'>con-</span> 
     </span>
     <span class='ocr_line' id='line_1_20' title="bbox 402 576 1798 635; baseline -0.001 -15"><span class='ocrx_word' id='word_1_81' title='bbox 402 579 512 620; x_wconf 91' lang='lat' dir='ltr'>sules</span> <span class='ocrx_word' id='word_1_82' title='bbox 548 579 596 620; x_wconf 90' lang='lat' dir='ltr'>P.</span> <span class='ocrx_word' id='word_1_83' title='bbox 624 579 872 620; x_wconf 88' lang='lat' dir='ltr'>Cornelium</span> <span class='ocrx_word' id='word_1_84' title='bbox 913 579 1155 635; x_wconf 84' lang='lat' dir='ltr'>Scipionem</span> <span class='ocrx_word' id='word_1_85' title='bbox 1192 578 1442 619; x_wconf 84' lang='lat' dir='ltr'>Africanum</span> <span class='ocrx_word' id='word_1_86' title='bbox 1472 578 1625 618; x_wconf 89' lang='lat' dir='ltr'>iterum</span> <span class='ocrx_word' id='word_1_87' title='bbox 1656 586 1697 618; x_wconf 88' lang='lat' dir='ltr'>et</span> <span class='ocrx_word' id='word_1_88' title='bbox 1730 576 1798 618; x_wconf 88' lang='lat' dir='ltr'>Ti.</span> 
     </span>
     <span class='ocr_line' id='line_1_21' title="bbox 406 634 1801 693; baseline -0.002 -15"><span class='ocrx_word' id='word_1_89' title='bbox 406 637 703 693; x_wconf 84' lang='lat' dir='ltr'>Sempronium</span> <span class='ocrx_word' id='word_1_90' title='bbox 722 637 931 693; x_wconf 79' lang='lat' dir='ltr'>Longum.</span> <span class='ocrx_word' id='word_1_91' title='bbox 987 636 1152 678; x_wconf 87' lang='lat' dir='ltr'>Horum</span> <span class='ocrx_word' id='word_1_92' title='bbox 1175 644 1312 692; x_wconf 86' lang='lat' dir='ltr'>patres</span> <span class='ocrx_word' id='word_1_93' title='bbox 1334 636 1469 692; x_wconf 85' lang='lat' dir='ltr'>primo</span> <span class='ocrx_word' id='word_1_94' title='bbox 1492 651 1603 676; x_wconf 89' lang='lat' dir='ltr'>anno</span> <span class='ocrx_word' id='word_1_95' title='bbox 1626 634 1801 676; x_wconf 86' lang='lat' dir='ltr'>secundi</span> 
     </span>
     <span class='ocr_line' id='line_1_22' title="bbox 402 692 1802 736; baseline -0.002 0"><span class='ocrx_word' id='word_1_96' title='bbox 402 694 556 736; x_wconf 86' lang='lat' dir='ltr'>Punici</span> <span class='ocrx_word' id='word_1_97' title='bbox 577 695 677 736; x_wconf 89' lang='lat' dir='ltr'>belli</span> <span class='ocrx_word' id='word_1_98' title='bbox 705 695 896 736; x_wconf 90' lang='lat' dir='ltr'>consules</span> <span class='ocrx_word' id='word_1_99' title='bbox 923 695 1101 736; x_wconf 87' lang='lat' dir='ltr'>fuerant.</span> <span class='ocrx_word' id='word_1_100' title='bbox 1164 693 1381 735; x_wconf 87' lang='lat' dir='ltr'>Praetoria</span> <span class='ocrx_word' id='word_1_101' title='bbox 1408 693 1508 734; x_wconf 90' lang='lat' dir='ltr'>inde</span> <span class='ocrx_word' id='word_1_102' title='bbox 1534 693 1703 734; x_wconf 88' lang='lat' dir='ltr'>comitia</span> <span class='ocrx_word' id='word_1_103' title='bbox 1726 692 1802 733; x_wconf 90' lang='lat' dir='ltr'>ha-</span> 
     </span>
     <span class='ocr_line' id='line_1_23' title="bbox 402 750 1800 808; baseline -0.003 -14"><span class='ocrx_word' id='word_1_104' title='bbox 402 753 500 794; x_wconf 84' lang='lat' dir='ltr'>bita.</span> <span class='ocrx_word' id='word_1_105' title='bbox 573 752 718 794; x_wconf 87' lang='lat' dir='ltr'>Creati</span> <span class='ocrx_word' id='word_1_106' title='bbox 754 752 801 794; x_wconf 90' lang='lat' dir='ltr'>P.</span> <span class='ocrx_word' id='word_1_107' title='bbox 829 752 1055 802; x_wconf 84' lang='lat' dir='ltr'>Cornelius</span> <span class='ocrx_word' id='word_1_108' title='bbox 1093 752 1248 808; x_wconf 79' lang='lat' dir='ltr'>Scipio,</span> <span class='ocrx_word' id='word_1_109' title='bbox 1285 760 1328 793; x_wconf 91' lang='lat' dir='ltr'>et</span> <span class='ocrx_word' id='word_1_110' title='bbox 1363 751 1448 792; x_wconf 86' lang='lat' dir='ltr'>duo</span> <span class='ocrx_word' id='word_1_111' title='bbox 1488 751 1569 792; x_wconf 85' lang='lat' dir='ltr'>Cn.</span> <span class='ocrx_word' id='word_1_112' title='bbox 1597 750 1800 800; x_wconf 88' lang='lat' dir='ltr'>Cornelii,</span> 
     </span>
     <span class='ocr_line' id='line_1_24' title="bbox 405 807 1799 860; baseline -0.002 -8"><span class='ocrx_word' id='word_1_113' title='bbox 405 810 615 852; x_wconf 79' lang='lat' dir='ltr'>Merenda</span> <span class='ocrx_word' id='word_1_114' title='bbox 635 820 677 852; x_wconf 92' lang='lat' dir='ltr'>et</span> <span class='ocrx_word' id='word_1_115' title='bbox 700 810 853 860; x_wconf 79' lang='lat' dir='ltr'>Blasio,</span> <span class='ocrx_word' id='word_1_116' title='bbox 877 819 920 851; x_wconf 91' lang='lat' dir='ltr'>et</span> <span class='ocrx_word' id='word_1_117' title='bbox 945 810 1025 851; x_wconf 87' lang='lat' dir='ltr'>Cn.</span> <span class='ocrx_word' id='word_1_118' title='bbox 1046 809 1262 851; x_wconf 81' lang='lat' dir='ltr'>Domitius</span> <span class='ocrx_word' id='word_1_119' title='bbox 1291 809 1614 858; x_wconf 83' lang='lat' dir='ltr'>Ahenobarbus,</span> <span class='ocrx_word' id='word_1_120' title='bbox 1637 817 1679 850; x_wconf 90' lang='lat' dir='ltr'>et</span> <span class='ocrx_word' id='word_1_121' title='bbox 1703 807 1799 850; x_wconf 83' lang='lat' dir='ltr'>Sex.</span> 
     </span>
     <span class='ocr_line' id='line_1_25' title="bbox 404 866 1803 924; baseline -0.001 -15"><span class='ocrx_word' id='word_1_122' title='bbox 404 869 606 924; x_wconf 78' lang='lat' dir='ltr'>Digitius,</span> <span class='ocrx_word' id='word_1_123' title='bbox 630 876 673 909; x_wconf 87' lang='lat' dir='ltr'>et</span> <span class='ocrx_word' id='word_1_124' title='bbox 694 868 745 909; x_wconf 89' lang='lat' dir='ltr'>T.</span> <span class='ocrx_word' id='word_1_125' title='bbox 765 867 985 909; x_wconf 87' lang='lat' dir='ltr'>Iuventius</span> <span class='ocrx_word' id='word_1_126' title='bbox 1007 867 1186 909; x_wconf 84' lang='lat' dir='ltr'>Thalna.</span> <span class='ocrx_word' id='word_1_127' title='bbox 1253 866 1449 908; x_wconf 86' lang='lat' dir='ltr'>Comitiis</span> <span class='ocrx_word' id='word_1_128' title='bbox 1470 867 1679 923; x_wconf 86' lang='lat' dir='ltr'>perfectis,</span> <span class='ocrx_word' id='word_1_129' title='bbox 1702 881 1803 908; x_wconf 88' lang='lat' dir='ltr'>con-</span> 
     </span>
     <span class='ocr_line' id='line_1_26' title="bbox 403 926 971 982; baseline -0.004 -14"><span class='ocrx_word' id='word_1_130' title='bbox 403 926 468 968; x_wconf 89' lang='lat' dir='ltr'>sul</span> <span class='ocrx_word' id='word_1_131' title='bbox 489 927 533 967; x_wconf 90' lang='lat' dir='ltr'>in</span> <span class='ocrx_word' id='word_1_132' title='bbox 554 926 814 982; x_wconf 87' lang='lat' dir='ltr'>provinciam</span> <span class='ocrx_word' id='word_1_133' title='bbox 835 926 971 967; x_wconf 87' lang='lat' dir='ltr'>rediit.</span> 
     </span>
    </p>

    <p class='ocr_par' dir='ltr' id='par_1_8' title="bbox 405 982 1835 1315">
     <span class='ocr_line' id='line_1_27' title="bbox 463 982 1800 1033; baseline -0.001 -8"><span class='ocrx_word' id='word_1_134' title='bbox 463 983 636 1025; x_wconf 82' lang='lat' dir='ltr'>Novum</span> <span class='ocrx_word' id='word_1_135' title='bbox 654 984 718 1025; x_wconf 89' lang='lat' dir='ltr'>ius</span> <span class='ocrx_word' id='word_1_136' title='bbox 739 999 789 1025; x_wconf 89' lang='lat' dir='ltr'>eo</span> <span class='ocrx_word' id='word_1_137' title='bbox 806 999 917 1025; x_wconf 90' lang='lat' dir='ltr'>anno</span> <span class='ocrx_word' id='word_1_138' title='bbox 934 999 958 1025; x_wconf 85' lang='lat' dir='ltr'>a</span> <span class='ocrx_word' id='word_1_139' title='bbox 978 983 1319 1024; x_wconf 83' lang='lat' dir='ltr'>Ferentinatibus</span> <span class='ocrx_word' id='word_1_140' title='bbox 1336 991 1556 1033; x_wconf 85' lang='lat' dir='ltr'>tentatum,</span> <span class='ocrx_word' id='word_1_141' title='bbox 1574 990 1622 1024; x_wconf 90' lang='lat' dir='ltr'>ut</span> <span class='ocrx_word' id='word_1_142' title='bbox 1643 982 1800 1033; x_wconf 85' lang='lat' dir='ltr'>Latini,</span> 
     </span>
     <span class='ocr_line' id='line_1_28' title="bbox 405 1040 1834 1098; baseline -0.001 -15"><span class='ocrx_word' id='word_1_143' title='bbox 405 1042 475 1098; x_wconf 89' lang='lat' dir='ltr'>qui</span> <span class='ocrx_word' id='word_1_144' title='bbox 501 1042 545 1082; x_wconf 93' lang='lat' dir='ltr'>in</span> <span class='ocrx_word' id='word_1_145' title='bbox 562 1041 769 1084; x_wconf 88' lang='lat' dir='ltr'>coloniam</span> <span class='ocrx_word' id='word_1_146' title='bbox 792 1041 1031 1083; x_wconf 82' lang='lat' dir='ltr'>Romanam</span> <span class='ocrx_word' id='word_1_147' title='bbox 1047 1041 1219 1082; x_wconf 84' lang='lat' dir='ltr'>nomina</span> <span class='ocrx_word' id='word_1_148' title='bbox 1239 1040 1468 1090; x_wconf 84' lang='lat' dir='ltr'>dedissent,</span> <span class='ocrx_word' id='word_1_149' title='bbox 1486 1041 1597 1082; x_wconf 83' lang='lat' dir='ltr'>cives</span> <span class='ocrx_word' id='word_1_150' title='bbox 1619 1040 1802 1082; x_wconf 85' lang='lat' dir='ltr'>Romani</span> <span class='ocrx_word' id='word_1_151' title='bbox 1816 1057 1834 1077; x_wconf 87' lang='lat'>2</span> 
     </span>
     <span class='ocr_line' id='line_1_29' title="bbox 405 1098 1835 1155; baseline -0.001 -13"><span class='ocrx_word' id='word_1_152' title='bbox 405 1108 554 1142; x_wconf 88' lang='lat' dir='ltr'>essent.</span> <span class='ocrx_word' id='word_1_153' title='bbox 636 1099 850 1149; x_wconf 91' lang='lat' dir='ltr'>Puteolos,</span> <span class='ocrx_word' id='word_1_154' title='bbox 896 1099 1214 1155; x_wconf 78' lang='lat' dir='ltr'>Salernumque,</span> <span class='ocrx_word' id='word_1_155' title='bbox 1256 1108 1299 1139; x_wconf 92' lang='lat' dir='ltr'>et</span> <span class='ocrx_word' id='word_1_156' title='bbox 1348 1098 1594 1140; x_wconf 85' lang='lat' dir='ltr'>Buxentum</span> <span class='ocrx_word' id='word_1_157' title='bbox 1634 1098 1835 1154; x_wconf 86' lang='lat' dir='ltr'>ascripti3</span> 
     </span>
     <span class='ocr_line' id='line_1_30' title="bbox 405 1156 1804 1214; baseline -0.001 -15"><span class='ocrx_word' id='word_1_158' title='bbox 405 1157 556 1208; x_wconf 86' lang='lat' dir='ltr'>coloni,</span> <span class='ocrx_word' id='word_1_159' title='bbox 586 1158 660 1214; x_wconf 89' lang='lat' dir='ltr'>qui</span> <span class='ocrx_word' id='word_1_160' title='bbox 690 1157 863 1198; x_wconf 88' lang='lat' dir='ltr'>nomina</span> <span class='ocrx_word' id='word_1_161' title='bbox 892 1157 1109 1207; x_wconf 87' lang='lat' dir='ltr'>dederant,</span> <span class='ocrx_word' id='word_1_162' title='bbox 1140 1172 1271 1212; x_wconf 91' lang='lat' dir='ltr'>quum</span> <span class='ocrx_word' id='word_1_163' title='bbox 1303 1157 1356 1198; x_wconf 92' lang='lat' dir='ltr'>ob</span> <span class='ocrx_word' id='word_1_164' title='bbox 1389 1156 1433 1197; x_wconf 90' lang='lat' dir='ltr'>id</span> <span class='ocrx_word' id='word_1_165' title='bbox 1462 1173 1505 1198; x_wconf 91' lang='lat' dir='ltr'>se</span> <span class='ocrx_word' id='word_1_166' title='bbox 1537 1172 1613 1213; x_wconf 91' lang='lat' dir='ltr'>pro</span> <span class='ocrx_word' id='word_1_167' title='bbox 1643 1156 1804 1197; x_wconf 85' lang='lat' dir='ltr'>civibus</span> 
     </span>
     <span class='ocr_line' id='line_1_31' title="bbox 407 1214 1804 1265; baseline -0.001 -8"><span class='ocrx_word' id='word_1_168' title='bbox 407 1216 612 1257; x_wconf 82' lang='lat' dir='ltr'>Romanis</span> <span class='ocrx_word' id='word_1_169' title='bbox 652 1216 821 1265; x_wconf 87' lang='lat' dir='ltr'>ferrent,</span> <span class='ocrx_word' id='word_1_170' title='bbox 864 1223 1033 1257; x_wconf 89' lang='lat' dir='ltr'>senatus</span> <span class='ocrx_word' id='word_1_171' title='bbox 1073 1214 1287 1264; x_wconf 84' lang='lat' dir='ltr'>iudicavit,</span> <span class='ocrx_word' id='word_1_172' title='bbox 1329 1230 1415 1256; x_wconf 91' lang='lat' dir='ltr'>non</span> <span class='ocrx_word' id='word_1_173' title='bbox 1456 1229 1544 1256; x_wconf 89' lang='lat' dir='ltr'>esse</span> <span class='ocrx_word' id='word_1_174' title='bbox 1586 1229 1656 1256; x_wconf 89' lang='lat' dir='ltr'>eos</span> <span class='ocrx_word' id='word_1_175' title='bbox 1692 1214 1804 1256; x_wconf 86' lang='lat' dir='ltr'>cives</span> 
     </span>
     <span class='ocr_line' id='line_1_32' title="bbox 409 1273 636 1315; baseline 0.004 -1"><span class='ocrx_word' id='word_1_176' title='bbox 409 1273 636 1315; x_wconf 86' lang='lat' dir='ltr'>Romanos.</span> 
     </span>
    </p>

    <p class='ocr_par' dir='ltr' id='par_1_9' title="bbox 407 1329 1808 1965">
     <span class='ocr_line' id='line_1_33' title="bbox 464 1329 1801 1388; baseline -0.001 -16"><span class='ocrx_word' id='word_1_177' title='bbox 464 1331 681 1387; x_wconf 88' lang='lat' dir='ltr'>Principio</span> <span class='ocrx_word' id='word_1_178' title='bbox 715 1332 828 1381; x_wconf 86' lang='lat' dir='ltr'>anni,</span> <span class='ocrx_word' id='word_1_179' title='bbox 861 1347 946 1388; x_wconf 90' lang='lat' dir='ltr'>quo</span> <span class='ocrx_word' id='word_1_180' title='bbox 977 1331 1025 1372; x_wconf 87' lang='lat' dir='ltr'>P.</span> <span class='ocrx_word' id='word_1_181' title='bbox 1049 1330 1188 1387; x_wconf 83' lang='lat' dir='ltr'>Scipio</span> <span class='ocrx_word' id='word_1_182' title='bbox 1221 1330 1446 1372; x_wconf 85' lang='lat' dir='ltr'>Africanus</span> <span class='ocrx_word' id='word_1_183' title='bbox 1476 1331 1629 1372; x_wconf 90' lang='lat' dir='ltr'>iterum</span> <span class='ocrx_word' id='word_1_184' title='bbox 1661 1338 1703 1371; x_wconf 93' lang='lat' dir='ltr'>et</span> <span class='ocrx_word' id='word_1_185' title='bbox 1734 1329 1801 1371; x_wconf 88' lang='lat' dir='ltr'>Ti.</span> 
     </span>
     <span class='ocr_line' id='line_1_34' title="bbox 410 1387 1805 1446; baseline -0.002 -15"><span class='ocrx_word' id='word_1_186' title='bbox 410 1388 682 1445; x_wconf 77' lang='lat' dir='ltr'>Sempronius</span> <span class='ocrx_word' id='word_1_187' title='bbox 714 1389 888 1446; x_wconf 81' lang='lat' dir='ltr'>Longus</span> <span class='ocrx_word' id='word_1_188' title='bbox 919 1388 1110 1430; x_wconf 88' lang='lat' dir='ltr'>consules</span> <span class='ocrx_word' id='word_1_189' title='bbox 1144 1388 1327 1438; x_wconf 87' lang='lat' dir='ltr'>fuerunt,</span> <span class='ocrx_word' id='word_1_190' title='bbox 1360 1388 1487 1444; x_wconf 81' lang='lat' dir='ltr'>legati</span> <span class='ocrx_word' id='word_1_191' title='bbox 1524 1387 1704 1429; x_wconf 87' lang='lat' dir='ltr'>Nabidis</span> <span class='ocrx_word' id='word_1_192' title='bbox 1739 1396 1805 1443; x_wconf 84' lang='lat' dir='ltr'>ty-</span> 
     </span>
     <span class='ocr_line' id='line_1_35' title="bbox 407 1445 1805 1502; baseline -0.001 -14"><span class='ocrx_word' id='word_1_193' title='bbox 407 1448 529 1488; x_wconf 81' lang='lat' dir='ltr'>ranni</span> <span class='ocrx_word' id='word_1_194' title='bbox 553 1447 734 1488; x_wconf 83' lang='lat' dir='ltr'>Romam</span> <span class='ocrx_word' id='word_1_195' title='bbox 761 1456 980 1489; x_wconf 82' lang='lat' dir='ltr'>venerunt.</span> <span class='ocrx_word' id='word_1_196' title='bbox 1044 1446 1102 1487; x_wconf 90' lang='lat' dir='ltr'>Iis</span> <span class='ocrx_word' id='word_1_197' title='bbox 1130 1454 1250 1487; x_wconf 86' lang='lat' dir='ltr'>extra</span> <span class='ocrx_word' id='word_1_198' title='bbox 1270 1447 1416 1487; x_wconf 84' lang='lat' dir='ltr'>urbem</span> <span class='ocrx_word' id='word_1_199' title='bbox 1447 1446 1491 1486; x_wconf 89' lang='lat' dir='ltr'>in</span> <span class='ocrx_word' id='word_1_200' title='bbox 1513 1445 1616 1487; x_wconf 88' lang='lat' dir='ltr'>aede</span> <span class='ocrx_word' id='word_1_201' title='bbox 1639 1445 1805 1502; x_wconf 87' lang='lat' dir='ltr'>Apolli-</span> 
     </span>
     <span class='ocr_line' id='line_1_36' title="bbox 407 1503 1806 1559; baseline -0.001 -13"><span class='ocrx_word' id='word_1_202' title='bbox 407 1505 473 1546; x_wconf 90' lang='lat' dir='ltr'>nis</span> <span class='ocrx_word' id='word_1_203' title='bbox 494 1514 662 1546; x_wconf 87' lang='lat' dir='ltr'>senatus</span> <span class='ocrx_word' id='word_1_204' title='bbox 691 1505 814 1546; x_wconf 88' lang='lat' dir='ltr'>datus</span> <span class='ocrx_word' id='word_1_205' title='bbox 835 1513 909 1546; x_wconf 86' lang='lat' dir='ltr'>est.</span> <span class='ocrx_word' id='word_1_206' title='bbox 972 1504 1076 1554; x_wconf 81' lang='lat' dir='ltr'>Pax,</span> <span class='ocrx_word' id='word_1_207' title='bbox 1100 1519 1208 1559; x_wconf 86' lang='lat' dir='ltr'>quae</span> <span class='ocrx_word' id='word_1_208' title='bbox 1234 1519 1329 1545; x_wconf 89' lang='lat' dir='ltr'>cum</span> <span class='ocrx_word' id='word_1_209' title='bbox 1353 1504 1403 1545; x_wconf 92' lang='lat' dir='ltr'>T.</span> <span class='ocrx_word' id='word_1_210' title='bbox 1427 1503 1630 1552; x_wconf 76' lang='lat' dir='ltr'>Quinctio</span> <span class='ocrx_word' id='word_1_211' title='bbox 1653 1518 1806 1545; x_wconf 87' lang='lat' dir='ltr'>conve-</span> 
     </span>
     <span class='ocr_line' id='line_1_37' title="bbox 408 1560 1805 1618; baseline -0.001 -14"><span class='ocrx_word' id='word_1_212' title='bbox 408 1563 550 1612; x_wconf 89' lang='lat' dir='ltr'>nisset,</span> <span class='ocrx_word' id='word_1_213' title='bbox 592 1572 640 1604; x_wconf 86' lang='lat' dir='ltr'>ut</span> <span class='ocrx_word' id='word_1_214' title='bbox 678 1572 767 1604; x_wconf 83' lang='lat' dir='ltr'>rata</span> <span class='ocrx_word' id='word_1_215' title='bbox 807 1571 927 1612; x_wconf 87' lang='lat' dir='ltr'>esset,</span> <span class='ocrx_word' id='word_1_216' title='bbox 969 1562 1196 1618; x_wconf 86' lang='lat' dir='ltr'>petierunt,</span> <span class='ocrx_word' id='word_1_217' title='bbox 1237 1561 1666 1617; x_wconf 83' lang='lat' dir='ltr'>impetraveruntque.</span> <span class='ocrx_word' id='word_1_218' title='bbox 1736 1560 1805 1602; x_wconf 90' lang='lat' dir='ltr'>De</span> 
     </span>
     <span class='ocr_line' id='line_1_38' title="bbox 407 1618 1806 1678; baseline -0.001 -16"><span class='ocrx_word' id='word_1_219' title='bbox 407 1621 632 1678; x_wconf 88' lang='lat' dir='ltr'>provinciis</span> <span class='ocrx_word' id='word_1_220' title='bbox 668 1636 799 1676; x_wconf 85' lang='lat' dir='ltr'>quum</span> <span class='ocrx_word' id='word_1_221' title='bbox 835 1620 1013 1661; x_wconf 87' lang='lat' dir='ltr'>relatum</span> <span class='ocrx_word' id='word_1_222' title='bbox 1049 1627 1169 1669; x_wconf 86' lang='lat' dir='ltr'>esset,</span> <span class='ocrx_word' id='word_1_223' title='bbox 1202 1628 1370 1660; x_wconf 85' lang='lat' dir='ltr'>senatus</span> <span class='ocrx_word' id='word_1_224' title='bbox 1405 1619 1603 1675; x_wconf 85' lang='lat' dir='ltr'>frequens</span> <span class='ocrx_word' id='word_1_225' title='bbox 1636 1618 1681 1659; x_wconf 90' lang='lat' dir='ltr'>in</span> <span class='ocrx_word' id='word_1_226' title='bbox 1714 1633 1806 1660; x_wconf 91' lang='lat' dir='ltr'>eam</span> 
     </span>
     <span class='ocr_line' id='line_1_39' title="bbox 408 1676 1808 1734; baseline -0.001 -14"><span class='ocrx_word' id='word_1_227' title='bbox 408 1679 661 1720; x_wconf 87' lang='lat' dir='ltr'>sententiam</span> <span class='ocrx_word' id='word_1_228' title='bbox 693 1680 791 1728; x_wconf 85' lang='lat' dir='ltr'>ibat,</span> <span class='ocrx_word' id='word_1_229' title='bbox 824 1686 884 1728; x_wconf 86' lang='lat' dir='ltr'>ut,</span> <span class='ocrx_word' id='word_1_230' title='bbox 919 1678 1119 1734; x_wconf 87' lang='lat' dir='ltr'>quoniam</span> <span class='ocrx_word' id='word_1_231' title='bbox 1155 1678 1199 1717; x_wconf 90' lang='lat' dir='ltr'>in</span> <span class='ocrx_word' id='word_1_232' title='bbox 1238 1676 1446 1732; x_wconf 86' lang='lat' dir='ltr'>Hispania</span> <span class='ocrx_word' id='word_1_233' title='bbox 1476 1686 1519 1718; x_wconf 90' lang='lat' dir='ltr'>et</span> <span class='ocrx_word' id='word_1_234' title='bbox 1551 1676 1808 1718; x_wconf 85' lang='lat' dir='ltr'>Macedonia</span> 
     </span>
     <span class='ocr_line' id='line_1_40' title="bbox 408 1734 1804 1790; baseline -0.001 -13"><span class='ocrx_word' id='word_1_235' title='bbox 408 1737 664 1778; x_wconf 86' lang='lat' dir='ltr'>debellatum</span> <span class='ocrx_word' id='word_1_236' title='bbox 685 1737 805 1786; x_wconf 88' lang='lat' dir='ltr'>foret,</span> <span class='ocrx_word' id='word_1_237' title='bbox 828 1736 1069 1777; x_wconf 85' lang='lat' dir='ltr'>consulibus</span> <span class='ocrx_word' id='word_1_238' title='bbox 1090 1735 1292 1776; x_wconf 86' lang='lat' dir='ltr'>ambobus</span> <span class='ocrx_word' id='word_1_239' title='bbox 1314 1734 1436 1775; x_wconf 85' lang='lat' dir='ltr'>Italia</span> <span class='ocrx_word' id='word_1_240' title='bbox 1451 1734 1666 1790; x_wconf 85' lang='lat' dir='ltr'>provincia</span> <span class='ocrx_word' id='word_1_241' title='bbox 1682 1743 1804 1776; x_wconf 82' lang='lat' dir='ltr'>esset.</span> 
     </span>
     <span class='ocr_line' id='line_1_41' title="bbox 412 1792 1807 1850; baseline -0.002 -15"><span class='ocrx_word' id='word_1_242' title='bbox 412 1794 566 1850; x_wconf 83' lang='lat' dir='ltr'>Scipio,</span> <span class='ocrx_word' id='word_1_243' title='bbox 587 1794 708 1835; x_wconf 80' lang='lat' dir='ltr'>‘satis</span> <span class='ocrx_word' id='word_1_244' title='bbox 726 1810 813 1835; x_wconf 87' lang='lat' dir='ltr'>csse</span> <span class='ocrx_word' id='word_1_245' title='bbox 836 1793 981 1834; x_wconf 86' lang='lat' dir='ltr'>Italiae</span> <span class='ocrx_word' id='word_1_246' title='bbox 1000 1808 1132 1834; x_wconf 86' lang='lat' dir='ltr'>unum</span> <span class='ocrx_word' id='word_1_247' title='bbox 1155 1792 1398 1841; x_wconf 70' lang='lat' dir='ltr'>consulem,&#39;</span> <span class='ocrx_word' id='word_1_248' title='bbox 1414 1792 1628 1833; x_wconf 88' lang='lat' dir='ltr'>censebat:</span> <span class='ocrx_word' id='word_1_249' title='bbox 1664 1792 1807 1833; x_wconf 82' lang='lat' dir='ltr'>‘alteri</span> 
     </span>
     <span class='ocr_line' id='line_1_42' title="bbox 412 1849 1807 1905; baseline -0.001 -13"><span class='ocrx_word' id='word_1_250' title='bbox 412 1851 749 1893; x_wconf 83' lang='lat' dir='ltr'>‘decernendam</span> <span class='ocrx_word' id='word_1_251' title='bbox 779 1851 1077 1892; x_wconf 85' lang='lat' dir='ltr'>Macedoniam</span> <span class='ocrx_word' id='word_1_252' title='bbox 1110 1865 1210 1891; x_wconf 87' lang='lat' dir='ltr'>esse.</span> <span class='ocrx_word' id='word_1_253' title='bbox 1274 1849 1443 1890; x_wconf 91' lang='lat' dir='ltr'>Bellum</span> <span class='ocrx_word' id='word_1_254' title='bbox 1473 1865 1597 1905; x_wconf 82' lang='lat' dir='ltr'>grave</span> <span class='ocrx_word' id='word_1_255' title='bbox 1629 1850 1681 1891; x_wconf 86' lang='lat' dir='ltr'>ab</span> <span class='ocrx_word' id='word_1_256' title='bbox 1713 1849 1807 1890; x_wconf 93' lang='lat' dir='ltr'>An-</span> 
     </span>
     <span class='ocr_line' id='line_1_43' title="bbox 413 1907 1806 1965; baseline -0.001 -15"><span class='ocrx_word' id='word_1_257' title='bbox 413 1909 576 1951; x_wconf 91' lang='lat' dir='ltr'>‘tiocho</span> <span class='ocrx_word' id='word_1_258' title='bbox 616 1909 860 1951; x_wconf 85' lang='lat' dir='ltr'>imminere:</span> <span class='ocrx_word' id='word_1_259' title='bbox 904 1909 987 1950; x_wconf 86' lang='lat' dir='ltr'>iam</span> <span class='ocrx_word' id='word_1_260' title='bbox 1027 1908 1164 1965; x_wconf 88' lang='lat' dir='ltr'>ipsum</span> <span class='ocrx_word' id='word_1_261' title='bbox 1206 1922 1280 1949; x_wconf 86' lang='lat' dir='ltr'>sua</span> <span class='ocrx_word' id='word_1_262' title='bbox 1315 1915 1463 1964; x_wconf 88' lang='lat' dir='ltr'>sponte</span> <span class='ocrx_word' id='word_1_263' title='bbox 1504 1907 1549 1948; x_wconf 90' lang='lat' dir='ltr'>in</span> <span class='ocrx_word' id='word_1_264' title='bbox 1592 1907 1806 1963; x_wconf 85' lang='lat' dir='ltr'>Europam</span> 
     </span>
    </p>
   </div>
   <div class='ocr_carea' id='block_1_6' title="bbox 411 2056 1090 2948">
    <p class='ocr_par' dir='ltr' id='par_1_10' title="bbox 411 2056 1090 2684">
     <span class='ocr_line' id='line_1_44' title="bbox 457 2056 1085 2094; baseline -0.003 -7"><span class='ocrx_word' id='word_1_265' title='bbox 457 2065 472 2087; x_wconf 81' lang='lat'><strong>2</strong></span> <span class='ocrx_word' id='word_1_266' title='bbox 498 2058 561 2094; x_wconf 71' lang='lat' dir='ltr'>Qui</span> <span class='ocrx_word' id='word_1_267' title='bbox 583 2058 622 2088; x_wconf 81' lang='lat' dir='ltr'>z‘n</span> <span class='ocrx_word' id='word_1_268' title='bbox 643 2057 795 2087; x_wconf 78' lang='lat' dir='ltr'>coloniam</span> <span class='ocrx_word' id='word_1_269' title='bbox 817 2056 1012 2093; x_wconf 72' lang='lat' dir='ltr'>Romrmmn]</span> <span class='ocrx_word' id='word_1_270' title='bbox 1043 2066 1085 2086; x_wconf 87' lang='grc'>50.</span> 
     </span>
     <span class='ocr_line' id='line_1_45' title="bbox 413 2099 1086 2130; baseline -0.003 0"><span class='ocrx_word' id='word_1_271' title='bbox 413 2100 623 2130; x_wconf 81' lang='lat' dir='ltr'>Ferentinum</span> <span class='ocrx_word' id='word_1_272' title='bbox 640 2100 825 2130; x_wconf 84' lang='lat' dir='ltr'>deductam.</span> <span class='ocrx_word' id='word_1_273' title='bbox 859 2099 981 2130; x_wconf 87' lang='lat' dir='ltr'>Verum</span> <span class='ocrx_word' id='word_1_274' title='bbox 999 2099 1086 2129; x_wconf 84' lang='lat' dir='ltr'>haud</span> 
     </span>
     <span class='ocr_line' id='line_1_46' title="bbox 412 2141 1086 2182; baseline -0.003 -9"><span class='ocrx_word' id='word_1_275' title='bbox 412 2143 510 2173; x_wconf 85' lang='lat' dir='ltr'>dubie</span> <span class='ocrx_word' id='word_1_276' title='bbox 532 2154 550 2173; x_wconf 89' lang='lat' dir='ltr'>e</span> <span class='ocrx_word' id='word_1_277' title='bbox 573 2142 740 2182; x_wconf 82' lang='lat' dir='ltr'>republica</span> <span class='ocrx_word' id='word_1_278' title='bbox 763 2145 843 2179; x_wconf 72' lang='lat' dir='ltr'>erat,</span> <span class='ocrx_word' id='word_1_279' title='bbox 863 2146 899 2172; x_wconf 89' lang='lat' dir='ltr'>ut</span> <span class='ocrx_word' id='word_1_280' title='bbox 923 2141 1030 2172; x_wconf 81' lang='lat' dir='ltr'>Latini</span> <span class='ocrx_word' id='word_1_281' title='bbox 1054 2141 1086 2171; x_wconf 90' lang='lat' dir='ltr'>in</span> 
     </span>
     <span class='ocr_line' id='line_1_47' title="bbox 411 2183 1088 2225; baseline -0.003 -10"><span class='ocrx_word' id='word_1_282' title='bbox 411 2196 512 2216; x_wconf 89' lang='lat' dir='ltr'>unum</span> <span class='ocrx_word' id='word_1_283' title='bbox 542 2196 658 2225; x_wconf 88' lang='lat' dir='ltr'>corpus</span> <span class='ocrx_word' id='word_1_284' title='bbox 685 2195 759 2215; x_wconf 87' lang='lat' dir='ltr'>cum</span> <span class='ocrx_word' id='word_1_285' title='bbox 784 2184 942 2216; x_wconf 85' lang='lat' dir='ltr'>Romanis</span> <span class='ocrx_word' id='word_1_286' title='bbox 965 2183 1088 2214; x_wconf 76' lang='lat' dir='ltr'>civibus</span> 
     </span>
     <span class='ocr_line' id='line_1_48' title="bbox 413 2227 1087 2267; baseline -0.003 -9"><span class='ocrx_word' id='word_1_287' title='bbox 413 2229 642 2265; x_wconf 83' lang='lat' dir='ltr'>coalescerent,</span> <span class='ocrx_word' id='word_1_288' title='bbox 666 2228 773 2267; x_wconf 85' lang='lat' dir='ltr'>potius</span> <span class='ocrx_word' id='word_1_289' title='bbox 796 2238 892 2267; x_wconf 85' lang='lat' dir='ltr'>quam</span> <span class='ocrx_word' id='word_1_290' title='bbox 916 2230 952 2257; x_wconf 85' lang='lat' dir='ltr'>ut</span> <span class='ocrx_word' id='word_1_291' title='bbox 975 2227 1087 2257; x_wconf 85' lang='lat' dir='ltr'>civitas</span> 
     </span>
     <span class='ocr_line' id='line_1_49' title="bbox 415 2269 1086 2309; baseline -0.004 -8"><span class='ocrx_word' id='word_1_292' title='bbox 415 2272 566 2301; x_wconf 83' lang='lat' dir='ltr'>Romana</span> <span class='ocrx_word' id='word_1_293' title='bbox 582 2270 737 2301; x_wconf 87' lang='lat' dir='ltr'>libertinis</span> <span class='ocrx_word' id='word_1_294' title='bbox 754 2270 920 2309; x_wconf 84' lang='lat' dir='ltr'>impertita</span> <span class='ocrx_word' id='word_1_295' title='bbox 935 2269 1039 2300; x_wconf 83' lang='lat' dir='ltr'>indies</span> <span class='ocrx_word' id='word_1_296' title='bbox 1054 2270 1086 2299; x_wconf 88' lang='lat' dir='ltr'>in</span> 
     </span>
     <span class='ocr_line' id='line_1_50' title="bbox 413 2311 1086 2352; baseline -0.003 -9"><span class='ocrx_word' id='word_1_297' title='bbox 413 2314 519 2344; x_wconf 82' lang='lat' dir='ltr'>mains</span> <span class='ocrx_word' id='word_1_298' title='bbox 547 2313 732 2350; x_wconf 80' lang='lat' dir='ltr'>vitiaretnr3</span> <span class='ocrx_word' id='word_1_299' title='bbox 763 2317 795 2343; x_wconf 81' lang='lat' dir='ltr'>ct</span> <span class='ocrx_word' id='word_1_300' title='bbox 824 2322 924 2352; x_wconf 85' lang='lat' dir='ltr'>quum</span> <span class='ocrx_word' id='word_1_301' title='bbox 954 2311 1086 2342; x_wconf 71' lang='lat' dir='ltr'>Carvilii</span> 
     </span>
     <span class='ocr_line' id='line_1_51' title="bbox 414 2354 1086 2396; baseline -0.003 -10"><span class='ocrx_word' id='word_1_302' title='bbox 414 2367 505 2387; x_wconf 82' lang='grc'>1110115</span> <span class='ocrx_word' id='word_1_303' title='bbox 526 2366 678 2396; x_wconf 80' lang='lat' dir='ltr'>praesaga</span> <span class='ocrx_word' id='word_1_304' title='bbox 697 2366 782 2395; x_wconf 85' lang='lat' dir='ltr'>supr.</span> <span class='ocrx_word' id='word_1_305' title='bbox 803 2355 893 2385; x_wconf 80' lang='lat' dir='ltr'>xxiii.</span> <span class='ocrx_word' id='word_1_306' title='bbox 917 2365 965 2386; x_wconf 74' lang='lat'>22.</span> <span class='ocrx_word' id='word_1_307' title='bbox 982 2354 1086 2394; x_wconf 86' lang='lat' dir='ltr'>reipu-</span> 
     </span>
     <span class='ocr_line' id='line_1_52' title="bbox 414 2398 1089 2430; baseline 0 -3"><span class='ocrx_word' id='word_1_308' title='bbox 414 2399 518 2429; x_wconf 85' lang='lat' dir='ltr'>blicae</span> <span class='ocrx_word' id='word_1_309' title='bbox 534 2399 777 2430; x_wconf 81' lang='lat' dir='ltr'>necessitatibus</span> <span class='ocrx_word' id='word_1_310' title='bbox 793 2398 961 2429; x_wconf 81' lang='lat' dir='ltr'>subvenire</span> <span class='ocrx_word' id='word_1_311' title='bbox 975 2401 1089 2427; x_wconf 82' lang='lat' dir='ltr'>conata</span> 
     </span>
     <span class='ocr_line' id='line_1_53' title="bbox 415 2440 1089 2481; baseline -0.003 -10"><span class='ocrx_word' id='word_1_312' title='bbox 415 2442 637 2481; x_wconf 80' lang='lat' dir='ltr'>est,‹›ptimam</span> <span class='ocrx_word' id='word_1_313' title='bbox 648 2442 709 2471; x_wconf 89' lang='lat' dir='ltr'>hoc</span> <span class='ocrx_word' id='word_1_314' title='bbox 717 2441 885 2471; x_wconf 86' lang='lat' dir='ltr'>eonsilium</span> <span class='ocrx_word' id='word_1_315' title='bbox 895 2440 1089 2480; x_wconf 85' lang='lat' dir='ltr'>expediendi</span> 
     </span>
     <span class='ocr_line' id='line_1_54' title="bbox 415 2483 1088 2523; baseline 0 -10"><span class='ocrx_word' id='word_1_316' title='bbox 415 2484 571 2514; x_wconf 81' lang='lat' dir='ltr'>rationem</span> <span class='ocrx_word' id='word_1_317' title='bbox 588 2483 722 2518; x_wconf 79' lang='lat' dir='ltr'>invenit,</span> <span class='ocrx_word' id='word_1_318' title='bbox 733 2494 816 2523; x_wconf 83' lang='lat' dir='ltr'>quae</span> <span class='ocrx_word' id='word_1_319' title='bbox 833 2484 857 2513; x_wconf 91' lang='lat' dir='ltr'>si</span> <span class='ocrx_word' id='word_1_320' title='bbox 874 2484 970 2513; x_wconf 87' lang='lat' dir='ltr'>modo</span> <span class='ocrx_word' id='word_1_321' title='bbox 987 2494 1006 2513; x_wconf 78' lang='lat' dir='ltr'>a</span> <span class='ocrx_word' id='word_1_322' title='bbox 1024 2483 1088 2513; x_wconf 75' lang='lat' dir='ltr'>Ro-</span> 
     </span>
     <span class='ocr_line' id='line_1_55' title="bbox 414 2525 1088 2565; baseline -0.001 -9"><span class='ocrx_word' id='word_1_323' title='bbox 414 2526 518 2556; x_wconf 77' lang='lat' dir='ltr'>manis</span> <span class='ocrx_word' id='word_1_324' title='bbox 553 2526 668 2556; x_wconf 84' lang='lat' dir='ltr'>animis</span> <span class='ocrx_word' id='word_1_325' title='bbox 704 2526 815 2565; x_wconf 64' lang='lat' dir='ltr'>aequis</span> <span class='ocrx_word' id='word_1_326' title='bbox 850 2530 985 2565; x_wconf 79' lang='lat' dir='ltr'>accepta</span> <span class='ocrx_word' id='word_1_327' title='bbox 1014 2525 1088 2555; x_wconf 85' lang='lat' dir='ltr'>fnis-</span> 
     </span>
     <span class='ocr_line' id='line_1_56' title="bbox 415 2569 1090 2607; baseline 0.001 -10"><span class='ocrx_word' id='word_1_328' title='bbox 415 2574 473 2604; x_wconf 73' lang='lat' dir='ltr'>set,</span> <span class='ocrx_word' id='word_1_329' title='bbox 497 2569 582 2599; x_wconf 85' lang='lat' dir='ltr'>haud</span> <span class='ocrx_word' id='word_1_330' title='bbox 609 2569 673 2598; x_wconf 83' lang='lat' dir='ltr'>scio</span> <span class='ocrx_word' id='word_1_331' title='bbox 700 2579 741 2598; x_wconf 87' lang='lat' dir='ltr'>an</span> <span class='ocrx_word' id='word_1_332' title='bbox 769 2569 966 2607; x_wconf 77' lang='lat' dir='ltr'>reipublicae</span> <span class='ocrx_word' id='word_1_333' title='bbox 991 2578 1090 2598; x_wconf 76' lang='lat' dir='ltr'>novas</span> 
     </span>
     <span class='ocr_line' id='line_1_57' title="bbox 415 2611 1089 2650; baseline -0.001 -9"><span class='ocrx_word' id='word_1_334' title='bbox 415 2611 496 2641; x_wconf 71' lang='lat' dir='ltr'>vires</span> <span class='ocrx_word' id='word_1_335' title='bbox 506 2614 538 2641; x_wconf 85' lang='lat' dir='ltr'>et</span> <span class='ocrx_word' id='word_1_336' title='bbox 548 2614 713 2641; x_wconf 81' lang='lat' dir='ltr'>aeternum</span> <span class='ocrx_word' id='word_1_337' title='bbox 727 2611 961 2641; x_wconf 82' lang='lat' dir='ltr'>incrementum</span> <span class='ocrx_word' id='word_1_338' title='bbox 974 2620 1089 2650; x_wconf 81' lang='lat' dir='ltr'>suppe-</span> 
     </span>
     <span class='ocr_line' id='line_1_58' title="bbox 415 2654 556 2684; baseline 0.007 -1"><span class='ocrx_word' id='word_1_339' title='bbox 415 2654 556 2684; x_wconf 75' lang='lat' dir='ltr'>ditasset.</span> 
     </span>
    </p>

    <p class='ocr_par' dir='ltr' id='par_1_11' title="bbox 413 2697 1089 2948">
     <span class='ocr_line' id='line_1_59' title="bbox 457 2697 1087 2736; baseline -0.002 -10"><span class='ocrx_word' id='word_1_340' title='bbox 457 2705 474 2734; x_wconf 80' lang='lat'>3</span> <span class='ocrx_word' id='word_1_341' title='bbox 492 2697 653 2733; x_wconf 71' lang='lat' dir='ltr'>Puteolos,</span> <span class='ocrx_word' id='word_1_342' title='bbox 662 2697 907 2736; x_wconf 71' lang='lat' dir='ltr'>Salernmnque,</span> <span class='ocrx_word' id='word_1_343' title='bbox 917 2701 947 2726; x_wconf 79' lang='lat' dir='ltr'>et</span> <span class='ocrx_word' id='word_1_344' title='bbox 957 2698 1087 2727; x_wconf 64' lang='lat' dir='ltr'>Bumen-</span> 
     </span>
     <span class='ocr_line' id='line_1_60' title="bbox 414 2739 1088 2778; baseline 0.001 -10"><span class='ocrx_word' id='word_1_345' title='bbox 414 2744 479 2769; x_wconf 74' lang='lat' dir='ltr'>tum</span> <span class='ocrx_word' id='word_1_346' title='bbox 497 2740 631 2777; x_wconf 74' lang='lat' dir='ltr'>ascripti</span> <span class='ocrx_word' id='word_1_347' title='bbox 652 2739 763 2773; x_wconf 67' lang='lat' dir='ltr'>voloni,</span> <span class='ocrx_word' id='word_1_348' title='bbox 780 2740 835 2778; x_wconf 74' lang='lat' dir='ltr'>qui</span> <span class='ocrx_word' id='word_1_349' title='bbox 850 2740 981 2768; x_wconf 57' lang='lat' dir='ltr'>momina</span> <span class='ocrx_word' id='word_1_350' title='bbox 998 2739 1088 2769; x_wconf 77' lang='lat' dir='ltr'>dede-</span> 
     </span>
     <span class='ocr_line' id='line_1_61' title="bbox 414 2781 1089 2820; baseline -0.001 -9"><span class='ocrx_word' id='word_1_351' title='bbox 414 2783 506 2820; x_wconf 78' lang='lat' dir='ltr'>rant]</span> <span class='ocrx_word' id='word_1_352' title='bbox 532 2783 676 2820; x_wconf 55' lang='lat' dir='ltr'>Asci-[pei</span> <span class='ocrx_word' id='word_1_353' title='bbox 692 2792 711 2811; x_wconf 85' lang='lat' dir='ltr'>a</span> <span class='ocrx_word' id='word_1_354' title='bbox 726 2781 899 2811; x_wconf 82' lang='lat' dir='ltr'>triumviris</span> <span class='ocrx_word' id='word_1_355' title='bbox 909 2782 1020 2815; x_wconf 76' lang='lat' dir='ltr'>coloni.</span> <span class='ocrx_word' id='word_1_356' title='bbox 1033 2782 1089 2820; x_wconf 78' lang='lat' dir='ltr'>qui</span> 
     </span>
     <span class='ocr_line' id='line_1_62' title="bbox 414 2823 1087 2859; baseline 0 -6"><span class='ocrx_word' id='word_1_357' title='bbox 414 2834 482 2854; x_wconf 77' lang='lat' dir='ltr'>sese</span> <span class='ocrx_word' id='word_1_358' title='bbox 504 2825 685 2854; x_wconf 74' lang='lat' dir='ltr'>obtulerant</span> <span class='ocrx_word' id='word_1_359' title='bbox 707 2834 724 2854; x_wconf 90' lang='lat' dir='ltr'>e</span> <span class='ocrx_word' id='word_1_360' title='bbox 747 2823 882 2859; x_wconf 72' lang='lat' dir='ltr'>Latinis,</span> <span class='ocrx_word' id='word_1_361' title='bbox 904 2827 936 2853; x_wconf 84' lang='lat' dir='ltr'>et</span> <span class='ocrx_word' id='word_1_362' title='bbox 957 2825 1087 2853; x_wconf 72' lang='lat' dir='ltr'>uomina</span> 
     </span>
     <span class='ocr_line' id='line_1_63' title="bbox 413 2866 1087 2897; baseline -0.001 -1"><span class='ocrx_word' id='word_1_363' title='bbox 413 2867 444 2896; x_wconf 91' lang='grc'>111</span> <span class='ocrx_word' id='word_1_364' title='bbox 470 2877 524 2897; x_wconf 82' lang='lat' dir='ltr'>eas</span> <span class='ocrx_word' id='word_1_365' title='bbox 550 2866 692 2896; x_wconf 76' lang='lat' dir='ltr'>colonius</span> <span class='ocrx_word' id='word_1_366' title='bbox 717 2867 881 2897; x_wconf 70' lang='lat' dir='ltr'>dederant.</span> <span class='ocrx_word' id='word_1_367' title='bbox 933 2866 1087 2897; x_wconf 80' lang='lat' dir='ltr'>Ceterum</span> 
     </span>
     <span class='ocr_line' id='line_1_64' title="bbox 414 2908 1088 2948; baseline -0.003 -9"><span class='ocrx_word' id='word_1_368' title='bbox 414 2920 523 2940; x_wconf 81' lang='grc'>50115115</span> <span class='ocrx_word' id='word_1_369' title='bbox 547 2909 643 2939; x_wconf 81' lang='lat' dir='ltr'>huius</span> <span class='ocrx_word' id='word_1_370' title='bbox 670 2908 730 2939; x_wconf 83' lang='lat' dir='ltr'>loci</span> <span class='ocrx_word' id='word_1_371' title='bbox 758 2908 845 2939; x_wconf 75' lang='grc'>11111111</span> <span class='ocrx_word' id='word_1_372' title='bbox 869 2919 944 2939; x_wconf 78' lang='lat' dir='ltr'>sane</span> <span class='ocrx_word' id='word_1_373' title='bbox 969 2908 1088 2948; x_wconf 74' lang='lat' dir='ltr'>perspi-</span> 
     </span>
    </p>
   </div>
   <div class='ocr_carea' id='block_1_7' title="bbox 1131 2054 1808 2948">
    <p class='ocr_par' dir='ltr' id='par_1_12' title="bbox 1131 2054 1808 2948">
     <span class='ocr_line' id='line_1_65' title="bbox 1131 2054 1807 2095; baseline 0.001 -10"><span class='ocrx_word' id='word_1_374' title='bbox 1131 2065 1211 2086; x_wconf 84' lang='lat' dir='ltr'>cuus</span> <span class='ocrx_word' id='word_1_375' title='bbox 1234 2059 1292 2087; x_wconf 85' lang='lat' dir='ltr'>est.</span> <span class='ocrx_word' id='word_1_376' title='bbox 1338 2055 1449 2086; x_wconf 81' lang='lat' dir='ltr'>Facile</span> <span class='ocrx_word' id='word_1_377' title='bbox 1468 2055 1722 2095; x_wconf 76' lang='lat' dir='ltr'>intelligeremus</span> <span class='ocrx_word' id='word_1_378' title='bbox 1746 2054 1807 2086; x_wconf 84' lang='lat' dir='ltr'>La-</span> 
     </span>
     <span class='ocr_line' id='line_1_66' title="bbox 1131 2098 1806 2138; baseline 0.001 -10"><span class='ocrx_word' id='word_1_379' title='bbox 1131 2098 1216 2128; x_wconf 89' lang='lat' dir='ltr'>tinos</span> <span class='ocrx_word' id='word_1_380' title='bbox 1227 2099 1362 2138; x_wconf 81' lang='lat' dir='ltr'>aliquot,</span> <span class='ocrx_word' id='word_1_381' title='bbox 1374 2102 1452 2138; x_wconf 83' lang='lat' dir='ltr'>puta</span> <span class='ocrx_word' id='word_1_382' title='bbox 1465 2099 1620 2138; x_wconf 79' lang='lat' dir='ltr'>quosdam</span> <span class='ocrx_word' id='word_1_383' title='bbox 1632 2109 1649 2129; x_wconf 88' lang='lat' dir='ltr'>e</span> <span class='ocrx_word' id='word_1_384' title='bbox 1662 2099 1806 2129; x_wconf 86' lang='lat' dir='ltr'>Ferenti-</span> 
     </span>
     <span class='ocr_line' id='line_1_67' title="bbox 1132 2141 1807 2181; baseline 0.001 -11"><span class='ocrx_word' id='word_1_385' title='bbox 1132 2141 1271 2179; x_wconf 77' lang='lat' dir='ltr'>natibus,</span> <span class='ocrx_word' id='word_1_386' title='bbox 1281 2141 1417 2180; x_wconf 77' lang='lat' dir='ltr'>aliisque</span> <span class='ocrx_word' id='word_1_387' title='bbox 1427 2142 1559 2172; x_wconf 81' lang='lat' dir='ltr'>fortasse</span> <span class='ocrx_word' id='word_1_388' title='bbox 1570 2141 1655 2172; x_wconf 88' lang='lat' dir='ltr'>Latii</span> <span class='ocrx_word' id='word_1_389' title='bbox 1668 2142 1807 2181; x_wconf 85' lang='lat' dir='ltr'>populis,</span> 
     </span>
     <span class='ocr_line' id='line_1_68' title="bbox 1133 2184 1807 2223; baseline 0.001 -10"><span class='ocrx_word' id='word_1_390' title='bbox 1133 2194 1233 2223; x_wconf 86' lang='lat' dir='ltr'>quum</span> <span class='ocrx_word' id='word_1_391' title='bbox 1249 2184 1380 2223; x_wconf 86' lang='lat' dir='ltr'>ascripti</span> <span class='ocrx_word' id='word_1_392' title='bbox 1397 2188 1503 2215; x_wconf 86' lang='lat' dir='ltr'>essent</span> <span class='ocrx_word' id='word_1_393' title='bbox 1520 2184 1625 2214; x_wconf 87' lang='lat' dir='ltr'>coloni</span> <span class='ocrx_word' id='word_1_394' title='bbox 1644 2185 1807 2222; x_wconf 87' lang='lat' dir='ltr'>Puteolos,</span> 
     </span>
     <span class='ocr_line' id='line_1_69' title="bbox 1132 2227 1808 2266; baseline 0 -9"><span class='ocrx_word' id='word_1_395' title='bbox 1132 2227 1314 2264; x_wconf 81' lang='lat' dir='ltr'>Salernum,</span> <span class='ocrx_word' id='word_1_396' title='bbox 1327 2227 1527 2264; x_wconf 80' lang='lat' dir='ltr'>Buxentum,</span> <span class='ocrx_word' id='word_1_397' title='bbox 1540 2237 1606 2257; x_wconf 82' lang='lat' dir='ltr'>sese</span> <span class='ocrx_word' id='word_1_398' title='bbox 1618 2237 1674 2266; x_wconf 87' lang='lat' dir='ltr'>pro</span> <span class='ocrx_word' id='word_1_399' title='bbox 1685 2227 1808 2257; x_wconf 85' lang='lat' dir='ltr'>civibus</span> 
     </span>
     <span class='ocr_line' id='line_1_70' title="bbox 1133 2270 1808 2309; baseline 0 -9"><span class='ocrx_word' id='word_1_400' title='bbox 1133 2270 1292 2300; x_wconf 87' lang='lat' dir='ltr'>Romanis</span> <span class='ocrx_word' id='word_1_401' title='bbox 1306 2270 1458 2309; x_wconf 82' lang='lat' dir='ltr'>gessisse:</span> <span class='ocrx_word' id='word_1_402' title='bbox 1485 2272 1632 2300; x_wconf 64' lang='lat' dir='ltr'>senatum</span> <span class='ocrx_word' id='word_1_403' title='bbox 1650 2270 1808 2300; x_wconf 82' lang='lat' dir='ltr'>iudicasse</span> 
     </span>
     <span class='ocr_line' id='line_1_71' title="bbox 1132 2312 1807 2350; baseline 0 -8"><span class='ocrx_word' id='word_1_404' title='bbox 1132 2322 1185 2342; x_wconf 89' lang='lat' dir='ltr'>eos</span> <span class='ocrx_word' id='word_1_405' title='bbox 1196 2312 1280 2343; x_wconf 84' lang='lat' dir='ltr'>cives</span> <span class='ocrx_word' id='word_1_406' title='bbox 1295 2322 1359 2342; x_wconf 89' lang='lat' dir='ltr'>nou</span> <span class='ocrx_word' id='word_1_407' title='bbox 1377 2323 1454 2343; x_wconf 85' lang='lat' dir='ltr'>esse.</span> <span class='ocrx_word' id='word_1_408' title='bbox 1502 2313 1624 2342; x_wconf 85' lang='lat' dir='ltr'>Verum</span> <span class='ocrx_word' id='word_1_409' title='bbox 1639 2312 1670 2343; x_wconf 88' lang='lat' dir='ltr'>id</span> <span class='ocrx_word' id='word_1_410' title='bbox 1687 2314 1807 2350; x_wconf 79' lang='lat' dir='ltr'>turbat,</span> 
     </span>
     <span class='ocr_line' id='line_1_72' title="bbox 1132 2354 1807 2394; baseline 0.001 -10"><span class='ocrx_word' id='word_1_411' title='bbox 1132 2356 1218 2394; x_wconf 87' lang='lat' dir='ltr'>quod</span> <span class='ocrx_word' id='word_1_412' title='bbox 1246 2354 1387 2392; x_wconf 80' lang='lat' dir='ltr'>Puteoli,</span> <span class='ocrx_word' id='word_1_413' title='bbox 1414 2355 1595 2391; x_wconf 80' lang='lat' dir='ltr'>Salernum,</span> <span class='ocrx_word' id='word_1_414' title='bbox 1619 2359 1651 2385; x_wconf 88' lang='lat' dir='ltr'>ct</span> <span class='ocrx_word' id='word_1_415' title='bbox 1676 2355 1807 2385; x_wconf 80' lang='lat' dir='ltr'>Buxen-</span> 
     </span>
     <span class='ocr_line' id='line_1_73' title="bbox 1134 2397 1808 2435; baseline 0.001 -8"><span class='ocrx_word' id='word_1_416' title='bbox 1134 2401 1216 2435; x_wconf 79' lang='lat' dir='ltr'>tum,</span> <span class='ocrx_word' id='word_1_417' title='bbox 1232 2397 1374 2427; x_wconf 86' lang='lat' dir='ltr'>nondum</span> <span class='ocrx_word' id='word_1_418' title='bbox 1390 2397 1538 2427; x_wconf 78' lang='lat' dir='ltr'>videntur</span> <span class='ocrx_word' id='word_1_419' title='bbox 1553 2397 1649 2427; x_wconf 77' lang='lat' dir='ltr'>fuisse</span> <span class='ocrx_word' id='word_1_420' title='bbox 1663 2398 1808 2428; x_wconf 85' lang='lat' dir='ltr'>coloniae</span> 
     </span>
     <span class='ocr_line' id='line_1_74' title="bbox 1135 2440 1808 2479; baseline 0 -9"><span class='ocrx_word' id='word_1_421' title='bbox 1135 2440 1316 2477; x_wconf 75' lang='lat' dir='ltr'>Romanae,</span> <span class='ocrx_word' id='word_1_422' title='bbox 1332 2450 1431 2478; x_wconf 86' lang='lat' dir='ltr'>quum</span> <span class='ocrx_word' id='word_1_423' title='bbox 1448 2440 1480 2470; x_wconf 89' lang='lat' dir='ltr'>in</span> <span class='ocrx_word' id='word_1_424' title='bbox 1505 2440 1585 2470; x_wconf 85' lang='lat' dir='ltr'>haee</span> <span class='ocrx_word' id='word_1_425' title='bbox 1606 2440 1665 2470; x_wconf 81' lang='lat' dir='ltr'>tria</span> <span class='ocrx_word' id='word_1_426' title='bbox 1687 2441 1808 2479; x_wconf 84' lang='lat' dir='ltr'>oppida</span> 
     </span>
     <span class='ocr_line' id='line_1_75' title="bbox 1134 2482 1808 2513; baseline 0.001 -1"><span class='ocrx_word' id='word_1_427' title='bbox 1134 2482 1240 2512; x_wconf 82' lang='lat' dir='ltr'>coloni</span> <span class='ocrx_word' id='word_1_428' title='bbox 1258 2482 1398 2513; x_wconf 70' lang='lat' dir='ltr'>Romani</span> <span class='ocrx_word' id='word_1_429' title='bbox 1422 2483 1551 2512; x_wconf 74' lang='lat' dir='ltr'>deducti</span> <span class='ocrx_word' id='word_1_430' title='bbox 1569 2493 1636 2513; x_wconf 76' lang='lat' dir='ltr'>esse</span> <span class='ocrx_word' id='word_1_431' title='bbox 1659 2483 1808 2513; x_wconf 84' lang='lat' dir='ltr'>dicantur</span> 
     </span>
     <span class='ocr_line' id='line_1_76' title="bbox 1134 2525 1808 2563; baseline 0.003 -9"><span class='ocrx_word' id='word_1_432' title='bbox 1134 2525 1205 2556; x_wconf 72' lang='lat' dir='ltr'>infr.</span> <span class='ocrx_word' id='word_1_433' title='bbox 1237 2532 1285 2563; x_wconf 73' lang='lat'>45.</span> <span class='ocrx_word' id='word_1_434' title='bbox 1332 2525 1395 2555; x_wconf 83' lang='lat' dir='ltr'>Sed</span> <span class='ocrx_word' id='word_1_435' title='bbox 1426 2525 1576 2555; x_wconf 82' lang='lat' dir='ltr'>nimirum</span> <span class='ocrx_word' id='word_1_436' title='bbox 1608 2526 1702 2556; x_wconf 81' lang='lat' dir='ltr'>tertio</span> <span class='ocrx_word' id='word_1_437' title='bbox 1733 2530 1808 2556; x_wconf 77' lang='lat' dir='ltr'>ante</span> 
     </span>
     <span class='ocr_line' id='line_1_77' title="bbox 1134 2568 1806 2609; baseline 0.001 -11"><span class='ocrx_word' id='word_1_438' title='bbox 1134 2578 1218 2598; x_wconf 77' lang='lat' dir='ltr'>anno</span> <span class='ocrx_word' id='word_1_439' title='bbox 1240 2568 1292 2598; x_wconf 82' lang='lat' dir='ltr'>lex</span> <span class='ocrx_word' id='word_1_440' title='bbox 1317 2568 1381 2597; x_wconf 82' lang='lat' dir='ltr'>lata</span> <span class='ocrx_word' id='word_1_441' title='bbox 1397 2568 1513 2603; x_wconf 67' lang='lat' dir='ltr'>fuerat„</span> <span class='ocrx_word' id='word_1_442' title='bbox 1530 2578 1614 2607; x_wconf 79' lang='lat' dir='ltr'>supr.</span> <span class='ocrx_word' id='word_1_443' title='bbox 1638 2568 1737 2599; x_wconf 77' lang='lat' dir='ltr'>xxxii.</span> <span class='ocrx_word' id='word_1_444' title='bbox 1757 2578 1806 2609; x_wconf 75' lang='lat'>29.</span> 
     </span>
     <span class='ocr_line' id='line_1_78' title="bbox 1134 2610 1807 2648; baseline 0.001 -8"><span class='ocrx_word' id='word_1_445' title='bbox 1134 2615 1169 2640; x_wconf 83' lang='lat' dir='ltr'>ut</span> <span class='ocrx_word' id='word_1_446' title='bbox 1191 2610 1252 2640; x_wconf 87' lang='lat' dir='ltr'>hac</span> <span class='ocrx_word' id='word_1_447' title='bbox 1273 2610 1418 2640; x_wconf 81' lang='lat' dir='ltr'>coloniae</span> <span class='ocrx_word' id='word_1_448' title='bbox 1440 2611 1686 2648; x_wconf 62' lang='lat' dir='ltr'>demit-crentur,</span> <span class='ocrx_word' id='word_1_449' title='bbox 1698 2611 1807 2641; x_wconf 81' lang='lat' dir='ltr'>creati-</span> 
     </span>
     <span class='ocr_line' id='line_1_79' title="bbox 1133 2695 1808 2735; baseline 0.001 -10"><span class='ocrx_word' id='word_1_450' title='bbox 1133 2695 1352 2726; x_wconf 80' lang='lat' dir='ltr'>minabuntur.</span> <span class='ocrx_word' id='word_1_451' title='bbox 1379 2695 1632 2735; x_wconf 79' lang='lat' dir='ltr'>Intelligendum</span> <span class='ocrx_word' id='word_1_452' title='bbox 1644 2700 1691 2726; x_wconf 82' lang='lat' dir='ltr'>est</span> <span class='ocrx_word' id='word_1_453' title='bbox 1702 2696 1808 2735; x_wconf 79' lang='lat' dir='ltr'>igitur,</span> 
     </span>
     <span class='ocr_line' id='line_1_80' title="bbox 1134 2738 1807 2776; baseline 0 -9"><span class='ocrx_word' id='word_1_454' title='bbox 1134 2748 1200 2768; x_wconf 85' lang='lat' dir='ltr'>rem</span> <span class='ocrx_word' id='word_1_455' title='bbox 1230 2741 1307 2767; x_wconf 82' lang='lat' dir='ltr'>tnnc</span> <span class='ocrx_word' id='word_1_456' title='bbox 1332 2738 1515 2768; x_wconf 78' lang='lat' dir='ltr'>inchoatam</span> <span class='ocrx_word' id='word_1_457' title='bbox 1543 2748 1622 2776; x_wconf 85' lang='lat' dir='ltr'>esse,</span> <span class='ocrx_word' id='word_1_458' title='bbox 1645 2739 1699 2769; x_wconf 86' lang='lat' dir='ltr'>sed</span> <span class='ocrx_word' id='word_1_459' title='bbox 1722 2748 1807 2768; x_wconf 86' lang='lat' dir='ltr'>anno</span> 
     </span>
     <span class='ocr_line' id='line_1_81' title="bbox 1134 2781 1807 2820; baseline 0.001 -10"><span class='ocrx_word' id='word_1_460' title='bbox 1134 2781 1264 2810; x_wconf 79' lang='lat' dir='ltr'>demum</span> <span class='ocrx_word' id='word_1_461' title='bbox 1289 2784 1443 2819; x_wconf 84' lang='lat' dir='ltr'>sequente</span> <span class='ocrx_word' id='word_1_462' title='bbox 1463 2782 1503 2811; x_wconf 86' lang='lat' dir='ltr'>ad</span> <span class='ocrx_word' id='word_1_463' title='bbox 1527 2781 1648 2811; x_wconf 80' lang='lat' dir='ltr'>exitum</span> <span class='ocrx_word' id='word_1_464' title='bbox 1674 2782 1807 2820; x_wconf 85' lang='lat' dir='ltr'>perduc-</span> 
     </span>
     <span class='ocr_line' id='line_1_82' title="bbox 1133 2823 1806 2862; baseline 0.003 -10"><span class='ocrx_word' id='word_1_465' title='bbox 1133 2826 1197 2853; x_wconf 79' lang='lat' dir='ltr'>tam</span> <span class='ocrx_word' id='word_1_466' title='bbox 1210 2833 1215 2853; x_wconf 92' lang='lat'>:</span> <span class='ocrx_word' id='word_1_467' title='bbox 1235 2823 1326 2853; x_wconf 87' lang='lat' dir='ltr'>initio</span> <span class='ocrx_word' id='word_1_468' title='bbox 1338 2827 1447 2853; x_wconf 83' lang='lat' dir='ltr'>autem</span> <span class='ocrx_word' id='word_1_469' title='bbox 1459 2823 1502 2853; x_wconf 82' lang='lat' dir='ltr'>rei</span> <span class='ocrx_word' id='word_1_470' title='bbox 1516 2823 1735 2862; x_wconf 79' lang='lat' dir='ltr'>incipiundac,</span> <span class='ocrx_word' id='word_1_471' title='bbox 1747 2823 1806 2854; x_wconf 79' lang='lat' dir='ltr'>La-</span> 
     </span>
     <span class='ocr_line' id='line_1_83' title="bbox 1132 2865 1807 2903; baseline 0.001 -8"><span class='ocrx_word' id='word_1_472' title='bbox 1132 2865 1216 2895; x_wconf 77' lang='lat' dir='ltr'>tinos</span> <span class='ocrx_word' id='word_1_473' title='bbox 1233 2865 1264 2895; x_wconf 88' lang='grc'>111</span> <span class='ocrx_word' id='word_1_474' title='bbox 1286 2875 1340 2895; x_wconf 78' lang='lat' dir='ltr'>eas</span> <span class='ocrx_word' id='word_1_475' title='bbox 1360 2865 1501 2896; x_wconf 81' lang='lat' dir='ltr'>colonias</span> <span class='ocrx_word' id='word_1_476' title='bbox 1523 2867 1656 2897; x_wconf 83' lang='lat' dir='ltr'>nomina</span> <span class='ocrx_word' id='word_1_477' title='bbox 1671 2867 1807 2903; x_wconf 78' lang='lat' dir='ltr'>dedisse,</span> 
     </span>
     <span class='ocr_line' id='line_1_84' title="bbox 1133 2908 1623 2948; baseline 0.008 -10"><span class='ocrx_word' id='word_1_478' title='bbox 1133 2912 1164 2938; x_wconf 84' lang='lat' dir='ltr'>et</span> <span class='ocrx_word' id='word_1_479' title='bbox 1180 2908 1335 2948; x_wconf 75' lang='lat' dir='ltr'>ascriptos</span> <span class='ocrx_word' id='word_1_480' title='bbox 1351 2909 1491 2941; x_wconf 80' lang='lat' dir='ltr'>colonos.</span> <span class='ocrx_word' id='word_1_481' title='bbox 1516 2909 1623 2942; x_wconf 67' lang='lat' dir='ltr'>CnEv.</span> 
     </span>
    </p>
   </div>
   <div class='ocr_carea' id='block_1_8' title="bbox 1950 2540 1960 3218">
    <p class='ocr_par' dir='ltr' id='par_1_13' title="bbox 1950 2540 1960 3218">
     <span class='ocr_line' id='line_1_85' title="bbox 1950 2540 1960 3218; baseline 0 0"><span class='ocrx_word' id='word_1_482' title='bbox 1950 2540 1960 3218; x_wconf 95' lang='lat' dir='ltr'> </span> 
     </span>
    </p>
   </div>
   <div class='ocr_carea' id='block_1_9' title="bbox 1953 2540 1960 3218">
    <p class='ocr_par' dir='ltr' id='par_1_14' title="bbox 1953 2540 1960 3218">
     <span class='ocr_line' id='line_1_86' title="bbox 1953 2540 1960 3218; baseline 0 0"><span class='ocrx_word' id='word_1_483' title='bbox 1953 2540 1960 3218; x_wconf 95' lang='lat' dir='ltr'> </span> 
     </span>
    </p>
   </div>
  </div>
 </body>
</html>
