1960 3218
346 141 430 180 408
870 138 1019 182 ΤΙΤΙ
1057 138 1238 182 LIVII

143 237 189 270 U.
206 237 245 270 c,
268 237 342 278 567·

143 281 185 312 A.
208 281 248 312 C.
273 283 400 330 ¹35·di

147 324 300 356 Comitia.

219 2028 286 2066 33.

158 2083 204 2115 U.
221 2084 259 2115 C.
282 2082 353 2123 568.

156 2127 196 2157 A.
222 2127 259 2157 C.
286 2128 353 2165 184.

156 2169 354 2208 P.Claudio,

158 2211 195 2241 L.
211 2212 325 2243 Porcio

157 2253 246 2287 Coss.

412 229 503 272 Iam
524 230 790 273 comitiorum
817 231 1043 288 appetebat
1072 240 1249 288 tempus.
1313 229 1434 271 Prior
1455 237 1596 271 tamen
1620 227 1751 271 Clau-

404 304 464 339 us,
488 304 614 345 quam
634 288 919 345 Sempronius,
942 289 1011 330 cui
1031 304 1117 331 sors
1138 288 1307 330 comitia
1328 287 1511 328 habendi
1530 287 1749 342 obtigerat,

359 346 541 388 Romam
574 347 714 396 venit,
752 347 853 403 quia
884 347 932 388 P.
961 346 1166 388 Claudius
1201 345 1328 387 frater
1363 345 1452 386 eius
1488 344 1751 385 consulatum

358 404 539 460 petebat.
605 403 916 461 Competitores
936 405 1118 446 habebat
1137 404 1333 460 patricios
1355 403 1403 444 L.
1421 402 1668 451 Aemilium,
1695 400 1749 448 Q.

360 461 550 512 Fabium,
577 461 662 503 Ser.
682 462 915 518 Sulpicium
940 461 1133 511 Galbam,
1155 470 1317 502 veteres
1348 460 1604 509 candidatos,
1627 468 1670 499 et
1700 459 1752 499 ab

359 519 536 576 repulsis
557 535 608 562 eo
629 520 760 576 magis
781 519 984 569 debitum,
1008 520 1107 575 quia
1136 519 1272 575 primo
1298 527 1475 574 negatus
1496 526 1598 566 erat,
1619 516 1754 557 hono-

360 592 450 619 rem
470 586 718 634 repetentes.
783 577 936 627 Etiam,
959 578 1059 634 quia
1078 576 1172 633 plus
1193 591 1320 631 quam
1342 590 1474 616 unum
1496 590 1547 616 ex
1569 573 1754 630 patriciis

361 635 493 676 creari
521 651 607 676 non
638 635 801 685 licebat,
831 635 957 676 artior
983 634 1131 690 petitio
1157 642 1356 689 quattuor
1385 632 1625 689 petentibus
1652 639 1750 672 erat.

361 692 525 734 Plebeii
556 708 725 749 quoque
756 693 925 748 gratiosi
955 692 1148 733 homines
1177 692 1389 747 petebant,
1419 690 1468 731 L.
1484 690 1671 739 Porcius,
1698 688 1751 736 Q.

363 750 590 792 Terentius
624 750 789 799 Culleo,
821 751 900 792 Cn.
918 749 1100 791 Baebius
1131 748 1404 804 Tamphilus:
1438 756 1480 788 et
1509 747 1554 787 hi
1585 746 1752 802 repulsi,
1771 765 1783 786 1

362 807 407 848 in
424 823 541 864 spem
558 807 811 864 impetrandi
829 807 1000 848 taudem
1017 806 1243 862 aliquando
1259 805 1429 847 honoris
1445 804 1574 846 dilati.
1626 803 1756 844 Clau-

363 865 458 906 dius
489 881 597 906 unus
628 880 682 906 ex
713 865 907 906 omnibus
938 880 1071 906 novus
1101 863 1348 905 candidatus
1378 871 1477 904 erat.
1542 861 1755 918 Opinione

363 923 583 964 hominum
604 922 719 964 haud
740 922 867 964 dubie
889 922 1207 964 destinabantur
1231 921 1283 970 Q.
1300 921 1453 962 Fabius
1476 919 1619 961 Labeo
1640 927 1683 959 et
1704 918 1754 960 L.

363 980 539 1022 Porcius
561 980 747 1022 Licinus.
815 980 900 1022 Sed
920 980 1125 1021 Claudius
1147 979 1293 1021 consul
1313 979 1402 1020 sine
1423 977 1638 1019 lictoribus
1660 991 1757 1018 cum

362 1038 488 1080 fratre
515 1047 602 1080 toto
623 1038 713 1080 foro
733 1038 961 1088 volitando,
984 1037 1294 1079 clamitantibus
1324 1035 1567 1078 adversariis
1598 1043 1640 1076 et
1670 1050 1758 1076 ma-

364 1096 451 1137 iore
483 1105 599 1153 parte
631 1105 812 1146 senatus,
837 1096 1100 1137 ‘meminisse
1132 1110 1229 1136 eum
1258 1094 1410 1136 debere
1442 1094 1569 1149 priUS,
1593 1108 1635 1134 se
1657 1108 1758 1134 con-

367 1153 523 1195 ‘sulem
559 1154 705 1211 populi
744 1154 939 1204 Romani,
975 1169 1102 1209 quam
1137 1153 1306 1194 fratrem
1340 1152 1387 1193 P.
1415 1151 1598 1200 Claudii,
1639 1166 1753 1192 esse:

367 1212 497 1268 ‘quin
522 1211 605 1261 ille,
635 1212 784 1253 sedens
810 1228 885 1268 pro
914 1211 1126 1261 tribunali,
1149 1219 1221 1252 aut
1248 1210 1462 1259 arbitrum,
1486 1217 1557 1250 aut
1582 1209 1757 1250 tacitum

367 1276 669 1325 ‘spectatorem
691 1270 954 1311 comitiorum
977 1285 1019 1310 se
1044 1268 1307 1325 praeberet3’
1340 1267 1522 1308 coerceri
1543 1276 1685 1307 tamen
1705 1266 1757 1307 ab

366 1328 497 1369 effuso
528 1327 667 1368 studio
698 1328 872 1383 nequiit.
935 1327 1106 1383 Magnis
1128 1325 1467 1367 contentionibus
1493 1325 1758 1365 tribunorum

366 1401 535 1441 quoque
557 1385 709 1441 plebei,
726 1386 798 1441 qui
820 1393 892 1426 aut
913 1396 1057 1426 contra
1078 1383 1305 1433 consulem,
1321 1391 1392 1423 aut
1412 1398 1487 1438 pro
1508 1382 1647 1423 studio
1668 1382 1758 1422 eius

364 1444 622 1499 pugnabant,
645 1443 815 1483 comitia
836 1442 1058 1498 aliquoties
1080 1442 1266 1482 turbata:
1303 1441 1437 1481 donec
1468 1440 1645 1496 pervicit
1667 1439 1758 1495 Ap-

366 1501 473 1557 pius,
497 1509 555 1550 ut,
578 1500 742 1542 deiecto
759 1500 901 1550 Fabio,
919 1500 1087 1541 fratrem
1110 1499 1303 1540 traheret.
1369 1497 1547 1538 Creatus
1563 1497 1610 1538 P.
1629 1496 1758 1538 Clau·
1773 1513 1790 1533 2

367 1558 460 1598 dius
492 1558 675 1599 Pulcher
706 1567 873 1614 praeter
904 1572 1021 1613 spem
1056 1572 1173 1598 suam
1209 1565 1252 1597 et
1286 1563 1533 1597 ceterorum.
1595 1554 1759 1596 Locum

367 1631 489 1657 suum
512 1616 649 1656 tenuit
670 1615 719 1657 L.
736 1616 910 1657 Porcius
927 1615 1114 1664 Licinus,
1129 1614 1229 1670 quia
1248 1613 1473 1654 moderatis
1494 1612 1654 1662 studiis,
1671 1627 1759 1653 non

367 1673 407 1714 vi
433 1672 681 1723 Claudiana,
704 1673 814 1714 inter
834 1673 1022 1729 plebeios
1042 1681 1246 1713 certatum
1268 1679 1342 1712 est.
1390 1670 1637 1712 Praetorum
1657 1669 1757 1711 inde
1771 1683 1789 1714 3

367 1730 537 1772 comitia
567 1740 664 1772 sunt
693 1731 847 1772 habita.
913 1730 962 1771 C.
983 1730 1202 1771 Decimius
1226 1729 1389 1778 Flavus,
1417 1728 1464 1770 P.
1487 1727 1759 1784 Sempronius

367 1788 554 1844 Longus,
570 1789 617 1829 P.
633 1788 857 1830 Cornelius
874 1788 1102 1844 Cethegus,
1122 1787 1175 1835 Q.
1188 1786 1375 1828 Naevius
1392 1786 1556 1835 Matho,
1575 1786 1623 1827 C.
1639 1785 1758 1827 Sem-

366 1847 540 1902 pronius
557 1845 742 1896 Blaesus,
762 1846 815 1887 A.
833 1846 1060 1887 Terentius
1074 1845 1220 1894 Varro,
1244 1853 1454 1900 praetores
1474 1844 1583 1884 facti.
1638 1842 1758 1884 Haec
1776 1866 1778 1868 ·

367 1919 418 1945 eo
454 1919 577 1953 anno,
610 1919 694 1960 quo
727 1905 809 1960 Ap.
832 1903 1049 1953 Claudius,
1083 1902 1145 1943 M.
1169 1901 1440 1958 Sempronius
1470 1900 1662 1943 consules
1693 1900 1760 1942 fu-

368 1970 504 2011 erunt,
527 1962 642 2002 domi
663 1961 922 2017 militiaeque
944 1971 1070 2017 gesta.

425 2019 640 2076 Principio
672 2019 934 2075 insequentis
964 2019 1064 2060 anni
1085 2018 1133 2060 P.
1152 2017 1370 2067 Claudius,
1394 2017 1443 2058 L.
1462 2017 1638 2058 Porcius
1658 2031 1759 2057 con-

367 2076 489 2127 sules,
519 2092 652 2133 quum
685 2077 737 2125 Q.
758 2076 980 2126 Caecilius,
1008 2076 1070 2117 M.
1091 2076 1286 2125 Baebius,
1310 2084 1352 2117 et
1383 2075 1449 2116 Ti.
1472 2074 1757 2131 Sempronius,

368 2135 440 2190 qui
472 2135 525 2176 ad
556 2135 878 2191 disceptandum
905 2134 1016 2175 inter
1036 2133 1283 2190 Philippum
1308 2142 1350 2174 et
1372 2132 1609 2174 Eumenem
1640 2147 1759 2188 reges

368 2192 751 2248 Thessalorumque
785 2193 973 2233 civitates
1005 2191 1119 2232 missi
1152 2199 1284 2241 erant,
1320 2190 1573 2246 legationem
1603 2204 1759 2231 renun-

367 2251 550 2300 tiassent,
583 2265 728 2306 regum
766 2265 935 2306 quoque
977 2264 1122 2291 eorum
1160 2249 1476 2304 civitatiumque
1517 2248 1674 2303 legatos
1712 2247 1758 2287 in

366 2316 556 2349 senatum
595 2308 932 2349 introduxerunt.
1003 2306 1163 2348 Eadem
1200 2307 1411 2362 utrimque
1451 2306 1611 2354 iterata,
1649 2320 1756 2360 quae

366 2366 478 2406 dicta
508 2365 621 2422 apud
652 2365 809 2421 legatos
837 2365 881 2405 in
906 2364 1085 2405 Graecia
1112 2372 1241 2405 erant.
1305 2363 1447 2404 Aliam
1469 2362 1623 2403 deinde
1645 2361 1758 2417 lega-

367 2423 524 2463 tionem
556 2438 707 2464 novam
729 2423 887 2472 Patres,
911 2422 1029 2463 cuius
1050 2422 1245 2477 princeps
1268 2420 1350 2476 Ap.
1373 2419 1576 2461 Claudius
1597 2419 1689 2469 fuit,
1712 2420 1758 2461 in

367 2479 665 2521 Macedoniam
703 2489 746 2521 et
781 2480 825 2520 in
861 2479 1082 2521 Graeciam
1119 2479 1395 2520 decreverunt
1435 2477 1488 2517 ad
1520 2477 1755 2527 visendum,

366 2537 610 2578 redditaene
632 2537 820 2578 civitates
837 2536 1048 2578 Thessalis
1069 2544 1112 2577 et
1128 2535 1376 2576 Perrhaebis
1398 2546 1546 2576 essent.
1599 2534 1756 2576 Iisdem

414 2653 423 2673 1
450 2645 495 2673 Et
520 2644 554 2673 ln·
581 2644 719 2682 repulsi]
758 2643 805 2673 IIi
832 2643 962 2682 quidem
990 2653 1035 2673 1e-
1082 2642 1283 2672 consulatum
1296 2651 1352 2681 per
1363 2641 1424 2672 vim
1437 2643 1674 2681 quodammodo
1684 2652 1757 2682 pro-

367 2687 491 2724 pulsam
523 2689 620 2716 antea
653 2686 855 2715 consulatum
891 2689 1037 2724 petentes
1081 2684 1220 2715 veheret.
1245 2685 1352 2715 Cum.

364 2730 518 2765 tulerant,
534 2731 565 2758 et
584 2728 646 2760 iam
669 2738 736 2758 sese
757 2727 945 2758 candidatos
966 2738 1036 2766 pro·
1124 2736 1141 2764 3
1175 2728 1210 2757 1'11
1242 2728 1445 2765 Claudiana]
1487 2726 1655 2758 Violentia
1685 2738 1755 2766 pro-

365 2772 548 2807 fitebantur,
575 2770 607 2800 in
639 2780 729 2810 spem
757 2769 950 2809 impetrandi
979 2770 1035 2800 ali-
1082 2770 1151 2808 pria
1181 2769 1338 2800 Claudiae
1368 2769 1483 2809 gentis,
1509 2770 1541 2800 in
1573 2780 1636 2809 qua
1667 2771 1755 2801 velut

362 2815 492 2852 quando
526 2813 665 2851 honoris,
695 2813 749 2853 qui
781 2817 877 2842 autea
908 2813 1037 2852 repulsu
1081 2812 1273 2842 hereditaria
1297 2816 1363 2843 erut
1390 2812 1563 2853 imperiosa.
1588 2815 1755 2850 coutuma-

362 2866 419 2886 sua
435 2856 554 2887 dilatus
570 2859 648 2887 crat.
1081 2855 1139 2887 cia.
1164 2855 1270 2886 Ciu-zv.

407 2909 422 2929 2
447 2901 595 2931 Fratrem
626 2899 786 2936 traheret]
818 2898 963 2928 Fratrem
994 2898 1035 2928 ad
