1960 3218
369 157 450 196 266
881 152 1030 194 ΤΙΤΙ
1072 152 1249 194 LIVII

167 250 207 282 U·
225 251 263 282 C.
286 249 358 290 562·
376 246 520 293 Quum
548 260 626 295 res,
649 254 721 286 aut
745 259 865 294 nova,
896 252 967 285 aut
991 252 1195 285 vetustate
1221 244 1507 301 exemplorum
1534 244 1756 286 memoriae
1771 262 1788 283 2

162 293 358 367 ii'friccjinigo'
373 304 454 344 iam
477 302 678 353 exoletae,
702 302 831 343 relata
852 302 1162 358 exspectatione
1181 302 1417 343 certaminis
1434 311 1622 343 senatum
1640 316 1758 343 erex-
1771 319 1788 349 3

162 356 349 419 fratritlega-
374 361 483 410 isset,
514 361 560 401 P.
580 361 719 417 Scipio
752 360 976 401 Africanus
1006 360 1126 409 dixit,
1158 366 1169 382 ‘
1185 359 1229 400 Si
1261 359 1309 400 L.
1332 359 1517 416 Scipioni
1542 359 1657 400 fratri
1684 374 1758 400 suo

163 426 224 453 tus.
376 419 655 474 ‘provinciam
692 418 912 459 Graeciam
947 418 1239 466 decrevissent,
1277 433 1318 458 se
1359 417 1541 469 legatum
1578 417 1759 458 iturum.’

376 476 495 517 Haec
523 491 617 524 vox,
647 491 799 532 magno
825 491 993 516 assensu
1019 475 1172 524 audita,
1195 475 1360 516 sustulit
1388 471 1610 516 certamen.
1674 474 1761 515 Ex-

374 535 499 591 periri
522 534 689 583 libebat,
708 544 846 574 utrum
866 533 957 589 plus
979 533 1065 588 regi
1085 533 1296 574 Antiocho
1314 533 1357 573 in
1381 532 1617 574 Hannibale
1635 533 1759 582 vict0,

376 608 428 633 an
468 592 512 632 in
552 592 706 632 victore
750 592 948 632 Africano
989 590 1148 632 consuli
1184 591 1501 646 legionibusque
1545 590 1760 639 Romanis,

378 650 521 691 auxilii
551 650 678 690 foret:
713 664 759 690 ac
791 664 919 705 prope
952 664 1096 689 omnes
1130 648 1315 704 Scipioni
1349 648 1581 698 Graeciam,
1615 647 1761 689 Laelio

246 710 283 747 2.
378 707 541 749 Italiam
582 707 869 749 decreverunt.
951 706 1170 747 Praetores
1211 707 1307 747 inde
1355 707 1588 762 provincias
1628 705 1761 746 sortiti

378 774 500 814 sunt3
535 765 582 806 L.
602 765 914 806 Aurunculeius
945 765 1158 813 urbanam,
1185 763 1264 805 Cn.
1286 763 1455 804 Fulvius
1486 764 1760 819 peregrinam,

378 824 427 864 L.
446 823 653 864 Aemilius
678 822 868 877 Regillus
889 822 1073 871 classem,
1098 822 1143 862 P.
1162 822 1307 862 Iunius
1330 821 1485 862 Brutus
1507 822 1678 869 Tuscos,
1699 820 1760 861 M.

169 882 348 913 Exercitus.
377 882 561 922 Tuccius
590 880 790 936 Apuliam
820 889 861 921 et
890 880 1089 929 Bruttios,
1117 879 1165 920 C.
1187 880 1357 920 Atinius
1390 879 1583 920 Siciliam.
1649 878 1764 919 Con-

377 939 455 980 suli
489 938 656 987 deinde,
689 939 757 978 eui
795 937 973 978 Graecia
1003 937 1215 992 provincia
1250 937 1417 977 decreta
1452 946 1551 986 erat,
1584 936 1637 977 ad
1667 951 1765 977 eum

377 997 621 1045 exercitum,
645 1011 771 1051 quem
794 1011 817 1036 a
843 995 915 1036 Μ’.
936 995 1075 1035 Acilio
1104 995 1231 1049 (duae
1254 1004 1394 1034 autem
1420 994 1605 1050 legiones
1627 992 1766 1048 erant)

378 1064 622 1110 accepturus
644 1062 762 1102 esset,
786 1053 828 1094 in
857 1053 1195 1109 supplementum
1226 1052 1367 1093 addita
1394 1052 1584 1108 peditum
1613 1051 1767 1092 civium

381 1112 667 1153 Romanorum
697 1112 775 1152 tria
802 1111 943 1160 millia,
972 1111 1133 1166 equites
1159 1120 1342 1158 centum,
1370 1120 1413 1150 et
1440 1110 1598 1150 socium
1625 1108 1768 1150 Latini

378 1170 559 1211 nominis
588 1170 775 1226 quinque
806 1168 949 1218 millia,
973 1168 1134 1224 equites
1163 1168 1357 1209 ducenti:
1392 1176 1434 1208 et
1459 1167 1682 1216 adiectum,
1706 1174 1766 1215 ut,

380 1243 510 1284 quum
533 1228 576 1268 in
596 1227 852 1284 provinciam
874 1226 1066 1275 venisset,
1090 1226 1123 1266 si
1146 1242 1167 1267 e
1196 1225 1410 1282 republica
1429 1225 1643 1266 videretur
1663 1239 1764 1273 esse,

380 1286 612 1328 exercitum
634 1286 677 1325 in
700 1285 845 1325 Asiam
877 1285 1093 1325 traiiceret.
1158 1283 1294 1324 Alteri
1323 1283 1483 1324 consuli
1505 1292 1617 1324 totus
1637 1297 1769 1323 novus

380 1344 587 1385 exercitus
628 1343 843 1390 decretus3
886 1342 993 1383 duae
1034 1342 1219 1397 legiones
1261 1341 1492 1390 Romanae,
1530 1349 1572 1381 et
1611 1340 1770 1381 socium

381 1401 524 1443 Latini
546 1401 726 1442 nominis
748 1400 988 1456 quindecim
1012 1400 1141 1440 millia
1161 1399 1364 1455 peditum,
1383 1399 1546 1454 equites
1568 1397 1766 1439 sexcenti.

382 1459 627 1501 Exercitum
650 1475 701 1499 ex
725 1458 950 1514 Liguribus
976 1458 1028 1506 Q.
1047 1457 1262 1498 Minucius
1279 1456 1380 1511 (iam
1403 1456 1516 1497 enim
1538 1456 1770 1497 confectam

379 1517 637 1574 provinciam
659 1517 888 1572 scrisiserat,
912 1525 953 1557 et
976 1516 1181 1569 Ligurum
1205 1530 1328 1556 omne
1351 1529 1507 1555 nomen
1527 1514 1571 1554 in
1591 1513 1773 1554 deditio-

384 1591 482 1617 nem
503 1574 685 1629 venisse)
707 1574 922 1615 traducere
945 1574 987 1614 in
1018 1573 1156 1623 Boios,
1180 1581 1221 1614 et
1246 1573 1294 1613 P.
1315 1572 1513 1613 Cornelio
1535 1570 1774 1628 proconsuli

386 1634 561 1683 tradere,
604 1633 747 1673 iussus.
823 1631 890 1672 Ex
931 1646 1041 1687 agro,
1085 1646 1167 1687 quo
1207 1630 1337 1671 victos
1376 1629 1486 1671 bello
1528 1628 1775 1670 multaverat

387 1691 527 1741 Boios,
570 1690 843 1731 deducendae
885 1690 1065 1730 urbanae
1104 1689 1300 1745 legiones,
1338 1703 1445 1744 quae
1486 1687 1622 1743 priore
1663 1701 1807 1734 anno4

387 1749 643 1805 conscriptae
673 1756 803 1797 erant,
834 1747 895 1788 M.
913 1747 1072 1788 Tuccio
1101 1746 1279 1802 praetori
1308 1746 1441 1795 datae,
1471 1753 1513 1786 et
1540 1744 1699 1785 socium
1728 1759 1775 1785 ac

388 1807 531 1848 Latini
552 1806 733 1847 nominis
754 1805 944 1861 peditum
967 1804 1209 1860 quindecim
1231 1803 1371 1852 millia,
1395 1803 1556 1858 equites
1572 1801 1774 1851 sexcenti,

389 1865 441 1905 ad
464 1864 664 1920 Apuliam
694 1863 965 1918 Bruttiosque
995 1861 1256 1903 obtinendos.
1320 1861 1373 1901 A.
1397 1860 1596 1901 Cornelio
1617 1859 1776 1915 superi-

389 1923 470 1964 oris
500 1923 599 1963 anni
629 1922 823 1978 praetori,
856 1921 929 1976 qui
962 1920 1149 1960 Bruttios
1180 1934 1277 1960 eum
1306 1919 1493 1960 exercitu
1524 1918 1775 1966 obtinuerat,

389 1981 652 2036 imperatum,
675 1980 708 2020 si
729 1979 787 2020 ita
805 1978 963 2020 consuli
984 1977 1207 2026 videretur,
1230 1985 1277 2018 ut
1297 1976 1483 2032 legiones
1503 1976 1547 2015 in
1566 1974 1777 2016 Aetoliam

392 2039 581 2079 traiectas
618 2037 690 2078 M’.
715 2036 856 2079 Acilio
889 2036 1084 2084 traderet,
1122 2035 1154 2075 si
1190 2035 1224 2075 is
1260 2049 1428 2075 manere
1464 2034 1522 2074 ibi
1554 2032 1700 2074 vellet:
1744 2032 1778 2073 si

391 2096 556 2137 Acilius
596 2095 732 2136 redire
771 2095 951 2135 Romam
992 2093 1144 2140 mallet,
1182 2101 1229 2134 ut
1261 2094 1314 2133 A.
1342 2091 1564 2132 Cornelius
1596 2105 1692 2131 cum
1727 2105 1777 2131 eo

392 2154 579 2194 exercitu
618 2154 663 2193 in
705 2152 874 2194 Aetolia
914 2160 1157 2192 remaneret.
1224 2149 1273 2191 C.
1300 2149 1494 2190 Atinium
1536 2148 1778 2189 Labeonem

391 2211 647 2267 provinciam
679 2210 862 2252 Siciliam
891 2209 1205 2264 exercitumque
1236 2223 1259 2248 a
1291 2206 1351 2248 M.
1378 2206 1560 2247 Aemilio
1591 2205 1777 2261 accipere

392 2269 561 2325 placuit,
591 2277 633 2310 et
660 2269 704 2309 in
732 2267 1070 2324 supplementum
1098 2266 1274 2307 scribere
1304 2280 1357 2305 ex
1382 2265 1469 2320 ipsa
1497 2262 1722 2319 provincia,
1745 2261 1778 2302 si

393 2327 530 2376 vellet,
557 2326 747 2383 peditum
774 2326 857 2366 duo
888 2324 1030 2374 millia,
1058 2332 1099 2365 et
1128 2332 1298 2364 centum
1326 2322 1498 2376 equites.
1560 2320 1607 2360 P.
1632 2319 1780 2360 Iunius

396 2384 551 2425 Brutus
582 2385 625 2425 in
655 2384 814 2425 Tuscos
840 2382 1070 2424 exercitum
1098 2396 1266 2428 novum,
1292 2380 1499 2434 legionem
1532 2392 1658 2418 unam
1692 2377 1780 2418 Ro-

397 2457 575 2491 manam,
593 2450 635 2482 et
656 2442 802 2483 decem
824 2441 954 2481 millia
974 2439 1132 2480 socium
1154 2454 1200 2478 ac
1223 2437 1364 2478 Latini
1386 2435 1566 2476 nominis
1586 2435 1778 2484 scribere,

398 2506 439 2540 et
455 2500 782 2555 quadringentos
803 2499 965 2554 equites
982 2513 991 2545 3
1026 2496 1074 2537 L.
1093 2495 1312 2543 Aemilius,
1335 2494 1401 2534 cui
1423 2493 1636 2548 provincia
1656 2492 1781 2533 mari-

398 2556 499 2597 tima
519 2566 618 2606 erat,
639 2551 787 2612 {viginti
808 2571 933 2596 naves
953 2555 1109 2609 longas,
1133 2562 1173 2593 et
1195 2552 1325 2592 socios
1347 2550 1510 2591 navales
1532 2566 1556 2591 a
1578 2550 1638 2591 M.
1656 2549 1780 2591 Iunio

398 2623 586 2670 praetore
617 2614 839 2669 superioris
870 2612 967 2653 anni
1004 2612 1189 2666 accipere
1222 2610 1365 2658 iussus,
1398 2616 1441 2649 et
1476 2608 1654 2649 scribere
1691 2608 1778 2663 ipse

444 2730 460 2749 ἰ
485 2721 552 2749 Ant
578 2716 747 2753 vetustate]
788 2715 889 2745 Cuius
915 2713 1068 2743 memoria
1112 2711 1227 2742 mirum
1258 2722 1295 2740 co
1325 2710 1450 2740 mittere
1480 2711 1617 2740 urbanas
1643 2708 1783 2749 legiones

401 2764 441 2793 ob
471 2760 712 2792 diuturnitatem
744 2757 896 2796 temporis
928 2756 988 2786 iam
1016 2767 1067 2785 cx·
1114 2766 1240 2785 neccsse
1256 2753 1351 2783 fuisse
1370 2753 1545 2790 existimat,
1561 2752 1635 2791 quia
1653 2752 1690 2782 P.
1704 2751 1780 2782 Cor-

401 2807 486 2835 oleta
500 2805 604 2834 fuerit.
1116 2797 1218 2827 nclius
1239 2796 1345 2825 consul
1368 2796 1542 2825 exercitum
1560 2795 1599 2824 de
1620 2792 1783 2833 provincia

444 2858 460 2886 ,ἦ
485 2848 616 2884 Halata]
643 2841 1062 2880 Delibcratiouiproposita.
1114 2841 1302 2875 deduxerat,
1332 2842 1362 2868 et
1396 2842 1466 2878 post
1497 2837 1697 2876 triumphum
1728 2845 1780 2865 ex-

445 2902 463 2928 4
490 2889 697 2921 Desinemdac
737 2887 879 2915 urbanae
916 2885 1068 2923 leyimies]
1115 2886 1341 2913 auctorum-at.
1365 2882 1402 2912 cf.
1414 2891 1498 2920 supr.
1512 2879 1619 2910 xxxvi.
1634 2888 1673 2919 39
1686 2881 1718 2909 et
1730 2887 1778 2915 40.

406 2935 566 2965 Deductae
590 2928 770 2962 Crevierius
793 2927 927 2959 mavult.
948 2926 1001 2965 qui
1027 2926 1069 2955 ni-
