<?xml version="1.0" encoding="UTF-8"?>
<!DOCTYPE html PUBLIC "-//W3C//DTD XHTML 1.0 Transitional//EN"
    "http://www.w3.org/TR/xhtml1/DTD/xhtml1-transitional.dtd">
<html xmlns="http://www.w3.org/1999/xhtml" xml:lang="en" lang="en">
 <head>
  <title>
</title>
<meta http-equiv="Content-Type" content="text/html;charset=utf-8" />
  <meta name='ocr-system' content='tesseract 3.04.00' />
  <meta name='ocr-capabilities' content='ocr_page ocr_carea ocr_par ocr_line ocrx_word'/>
</head>
<body>
  <div class='ocr_page' id='page_1' title='image "./historiarumli03livyuoft_0395.png"; bbox 0 0 1960 3218; ppageno 0'>
   <div class='ocr_carea' id='block_1_1' title="bbox 426 433 1440 498">
    <p class='ocr_par' dir='ltr' id='par_1_1' title="bbox 426 433 1440 498">
     <span class='ocr_line' id='line_1_1' title="bbox 426 433 1440 498; baseline -0.001 -2"><span class='ocrx_word' id='word_1_1' title='bbox 426 433 505 497; x_wconf 90' lang='lat' dir='ltr'>T.</span> <span class='ocrx_word' id='word_1_2' title='bbox 568 434 847 498; x_wconf 89' lang='lat' dir='ltr'>LIVII</span> <span class='ocrx_word' id='word_1_3' title='bbox 912 433 1177 497; x_wconf 84' lang='lat' dir='ltr'><strong>PATA</strong></span> <span class='ocrx_word' id='word_1_4' title='bbox 1201 433 1440 498; x_wconf 82' lang='lat' dir='ltr'>VINl</span> 
     </span>
    </p>
   </div>
   <div class='ocr_carea' id='block_1_2' title="bbox 584 637 1286 693">
    <p class='ocr_par' dir='ltr' id='par_1_2' title="bbox 584 637 1286 693">
     <span class='ocr_line' id='line_1_2' title="bbox 584 637 1286 693; baseline -0.006 0"><span class='ocrx_word' id='word_1_5' title='bbox 584 638 769 693; x_wconf 89' lang='lat' dir='ltr'>LIB</span> <span class='ocrx_word' id='word_1_6' title='bbox 804 638 850 691; x_wconf 84' lang='lat' dir='ltr'>E</span> <span class='ocrx_word' id='word_1_7' title='bbox 880 639 932 691; x_wconf 83' lang='lat' dir='ltr'><strong>R</strong></span> <span class='ocrx_word' id='word_1_8' title='bbox 998 637 1286 691; x_wconf 88' lang='lat' dir='ltr'>XXXIX.</span> 
     </span>
    </p>
   </div>
   <div class='ocr_carea' id='block_1_3' title="bbox 806 837 1068 863">
    <p class='ocr_par' dir='ltr' id='par_1_3' title="bbox 806 837 1068 863">
     <span class='ocr_line' id='line_1_3' title="bbox 806 837 1068 863; baseline 0 2355"><span class='ocrx_word' id='word_1_9' title='bbox 806 837 1068 863; x_wconf 95' lang='lat' dir='ltr'> </span> 
     </span>
    </p>
   </div>
   <div class='ocr_carea' id='block_1_4' title="bbox 207 1015 1856 2877">
    <p class='ocr_par' dir='ltr' id='par_1_4' title="bbox 357 1015 1853 1073">
     <span class='ocr_line' id='line_1_4' title="bbox 357 1015 1853 1073; baseline -0.001 -14"><span class='ocrx_word' id='word_1_10' title='bbox 357 1017 455 1059; x_wconf 92' lang='lat' dir='ltr'>UM</span> <span class='ocrx_word' id='word_1_11' title='bbox 476 1017 580 1059; x_wconf 85' lang='lat' dir='ltr'>haec</span> <span class='ocrx_word' id='word_1_12' title='bbox 602 1016 656 1073; x_wconf 88' lang='lat' dir='ltr'>(si</span> <span class='ocrx_word' id='word_1_13' title='bbox 678 1016 805 1058; x_wconf 88' lang='lat' dir='ltr'>modo</span> <span class='ocrx_word' id='word_1_14' title='bbox 827 1015 908 1057; x_wconf 90' lang='lat' dir='ltr'>hoe</span> <span class='ocrx_word' id='word_1_15' title='bbox 934 1031 1046 1057; x_wconf 88' lang='lat' dir='ltr'>anno</span> <span class='ocrx_word' id='word_1_16' title='bbox 1068 1024 1161 1058; x_wconf 86' lang='lat' dir='ltr'>aeta</span> <span class='ocrx_word' id='word_1_17' title='bbox 1181 1016 1300 1073; x_wconf 90' lang='lat' dir='ltr'>sunt)</span> <span class='ocrx_word' id='word_1_18' title='bbox 1323 1016 1486 1058; x_wconf 88' lang='lat' dir='ltr'>Romae</span> <span class='ocrx_word' id='word_1_19' title='bbox 1508 1031 1641 1072; x_wconf 81' lang='lat' dir='ltr'>agun-</span> <span class='ocrx_word' id='word_1_20' title='bbox 1656 1021 1700 1053; x_wconf 88' lang='lat' dir='ltr'>U·</span> <span class='ocrx_word' id='word_1_21' title='bbox 1718 1021 1756 1054; x_wconf 82' lang='lat' dir='ltr'>C.</span> <span class='ocrx_word' id='word_1_22' title='bbox 1781 1019 1853 1062; x_wconf 84' lang='lat'><strong>565.</strong></span> 
     </span>
    </p>

    <p class='ocr_par' dir='ltr' id='par_1_5' title="bbox 395 1064 1856 1139">
     <span class='ocr_line' id='line_1_5' title="bbox 395 1064 1856 1139; baseline -0.001 -23"><span class='ocrx_word' id='word_1_23' title='bbox 395 1084 475 1125; x_wconf 90' lang='lat' dir='ltr'>tur,</span> <span class='ocrx_word' id='word_1_24' title='bbox 508 1074 700 1116; x_wconf 89' lang='lat' dir='ltr'>consules</span> <span class='ocrx_word' id='word_1_25' title='bbox 732 1074 855 1115; x_wconf 91' lang='lat' dir='ltr'>ambo</span> <span class='ocrx_word' id='word_1_26' title='bbox 892 1074 937 1114; x_wconf 91' lang='lat' dir='ltr'>in</span> <span class='ocrx_word' id='word_1_27' title='bbox 968 1074 1197 1129; x_wconf 79' lang='lat' dir='ltr'>Liguribus</span> <span class='ocrx_word' id='word_1_28' title='bbox 1228 1075 1432 1130; x_wconf 82' lang='lat' dir='ltr'>gerebant</span> <span class='ocrx_word' id='word_1_29' title='bbox 1467 1074 1637 1116; x_wconf 89' lang='lat' dir='ltr'>bellum.</span> <span class='ocrx_word' id='word_1_30' title='bbox 1654 1066 1694 1139; x_wconf 42' lang='lat' dir='ltr'>‘fat</span> <span class='ocrx_word' id='word_1_31' title='bbox 1717 1064 1856 1138; x_wconf 41' lang='lat'>&amp;3³87-</span> 
     </span>
    </p>

    <p class='ocr_par' dir='ltr' id='par_1_6' title="bbox 207 1119 1847 1191">
     <span class='ocr_line' id='line_1_6' title="bbox 207 1119 1847 1191; baseline 0 -17"><span class='ocrx_word' id='word_1_32' title='bbox 207 1143 219 1164; x_wconf 93' lang='lat'>1</span> <span class='ocrx_word' id='word_1_33' title='bbox 235 1132 278 1174; x_wconf 89' lang='lat' dir='ltr'>Is</span> <span class='ocrx_word' id='word_1_34' title='bbox 298 1132 429 1174; x_wconf 82' lang='lat' dir='ltr'>hostis</span> <span class='ocrx_word' id='word_1_35' title='bbox 449 1132 566 1174; x_wconf 82' lang='lat' dir='ltr'>velut</span> <span class='ocrx_word' id='word_1_36' title='bbox 596 1140 720 1173; x_wconf 89' lang='lat' dir='ltr'>natus</span> <span class='ocrx_word' id='word_1_37' title='bbox 751 1132 803 1172; x_wconf 89' lang='lat' dir='ltr'>ad</span> <span class='ocrx_word' id='word_1_38' title='bbox 836 1131 1137 1172; x_wconf 83' lang='lat' dir='ltr'>continendam</span> <span class='ocrx_word' id='word_1_39' title='bbox 1164 1132 1275 1173; x_wconf 90' lang='lat' dir='ltr'>inter</span> <span class='ocrx_word' id='word_1_40' title='bbox 1295 1147 1545 1188; x_wconf 81' lang='lat' dir='ltr'>magnorum</span> <span class='ocrx_word' id='word_1_41' title='bbox 1576 1132 1641 1172; x_wconf 89' lang='lat' dir='ltr'>in·</span> <span class='ocrx_word' id='word_1_42' title='bbox 1654 1119 1762 1182; x_wconf 52' lang='lat' dir='ltr'>hogtes</span> <span class='ocrx_word' id='word_1_43' title='bbox 1777 1161 1847 1191; x_wconf 87' lang='lat' dir='ltr'>per-</span> 
     </span>
    </p>

    <p class='ocr_par' dir='ltr' id='par_1_7' title="bbox 211 1188 1856 2341">
     <span class='ocr_line' id='line_1_7' title="bbox 236 1188 1856 1245; baseline -0.001 -13"><span class='ocrx_word' id='word_1_44' title='bbox 236 1191 408 1232; x_wconf 87' lang='lat' dir='ltr'>tervalla</span> <span class='ocrx_word' id='word_1_45' title='bbox 428 1190 635 1232; x_wconf 91' lang='lat' dir='ltr'>bellorum</span> <span class='ocrx_word' id='word_1_46' title='bbox 659 1189 864 1230; x_wconf 86' lang='lat' dir='ltr'>Romanis</span> <span class='ocrx_word' id='word_1_47' title='bbox 887 1188 1109 1230; x_wconf 88' lang='lat' dir='ltr'>militarem</span> <span class='ocrx_word' id='word_1_48' title='bbox 1127 1189 1392 1245; x_wconf 84' lang='lat' dir='ltr'>disciplinam</span> <span class='ocrx_word' id='word_1_49' title='bbox 1416 1198 1526 1231; x_wconf 85' lang='lat' dir='ltr'>erat:</span> <span class='ocrx_word' id='word_1_50' title='bbox 1562 1205 1641 1230; x_wconf 83' lang='lat' dir='ltr'>nec</span> <span class='ocrx_word' id='word_1_51' title='bbox 1655 1194 1746 1235; x_wconf 84' lang='lat' dir='ltr'>petui</span> <span class='ocrx_word' id='word_1_52' title='bbox 1760 1195 1798 1226; x_wconf 85' lang='lat' dir='ltr'>P·</span> <span class='ocrx_word' id='word_1_53' title='bbox 1812 1194 1856 1227; x_wconf 82' lang='lat' dir='ltr'>R·</span> 
     </span>
     <span class='ocr_line' id='line_1_8' title="bbox 236 1246 1642 1305; baseline -0.001 -16"><span class='ocrx_word' id='word_1_54' title='bbox 236 1248 317 1290; x_wconf 87' lang='lat' dir='ltr'>alia</span> <span class='ocrx_word' id='word_1_55' title='bbox 346 1248 564 1305; x_wconf 83' lang='lat' dir='ltr'>provincia</span> <span class='ocrx_word' id='word_1_56' title='bbox 595 1247 772 1288; x_wconf 89' lang='lat' dir='ltr'>militem</span> <span class='ocrx_word' id='word_1_57' title='bbox 804 1247 937 1302; x_wconf 88' lang='lat' dir='ltr'>magis</span> <span class='ocrx_word' id='word_1_58' title='bbox 969 1246 1022 1287; x_wconf 84' lang='lat' dir='ltr'>ad</span> <span class='ocrx_word' id='word_1_59' title='bbox 1047 1247 1245 1288; x_wconf 85' lang='lat' dir='ltr'>virtutem</span> <span class='ocrx_word' id='word_1_60' title='bbox 1275 1248 1463 1289; x_wconf 89' lang='lat' dir='ltr'>acuebat.</span> <span class='ocrx_word' id='word_1_61' title='bbox 1528 1247 1642 1288; x_wconf 89' lang='lat' dir='ltr'>Nam</span> 
     </span>
     <span class='ocr_line' id='line_1_9' title="bbox 236 1304 1644 1360; baseline -0.001 -13"><span class='ocrx_word' id='word_1_62' title='bbox 236 1306 354 1356; x_wconf 83' lang='lat' dir='ltr'>Asia,</span> <span class='ocrx_word' id='word_1_63' title='bbox 377 1315 420 1347; x_wconf 92' lang='lat' dir='ltr'>et</span> <span class='ocrx_word' id='word_1_64' title='bbox 441 1305 695 1346; x_wconf 88' lang='lat' dir='ltr'>amoenitate</span> <span class='ocrx_word' id='word_1_65' title='bbox 718 1304 898 1354; x_wconf 87' lang='lat' dir='ltr'>urbium,</span> <span class='ocrx_word' id='word_1_66' title='bbox 922 1312 964 1345; x_wconf 91' lang='lat' dir='ltr'>et</span> <span class='ocrx_word' id='word_1_67' title='bbox 986 1305 1108 1360; x_wconf 87' lang='lat' dir='ltr'>copia</span> <span class='ocrx_word' id='word_1_68' title='bbox 1128 1305 1388 1346; x_wconf 90' lang='lat' dir='ltr'>terrestrium</span> <span class='ocrx_word' id='word_1_69' title='bbox 1416 1305 1644 1346; x_wconf 87' lang='lat' dir='ltr'>maritima-</span> 
     </span>
     <span class='ocr_line' id='line_1_10' title="bbox 235 1361 1644 1420; baseline -0.001 -16"><span class='ocrx_word' id='word_1_70' title='bbox 235 1378 414 1420; x_wconf 87' lang='lat' dir='ltr'>rumque</span> <span class='ocrx_word' id='word_1_71' title='bbox 446 1378 599 1412; x_wconf 91' lang='lat' dir='ltr'>rerum,</span> <span class='ocrx_word' id='word_1_72' title='bbox 623 1371 666 1403; x_wconf 92' lang='lat' dir='ltr'>et</span> <span class='ocrx_word' id='word_1_73' title='bbox 697 1361 874 1402; x_wconf 87' lang='lat' dir='ltr'>mollitia</span> <span class='ocrx_word' id='word_1_74' title='bbox 904 1361 1089 1402; x_wconf 89' lang='lat' dir='ltr'>hostium</span> <span class='ocrx_word' id='word_1_75' title='bbox 1122 1363 1334 1418; x_wconf 85' lang='lat' dir='ltr'>regiisque</span> <span class='ocrx_word' id='word_1_76' title='bbox 1358 1363 1521 1418; x_wconf 84' lang='lat' dir='ltr'>opibus,</span> <span class='ocrx_word' id='word_1_77' title='bbox 1545 1363 1644 1403; x_wconf 90' lang='lat' dir='ltr'>diti-</span> 
     </span>
     <span class='ocr_line' id='line_1_11' title="bbox 236 1419 1642 1477; baseline -0.001 -15"><span class='ocrx_word' id='word_1_78' title='bbox 236 1436 342 1471; x_wconf 82' lang='lat' dir='ltr'>ores,</span> <span class='ocrx_word' id='word_1_79' title='bbox 361 1436 489 1477; x_wconf 91' lang='lat' dir='ltr'>quam</span> <span class='ocrx_word' id='word_1_80' title='bbox 510 1420 713 1469; x_wconf 83' lang='lat' dir='ltr'>fortiores,</span> <span class='ocrx_word' id='word_1_81' title='bbox 737 1419 948 1461; x_wconf 80' lang='lat' dir='ltr'>exercitus</span> <span class='ocrx_word' id='word_1_82' title='bbox 969 1419 1161 1460; x_wconf 78' lang='lat' dir='ltr'>faciebat.</span> <span class='ocrx_word' id='word_1_83' title='bbox 1210 1419 1445 1476; x_wconf 83' lang='lat' dir='ltr'>Praecipue</span> <span class='ocrx_word' id='word_1_84' title='bbox 1467 1421 1543 1461; x_wconf 92' lang='lat' dir='ltr'>sub</span> <span class='ocrx_word' id='word_1_85' title='bbox 1565 1420 1642 1460; x_wconf 90' lang='lat' dir='ltr'>im-</span> 
     </span>
     <span class='ocr_line' id='line_1_12' title="bbox 236 1476 1644 1535; baseline -0.001 -15"><span class='ocrx_word' id='word_1_86' title='bbox 236 1479 355 1535; x_wconf 87' lang='lat' dir='ltr'>perio</span> <span class='ocrx_word' id='word_1_87' title='bbox 380 1478 461 1520; x_wconf 87' lang='lat' dir='ltr'>Cn.</span> <span class='ocrx_word' id='word_1_88' title='bbox 484 1477 639 1519; x_wconf 89' lang='lat' dir='ltr'>Manlii</span> <span class='ocrx_word' id='word_1_89' title='bbox 661 1477 795 1519; x_wconf 90' lang='lat' dir='ltr'>solute</span> <span class='ocrx_word' id='word_1_90' title='bbox 818 1492 865 1518; x_wconf 87' lang='lat' dir='ltr'>ac</span> <span class='ocrx_word' id='word_1_91' title='bbox 887 1476 1154 1533; x_wconf 77' lang='lat' dir='ltr'>negligenter</span> <span class='ocrx_word' id='word_1_92' title='bbox 1174 1477 1308 1519; x_wconf 87' lang='lat' dir='ltr'>habiti</span> <span class='ocrx_word' id='word_1_93' title='bbox 1331 1486 1439 1519; x_wconf 88' lang='lat' dir='ltr'>sunt.</span> <span class='ocrx_word' id='word_1_94' title='bbox 1494 1477 1644 1534; x_wconf 88' lang='lat' dir='ltr'>Itaque</span> 
     </span>
     <span class='ocr_line' id='line_1_13' title="bbox 238 1534 1646 1592; baseline -0.001 -15"><span class='ocrx_word' id='word_1_95' title='bbox 238 1536 424 1592; x_wconf 86' lang='lat' dir='ltr'>asperius</span> <span class='ocrx_word' id='word_1_96' title='bbox 449 1535 589 1592; x_wconf 91' lang='lat' dir='ltr'>paullo</span> <span class='ocrx_word' id='word_1_97' title='bbox 611 1535 691 1576; x_wconf 88' lang='lat' dir='ltr'>iter</span> <span class='ocrx_word' id='word_1_98' title='bbox 712 1535 755 1575; x_wconf 88' lang='lat' dir='ltr'>in</span> <span class='ocrx_word' id='word_1_99' title='bbox 774 1534 969 1583; x_wconf 80' lang='lat' dir='ltr'>Thracia,</span> <span class='ocrx_word' id='word_1_100' title='bbox 988 1543 1030 1575; x_wconf 89' lang='lat' dir='ltr'>et</span> <span class='ocrx_word' id='word_1_101' title='bbox 1052 1535 1321 1576; x_wconf 81' lang='lat' dir='ltr'>exercitatior</span> <span class='ocrx_word' id='word_1_102' title='bbox 1340 1535 1471 1576; x_wconf 86' lang='lat' dir='ltr'>hostis</span> <span class='ocrx_word' id='word_1_103' title='bbox 1494 1550 1646 1591; x_wconf 89' lang='lat' dir='ltr'>magna</span> 
     </span>
     <span class='ocr_line' id='line_1_14' title="bbox 237 1591 1647 1649; baseline -0.002 -14"><span class='ocrx_word' id='word_1_104' title='bbox 237 1593 355 1635; x_wconf 85' lang='lat' dir='ltr'>clade</span> <span class='ocrx_word' id='word_1_105' title='bbox 378 1609 449 1634; x_wconf 90' lang='lat' dir='ltr'>eos</span> <span class='ocrx_word' id='word_1_106' title='bbox 470 1593 698 1649; x_wconf 84' lang='lat' dir='ltr'>castigavit.</span> <span class='ocrx_word' id='word_1_107' title='bbox 761 1591 813 1632; x_wconf 91' lang='lat' dir='ltr'>In</span> <span class='ocrx_word' id='word_1_108' title='bbox 832 1592 1061 1647; x_wconf 80' lang='lat' dir='ltr'>Liguribus</span> <span class='ocrx_word' id='word_1_109' title='bbox 1083 1593 1226 1633; x_wconf 89' lang='lat' dir='ltr'>omnia</span> <span class='ocrx_word' id='word_1_110' title='bbox 1247 1601 1380 1642; x_wconf 87' lang='lat' dir='ltr'>erant,</span> <span class='ocrx_word' id='word_1_111' title='bbox 1405 1608 1512 1648; x_wconf 80' lang='lat' dir='ltr'>quae</span> <span class='ocrx_word' id='word_1_112' title='bbox 1536 1592 1647 1633; x_wconf 89' lang='lat' dir='ltr'>mili-</span> 
     </span>
     <span class='ocr_line' id='line_1_15' title="bbox 237 1650 1647 1706; baseline -0.001 -13"><span class='ocrx_word' id='word_1_113' title='bbox 237 1660 323 1693; x_wconf 86' lang='lat' dir='ltr'>tem</span> <span class='ocrx_word' id='word_1_114' title='bbox 356 1651 616 1692; x_wconf 84' lang='lat' dir='ltr'>excitarent:</span> <span class='ocrx_word' id='word_1_115' title='bbox 650 1650 741 1691; x_wconf 89' lang='lat' dir='ltr'>loea</span> <span class='ocrx_word' id='word_1_116' title='bbox 772 1659 972 1690; x_wconf 87' lang='lat' dir='ltr'>montana</span> <span class='ocrx_word' id='word_1_117' title='bbox 1003 1658 1046 1690; x_wconf 91' lang='lat' dir='ltr'>et</span> <span class='ocrx_word' id='word_1_118' title='bbox 1077 1665 1236 1706; x_wconf 84' lang='lat' dir='ltr'>aspera,</span> <span class='ocrx_word' id='word_1_119' title='bbox 1261 1665 1369 1706; x_wconf 91' lang='lat' dir='ltr'>quae</span> <span class='ocrx_word' id='word_1_120' title='bbox 1393 1660 1436 1691; x_wconf 89' lang='lat' dir='ltr'>et</span> <span class='ocrx_word' id='word_1_121' title='bbox 1456 1651 1556 1706; x_wconf 86' lang='lat' dir='ltr'>ipsis</span> <span class='ocrx_word' id='word_1_122' title='bbox 1579 1665 1647 1691; x_wconf 89' lang='lat' dir='ltr'>ca-</span> 
     </span>
     <span class='ocr_line' id='line_1_16' title="bbox 237 1707 1647 1766; baseline -0.001 -16"><span class='ocrx_word' id='word_1_123' title='bbox 237 1724 337 1766; x_wconf 88' lang='lat' dir='ltr'>pere</span> <span class='ocrx_word' id='word_1_124' title='bbox 359 1708 476 1750; x_wconf 88' lang='lat' dir='ltr'>labor</span> <span class='ocrx_word' id='word_1_125' title='bbox 493 1716 594 1757; x_wconf 89' lang='lat' dir='ltr'>erat,</span> <span class='ocrx_word' id='word_1_126' title='bbox 610 1716 652 1749; x_wconf 91' lang='lat' dir='ltr'>et</span> <span class='ocrx_word' id='word_1_127' title='bbox 668 1723 721 1748; x_wconf 81' lang='lat' dir='ltr'>ex</span> <span class='ocrx_word' id='word_1_128' title='bbox 742 1707 1060 1763; x_wconf 82' lang='lat' dir='ltr'>praeoccupatis</span> <span class='ocrx_word' id='word_1_129' title='bbox 1078 1707 1259 1749; x_wconf 89' lang='lat' dir='ltr'>deiicere</span> <span class='ocrx_word' id='word_1_130' title='bbox 1277 1708 1442 1749; x_wconf 86' lang='lat' dir='ltr'>hostem</span> <span class='ocrx_word' id='word_1_131' title='bbox 1457 1724 1465 1748; x_wconf 93' lang='lat'>:</span> <span class='ocrx_word' id='word_1_132' title='bbox 1494 1708 1647 1749; x_wconf 84' lang='lat' dir='ltr'>itinera</span> 
     </span>
     <span class='ocr_line' id='line_1_17' title="bbox 238 1764 1647 1823; baseline -0.001 -15"><span class='ocrx_word' id='word_1_133' title='bbox 238 1766 380 1816; x_wconf 88' lang='lat' dir='ltr'>ardua,</span> <span class='ocrx_word' id='word_1_134' title='bbox 404 1774 592 1823; x_wconf 86' lang='lat' dir='ltr'>angusta,</span> <span class='ocrx_word' id='word_1_135' title='bbox 616 1765 766 1806; x_wconf 86' lang='lat' dir='ltr'>infesta</span> <span class='ocrx_word' id='word_1_136' title='bbox 787 1764 972 1806; x_wconf 82' lang='lat' dir='ltr'>insidiis:</span> <span class='ocrx_word' id='word_1_137' title='bbox 1006 1764 1137 1805; x_wconf 87' lang='lat' dir='ltr'>hostis</span> <span class='ocrx_word' id='word_1_138' title='bbox 1159 1765 1274 1815; x_wconf 86' lang='lat' dir='ltr'>levis,</span> <span class='ocrx_word' id='word_1_139' title='bbox 1294 1774 1336 1806; x_wconf 93' lang='lat' dir='ltr'>et</span> <span class='ocrx_word' id='word_1_140' title='bbox 1357 1765 1494 1815; x_wconf 80' lang='lat' dir='ltr'>velox,</span> <span class='ocrx_word' id='word_1_141' title='bbox 1518 1774 1560 1806; x_wconf 89' lang='lat' dir='ltr'>et</span> <span class='ocrx_word' id='word_1_142' title='bbox 1581 1780 1647 1806; x_wconf 92' lang='lat' dir='ltr'>re-</span> 
     </span>
     <span class='ocr_line' id='line_1_18' title="bbox 238 1822 1646 1881; baseline -0.002 -15"><span class='ocrx_word' id='word_1_143' title='bbox 238 1825 451 1881; x_wconf 86' lang='lat' dir='ltr'>pentinus,</span> <span class='ocrx_word' id='word_1_144' title='bbox 475 1824 548 1880; x_wconf 89' lang='lat' dir='ltr'>qui</span> <span class='ocrx_word' id='word_1_145' title='bbox 580 1822 744 1863; x_wconf 89' lang='lat' dir='ltr'>nullum</span> <span class='ocrx_word' id='word_1_146' title='bbox 771 1837 948 1878; x_wconf 87' lang='lat' dir='ltr'>usquam</span> <span class='ocrx_word' id='word_1_147' title='bbox 973 1830 1151 1878; x_wconf 82' lang='lat' dir='ltr'>tempus,</span> <span class='ocrx_word' id='word_1_148' title='bbox 1176 1823 1339 1864; x_wconf 90' lang='lat' dir='ltr'>nullum</span> <span class='ocrx_word' id='word_1_149' title='bbox 1363 1823 1503 1864; x_wconf 87' lang='lat' dir='ltr'>locum</span> <span class='ocrx_word' id='word_1_150' title='bbox 1526 1823 1646 1880; x_wconf 89' lang='lat' dir='ltr'>quie-</span> 
     </span>
     <span class='ocr_line' id='line_1_19' title="bbox 239 1880 1646 1936; baseline -0.001 -13"><span class='ocrx_word' id='word_1_151' title='bbox 239 1892 329 1923; x_wconf 89' lang='lat' dir='ltr'>tum</span> <span class='ocrx_word' id='word_1_152' title='bbox 352 1891 423 1923; x_wconf 89' lang='lat' dir='ltr'>aut</span> <span class='ocrx_word' id='word_1_153' title='bbox 445 1896 639 1923; x_wconf 86' lang='lat' dir='ltr'>securum</span> <span class='ocrx_word' id='word_1_154' title='bbox 662 1896 749 1921; x_wconf 84' lang='lat' dir='ltr'>esse</span> <span class='ocrx_word' id='word_1_155' title='bbox 779 1880 960 1921; x_wconf 84' lang='lat' dir='ltr'>sineret:</span> <span class='ocrx_word' id='word_1_156' title='bbox 1000 1881 1260 1936; x_wconf 80' lang='lat' dir='ltr'>oppugnatio</span> <span class='ocrx_word' id='word_1_157' title='bbox 1289 1881 1523 1922; x_wconf 85' lang='lat' dir='ltr'>necessaria</span> <span class='ocrx_word' id='word_1_158' title='bbox 1554 1896 1646 1921; x_wconf 89' lang='lat' dir='ltr'>mu-</span> 
     </span>
     <span class='ocr_line' id='line_1_20' title="bbox 238 1937 1647 1994; baseline -0.001 -14"><span class='ocrx_word' id='word_1_159' title='bbox 238 1940 423 1981; x_wconf 89' lang='lat' dir='ltr'>nitorum</span> <span class='ocrx_word' id='word_1_160' title='bbox 453 1938 731 1987; x_wconf 80' lang='lat' dir='ltr'>castellorum,</span> <span class='ocrx_word' id='word_1_161' title='bbox 756 1938 962 1978; x_wconf 86' lang='lat' dir='ltr'>laboriosa</span> <span class='ocrx_word' id='word_1_162' title='bbox 994 1937 1119 1978; x_wconf 89' lang='lat' dir='ltr'>simul</span> <span class='ocrx_word' id='word_1_163' title='bbox 1147 1938 1490 1994; x_wconf 85' lang='lat' dir='ltr'>periculosaque:</span> <span class='ocrx_word' id='word_1_164' title='bbox 1524 1938 1647 1994; x_wconf 87' lang='lat' dir='ltr'>inops</span> 
     </span>
     <span class='ocr_line' id='line_1_21' title="bbox 238 1995 1647 2053; baseline -0.001 -15"><span class='ocrx_word' id='word_1_165' title='bbox 238 1997 370 2053; x_wconf 88' lang='lat' dir='ltr'>regio,</span> <span class='ocrx_word' id='word_1_166' title='bbox 402 2012 509 2052; x_wconf 89' lang='lat' dir='ltr'>quae</span> <span class='ocrx_word' id='word_1_167' title='bbox 544 1995 799 2052; x_wconf 81' lang='lat' dir='ltr'>parsimonia</span> <span class='ocrx_word' id='word_1_168' title='bbox 830 1995 1079 2050; x_wconf 81' lang='lat' dir='ltr'>astringeret</span> <span class='ocrx_word' id='word_1_169' title='bbox 1113 1995 1280 2045; x_wconf 79' lang='lat' dir='ltr'>milites,</span> <span class='ocrx_word' id='word_1_170' title='bbox 1313 1996 1493 2052; x_wconf 85' lang='lat' dir='ltr'>praedae</span> <span class='ocrx_word' id='word_1_171' title='bbox 1530 1995 1647 2036; x_wconf 87' lang='lat' dir='ltr'>haud</span> 
     </span>
     <span class='ocr_line' id='line_1_22' title="bbox 239 2052 1647 2110; baseline -0.001 -15"><span class='ocrx_word' id='word_1_172' title='bbox 239 2055 419 2095; x_wconf 88' lang='lat' dir='ltr'>multum</span> <span class='ocrx_word' id='word_1_173' title='bbox 454 2055 685 2110; x_wconf 83' lang='lat' dir='ltr'>praeberet.</span> <span class='ocrx_word' id='word_1_174' title='bbox 749 2052 898 2108; x_wconf 86' lang='lat' dir='ltr'>Itaque</span> <span class='ocrx_word' id='word_1_175' title='bbox 932 2067 1018 2093; x_wconf 88' lang='lat' dir='ltr'>non</span> <span class='ocrx_word' id='word_1_176' title='bbox 1047 2053 1133 2093; x_wconf 85' lang='lat' dir='ltr'>lixa</span> <span class='ocrx_word' id='word_1_177' title='bbox 1166 2054 1434 2109; x_wconf 81' lang='lat' dir='ltr'>sequebatur,</span> <span class='ocrx_word' id='word_1_178' title='bbox 1467 2069 1553 2094; x_wconf 91' lang='lat' dir='ltr'>non</span> <span class='ocrx_word' id='word_1_179' title='bbox 1582 2053 1647 2093; x_wconf 90' lang='lat' dir='ltr'>iu-</span> 
     </span>
     <span class='ocr_line' id='line_1_23' title="bbox 241 2110 1647 2167; baseline -0.001 -14"><span class='ocrx_word' id='word_1_180' title='bbox 241 2121 479 2153; x_wconf 87' lang='lat' dir='ltr'>mentorum</span> <span class='ocrx_word' id='word_1_181' title='bbox 512 2111 662 2167; x_wconf 83' lang='lat' dir='ltr'>longus</span> <span class='ocrx_word' id='word_1_182' title='bbox 695 2110 796 2151; x_wconf 87' lang='lat' dir='ltr'>ordo</span> <span class='ocrx_word' id='word_1_183' title='bbox 829 2125 980 2165; x_wconf 86' lang='lat' dir='ltr'>agmen</span> <span class='ocrx_word' id='word_1_184' title='bbox 1012 2110 1294 2151; x_wconf 79' lang='lat' dir='ltr'>extendebat:</span> <span class='ocrx_word' id='word_1_185' title='bbox 1331 2111 1450 2160; x_wconf 92' lang='lat' dir='ltr'>nihil,</span> <span class='ocrx_word' id='word_1_186' title='bbox 1481 2120 1647 2166; x_wconf 88' lang='lat' dir='ltr'>praeter</span> 
     </span>
     <span class='ocr_line' id='line_1_24' title="bbox 241 2167 1645 2223; baseline -0.001 -13"><span class='ocrx_word' id='word_1_187' title='bbox 241 2184 356 2210; x_wconf 88' lang='lat' dir='ltr'>arma</span> <span class='ocrx_word' id='word_1_188' title='bbox 376 2177 418 2210; x_wconf 91' lang='lat' dir='ltr'>et</span> <span class='ocrx_word' id='word_1_189' title='bbox 439 2169 549 2209; x_wconf 88' lang='lat' dir='ltr'>viros</span> <span class='ocrx_word' id='word_1_190' title='bbox 571 2183 739 2209; x_wconf 89' lang='lat' dir='ltr'>omnem</span> <span class='ocrx_word' id='word_1_191' title='bbox 769 2182 886 2223; x_wconf 87' lang='lat' dir='ltr'>spem</span> <span class='ocrx_word' id='word_1_192' title='bbox 913 2167 957 2207; x_wconf 91' lang='lat' dir='ltr'>in</span> <span class='ocrx_word' id='word_1_193' title='bbox 988 2167 1113 2208; x_wconf 89' lang='lat' dir='ltr'>armis</span> <span class='ocrx_word' id='word_1_194' title='bbox 1145 2168 1363 2217; x_wconf 83' lang='lat' dir='ltr'>habentes,</span> <span class='ocrx_word' id='word_1_195' title='bbox 1387 2176 1486 2209; x_wconf 86' lang='lat' dir='ltr'>erat.</span> <span class='ocrx_word' id='word_1_196' title='bbox 1551 2168 1645 2209; x_wconf 87' lang='lat' dir='ltr'>Nee</span> 
     </span>
     <span class='ocr_line' id='line_1_25' title="bbox 211 2224 1647 2282; baseline -0.001 -14"><span class='ocrx_word' id='word_1_197' title='bbox 211 2227 386 2268; x_wconf 84' lang='lat' dir='ltr'>2deerat</span> <span class='ocrx_word' id='word_1_198' title='bbox 415 2242 603 2282; x_wconf 84' lang='lat' dir='ltr'>unquam</span> <span class='ocrx_word' id='word_1_199' title='bbox 635 2241 731 2266; x_wconf 90' lang='lat' dir='ltr'>cum</span> <span class='ocrx_word' id='word_1_200' title='bbox 764 2225 813 2265; x_wconf 87' lang='lat' dir='ltr'>iis</span> <span class='ocrx_word' id='word_1_201' title='bbox 835 2224 901 2265; x_wconf 90' lang='lat' dir='ltr'>vel</span> <span class='ocrx_word' id='word_1_202' title='bbox 934 2225 1109 2265; x_wconf 88' lang='lat' dir='ltr'>materia</span> <span class='ocrx_word' id='word_1_203' title='bbox 1140 2225 1252 2275; x_wconf 81' lang='lat' dir='ltr'>belli,</span> <span class='ocrx_word' id='word_1_204' title='bbox 1275 2226 1342 2266; x_wconf 85' lang='lat' dir='ltr'>vel</span> <span class='ocrx_word' id='word_1_205' title='bbox 1364 2241 1512 2275; x_wconf 80' lang='lat' dir='ltr'>causa3</span> <span class='ocrx_word' id='word_1_206' title='bbox 1547 2226 1647 2281; x_wconf 90' lang='lat' dir='ltr'>quia</span> 
     </span>
     <span class='ocr_line' id='line_1_26' title="bbox 240 2282 1642 2341; baseline -0.001 -16"><span class='ocrx_word' id='word_1_207' title='bbox 240 2294 413 2341; x_wconf 87' lang='lat' dir='ltr'>propter</span> <span class='ocrx_word' id='word_1_208' title='bbox 454 2283 728 2325; x_wconf 82' lang='lat' dir='ltr'>domesticam</span> <span class='ocrx_word' id='word_1_209' title='bbox 770 2282 955 2337; x_wconf 89' lang='lat' dir='ltr'>inopiam</span> <span class='ocrx_word' id='word_1_210' title='bbox 997 2282 1157 2323; x_wconf 86' lang='lat' dir='ltr'>vicinos</span> <span class='ocrx_word' id='word_1_211' title='bbox 1199 2298 1318 2339; x_wconf 83' lang='lat' dir='ltr'>agros</span> <span class='ocrx_word' id='word_1_212' title='bbox 1361 2283 1642 2324; x_wconf 82' lang='lat' dir='ltr'>incursabant.</span> 
     </span>
    </p>

    <p class='ocr_par' dir='ltr' id='par_1_8' title="bbox 242 2341 1489 2397">
     <span class='ocr_line' id='line_1_27' title="bbox 242 2341 1489 2397; baseline -0.002 -13"><span class='ocrx_word' id='word_1_213' title='bbox 242 2341 337 2384; x_wconf 90' lang='lat' dir='ltr'>Nec</span> <span class='ocrx_word' id='word_1_214' title='bbox 360 2351 501 2383; x_wconf 86' lang='lat' dir='ltr'>tamen</span> <span class='ocrx_word' id='word_1_215' title='bbox 524 2342 567 2381; x_wconf 92' lang='lat' dir='ltr'>in</span> <span class='ocrx_word' id='word_1_216' title='bbox 590 2341 817 2382; x_wconf 79' lang='lat' dir='ltr'>discrimen</span> <span class='ocrx_word' id='word_1_217' title='bbox 838 2355 1025 2380; x_wconf 87' lang='lat' dir='ltr'>summae</span> <span class='ocrx_word' id='word_1_218' title='bbox 1048 2355 1188 2380; x_wconf 91' lang='lat' dir='ltr'>rerum</span> <span class='ocrx_word' id='word_1_219' title='bbox 1210 2341 1489 2397; x_wconf 85' lang='lat' dir='ltr'>pugnabatur.</span> 
     </span>
    </p>

    <p class='ocr_par' dir='ltr' id='par_1_9' title="bbox 243 2396 1839 2571">
     <span class='ocr_line' id='line_1_28' title="bbox 303 2396 1775 2454; baseline -0.001 -13"><span class='ocrx_word' id='word_1_220' title='bbox 303 2400 353 2441; x_wconf 85' lang='lat' dir='ltr'>C.</span> <span class='ocrx_word' id='word_1_221' title='bbox 372 2399 604 2441; x_wconf 84' lang='lat' dir='ltr'>Flaminius</span> <span class='ocrx_word' id='word_1_222' title='bbox 632 2397 791 2447; x_wconf 83' lang='lat' dir='ltr'>consul,</span> <span class='ocrx_word' id='word_1_223' title='bbox 815 2412 910 2437; x_wconf 83' lang='lat' dir='ltr'>cum</span> <span class='ocrx_word' id='word_1_224' title='bbox 934 2396 1189 2439; x_wconf 83' lang='lat' dir='ltr'>Friniatibus</span> <span class='ocrx_word' id='word_1_225' title='bbox 1213 2398 1441 2454; x_wconf 84' lang='lat' dir='ltr'>Liguribus</span> <span class='ocrx_word' id='word_1_226' title='bbox 1469 2398 1512 2438; x_wconf 90' lang='lat' dir='ltr'>in</span> <span class='ocrx_word' id='word_1_227' title='bbox 1545 2413 1644 2454; x_wconf 88' lang='lat' dir='ltr'>agro</span> <span class='ocrx_word' id='word_1_228' title='bbox 1737 2396 1775 2433; x_wconf 81' lang='lat'>2·</span> 
     </span>
     <span class='ocr_line' id='line_1_29' title="bbox 243 2452 1821 2513; baseline -0.001 -15"><span class='ocrx_word' id='word_1_229' title='bbox 243 2473 386 2499; x_wconf 91' lang='lat' dir='ltr'>eorum</span> <span class='ocrx_word' id='word_1_230' title='bbox 414 2457 603 2513; x_wconf 87' lang='lat' dir='ltr'>pluribus</span> <span class='ocrx_word' id='word_1_231' title='bbox 628 2455 796 2512; x_wconf 86' lang='lat' dir='ltr'>proeliis</span> <span class='ocrx_word' id='word_1_232' title='bbox 819 2454 1014 2495; x_wconf 87' lang='lat' dir='ltr'>secundis</span> <span class='ocrx_word' id='word_1_233' title='bbox 1035 2455 1166 2505; x_wconf 84' lang='lat' dir='ltr'>factis,</span> <span class='ocrx_word' id='word_1_234' title='bbox 1191 2456 1236 2496; x_wconf 87' lang='lat' dir='ltr'>in</span> <span class='ocrx_word' id='word_1_235' title='bbox 1258 2456 1519 2497; x_wconf 89' lang='lat' dir='ltr'>deditionem</span> <span class='ocrx_word' id='word_1_236' title='bbox 1541 2471 1645 2512; x_wconf 87' lang='lat' dir='ltr'>gen-</span> <span class='ocrx_word' id='word_1_237' title='bbox 1660 2452 1821 2511; x_wconf 60' lang='lat' dir='ltr'>Adversus</span> 
     </span>
     <span class='ocr_line' id='line_1_30' title="bbox 243 2505 1839 2571; baseline -0.001 -15"><span class='ocrx_word' id='word_1_238' title='bbox 243 2523 329 2556; x_wconf 91' lang='lat' dir='ltr'>tem</span> <span class='ocrx_word' id='word_1_239' title='bbox 358 2515 531 2571; x_wconf 82' lang='lat' dir='ltr'>accepit,</span> <span class='ocrx_word' id='word_1_240' title='bbox 564 2523 606 2555; x_wconf 94' lang='lat' dir='ltr'>et</span> <span class='ocrx_word' id='word_1_241' title='bbox 638 2528 754 2555; x_wconf 88' lang='lat' dir='ltr'>arma</span> <span class='ocrx_word' id='word_1_242' title='bbox 791 2512 960 2554; x_wconf 85' lang='lat' dir='ltr'>ademit.</span> <span class='ocrx_word' id='word_1_243' title='bbox 1025 2512 1089 2553; x_wconf 85' lang='lat' dir='ltr'>Ea</span> <span class='ocrx_word' id='word_1_244' title='bbox 1117 2513 1216 2570; x_wconf 87' lang='lat' dir='ltr'>quia</span> <span class='ocrx_word' id='word_1_245' title='bbox 1246 2529 1333 2555; x_wconf 88' lang='lat' dir='ltr'>non</span> <span class='ocrx_word' id='word_1_246' title='bbox 1368 2514 1530 2555; x_wconf 88' lang='lat' dir='ltr'>sincera</span> <span class='ocrx_word' id='word_1_247' title='bbox 1561 2514 1644 2555; x_wconf 84' lang='lat' dir='ltr'>fide</span> <span class='ocrx_word' id='word_1_248' title='bbox 1659 2505 1839 2567; x_wconf 44' lang='lat' dir='ltr'>ffi&#39;ffssffsbu&#39;</span> 
     </span>
    </p>

    <p class='ocr_par' dir='ltr' id='par_1_10' title="bbox 343 2580 1778 2619">
     <span class='ocr_line' id='line_1_31' title="bbox 343 2580 1778 2619; baseline -0.001 -7"><span class='ocrx_word' id='word_1_249' title='bbox 343 2580 349 2586; x_wconf 81' lang='grc'>’</span> <span class='ocrx_word' id='word_1_250' title='bbox 1658 2583 1778 2619; x_wconf 68' lang='lat' dir='ltr'>gestae.</span> 
     </span>
    </p>

    <p class='ocr_par' dir='ltr' id='par_1_11' title="bbox 247 2665 1647 2748">
     <span class='ocr_line' id='line_1_32' title="bbox 292 2665 1647 2706; baseline 0 -11"><span class='ocrx_word' id='word_1_251' title='bbox 292 2675 304 2695; x_wconf 92' lang='lat'>1</span> <span class='ocrx_word' id='word_1_252' title='bbox 338 2667 431 2696; x_wconf 71' lang='lat' dir='ltr'>Velut</span> <span class='ocrx_word' id='word_1_253' title='bbox 467 2669 566 2695; x_wconf 77' lang='lat' dir='ltr'>natus</span> <span class='ocrx_word' id='word_1_254' title='bbox 599 2667 643 2695; x_wconf 78' lang='lat' dir='ltr'>ad</span> <span class='ocrx_word' id='word_1_255' title='bbox 675 2667 919 2704; x_wconf 76' lang='lat' dir='ltr'>continendam]</span> <span class='ocrx_word' id='word_1_256' title='bbox 969 2666 1077 2697; x_wconf 72' lang='lat' dir='ltr'>Causa</span> <span class='ocrx_word' id='word_1_257' title='bbox 1094 2666 1229 2705; x_wconf 76' lang='lat' dir='ltr'>scilicet,</span> <span class='ocrx_word' id='word_1_258' title='bbox 1245 2666 1321 2706; x_wconf 85' lang='lat' dir='ltr'>quia</span> <span class='ocrx_word' id='word_1_259' title='bbox 1337 2666 1447 2706; x_wconf 82' lang='lat' dir='ltr'>inopia</span> <span class='ocrx_word' id='word_1_260' title='bbox 1463 2676 1590 2705; x_wconf 81' lang='lat' dir='ltr'>semper</span> <span class='ocrx_word' id='word_1_261' title='bbox 1605 2665 1647 2695; x_wconf 85' lang='lat' dir='ltr'>ad</span> 
     </span>
     <span class='ocr_line' id='line_1_33' title="bbox 247 2708 1647 2748; baseline -0.001 -10"><span class='ocrx_word' id='word_1_262' title='bbox 247 2709 361 2744; x_wconf 80' lang='lat' dir='ltr'>Quum</span> <span class='ocrx_word' id='word_1_263' title='bbox 381 2708 520 2738; x_wconf 75' lang='lat' dir='ltr'>Romani</span> <span class='ocrx_word' id='word_1_264' title='bbox 539 2712 651 2738; x_wconf 82' lang='lat' dir='ltr'>eontra</span> <span class='ocrx_word' id='word_1_265' title='bbox 669 2708 811 2747; x_wconf 78' lang='lat' dir='ltr'>singulas</span> <span class='ocrx_word' id='word_1_266' title='bbox 826 2709 923 2739; x_wconf 87' lang='lat' dir='ltr'>modo</span> <span class='ocrx_word' id='word_1_267' title='bbox 968 2719 1060 2748; x_wconf 79' lang='lat' dir='ltr'>agros</span> <span class='ocrx_word' id='word_1_268' title='bbox 1077 2709 1198 2740; x_wconf 78' lang='lat' dir='ltr'>vicinos</span> <span class='ocrx_word' id='word_1_269' title='bbox 1220 2709 1428 2740; x_wconf 83' lang='lat' dir='ltr'>incursandos</span> <span class='ocrx_word' id='word_1_270' title='bbox 1442 2709 1574 2747; x_wconf 73' lang='lat' dir='ltr'>Ligures</span> <span class='ocrx_word' id='word_1_271' title='bbox 1588 2708 1647 2737; x_wconf 89' lang='lat' dir='ltr'>im-</span> 
     </span>
    </p>

    <p class='ocr_par' dir='ltr' id='par_1_12' title="bbox 248 2750 1648 2877">
     <span class='ocr_line' id='line_1_34' title="bbox 248 2750 1648 2791; baseline -0.001 -11"><span class='ocrx_word' id='word_1_272' title='bbox 248 2751 403 2790; x_wconf 79' lang='lat' dir='ltr'>Ligurum</span> <span class='ocrx_word' id='word_1_273' title='bbox 429 2750 530 2780; x_wconf 80' lang='lat' dir='ltr'>tribus</span> <span class='ocrx_word' id='word_1_274' title='bbox 545 2751 668 2780; x_wconf 89' lang='lat' dir='ltr'>bellum</span> <span class='ocrx_word' id='word_1_275' title='bbox 686 2756 846 2790; x_wconf 80' lang='lat' dir='ltr'>gererent,</span> <span class='ocrx_word' id='word_1_276' title='bbox 868 2761 924 2790; x_wconf 89' lang='lat' dir='ltr'>per</span> <span class='ocrx_word' id='word_1_277' title='bbox 969 2752 1118 2790; x_wconf 84' lang='lat' dir='ltr'>pelleret,</span> <span class='ocrx_word' id='word_1_278' title='bbox 1152 2754 1300 2789; x_wconf 71' lang='lat' dir='ltr'>materia,</span> <span class='ocrx_word' id='word_1_279' title='bbox 1338 2762 1413 2791; x_wconf 77' lang='lat' dir='ltr'>quia</span> <span class='ocrx_word' id='word_1_280' title='bbox 1451 2751 1648 2781; x_wconf 78' lang='lat' dir='ltr'>incursiones</span> 
     </span>
     <span class='ocr_line' id='line_1_35' title="bbox 248 2792 1648 2835; baseline -0.001 -12"><span class='ocrx_word' id='word_1_281' title='bbox 248 2792 460 2833; x_wconf 74' lang='lat' dir='ltr'>quadraginta</span> <span class='ocrx_word' id='word_1_282' title='bbox 486 2803 587 2823; x_wconf 78' lang='lat' dir='ltr'>annos</span> <span class='ocrx_word' id='word_1_283' title='bbox 619 2794 646 2823; x_wconf 74' lang='lat' dir='ltr'>is</span> <span class='ocrx_word' id='word_1_284' title='bbox 676 2794 773 2823; x_wconf 72' lang='lat' dir='ltr'>hostis</span> <span class='ocrx_word' id='word_1_285' title='bbox 805 2794 924 2824; x_wconf 81' lang='lat' dir='ltr'>Roma-</span> <span class='ocrx_word' id='word_1_286' title='bbox 970 2794 1047 2824; x_wconf 82' lang='lat' dir='ltr'>illae</span> <span class='ocrx_word' id='word_1_287' title='bbox 1064 2806 1082 2824; x_wconf 87' lang='lat' dir='ltr'>a</span> <span class='ocrx_word' id='word_1_288' title='bbox 1099 2795 1232 2835; x_wconf 71' lang='lat' dir='ltr'>singulis</span> <span class='ocrx_word' id='word_1_289' title='bbox 1248 2795 1394 2825; x_wconf 76' lang='lat' dir='ltr'>tribubus</span> <span class='ocrx_word' id='word_1_290' title='bbox 1411 2795 1535 2829; x_wconf 80' lang='lat' dir='ltr'>fierent,</span> <span class='ocrx_word' id='word_1_291' title='bbox 1552 2793 1596 2822; x_wconf 80' lang='lat' dir='ltr'>ita</span> <span class='ocrx_word' id='word_1_292' title='bbox 1612 2799 1648 2822; x_wconf 89' lang='lat' dir='ltr'>ut</span> 
     </span>
     <span class='ocr_line' id='line_1_36' title="bbox 248 2835 1648 2877; baseline -0.001 -11"><span class='ocrx_word' id='word_1_293' title='bbox 248 2847 362 2866; x_wconf 86' lang='lat' dir='ltr'>norum</span> <span class='ocrx_word' id='word_1_294' title='bbox 400 2835 606 2875; x_wconf 75' lang='lat' dir='ltr'>disciplinam</span> <span class='ocrx_word' id='word_1_295' title='bbox 643 2835 840 2867; x_wconf 78' lang='lat' dir='ltr'>continebat.</span> <span class='ocrx_word' id='word_1_296' title='bbox 885 2837 924 2867; x_wconf 80' lang='lat' dir='ltr'>cf.</span> <span class='ocrx_word' id='word_1_297' title='bbox 970 2840 1039 2867; x_wconf 71' lang='lat' dir='ltr'>totu</span> <span class='ocrx_word' id='word_1_298' title='bbox 1054 2837 1208 2876; x_wconf 70' lang='lat' dir='ltr'>Ligurum</span> <span class='ocrx_word' id='word_1_299' title='bbox 1222 2837 1309 2868; x_wconf 77' lang='lat' dir='ltr'>natio</span> <span class='ocrx_word' id='word_1_300' title='bbox 1322 2836 1531 2877; x_wconf 83' lang='lat' dir='ltr'>nunquamin</span> <span class='ocrx_word' id='word_1_301' title='bbox 1544 2835 1648 2866; x_wconf 63' lang='lat' dir='ltr'>aciem</span> 
     </span>
    </p>
   </div>
   <div class='ocr_carea' id='block_1_5' title="bbox 250 2878 1190 2960">
    <p class='ocr_par' dir='ltr' id='par_1_13' title="bbox 250 2878 1190 2960">
     <span class='ocr_line' id='line_1_37' title="bbox 250 2878 1190 2918; baseline 0.004 -10"><span class='ocrx_word' id='word_1_302' title='bbox 250 2879 387 2911; x_wconf 82' lang='lat' dir='ltr'>Nicbbr.</span> <span class='ocrx_word' id='word_1_303' title='bbox 404 2878 423 2908; x_wconf 91' lang='lat' dir='ltr'>i.</span> <span class='ocrx_word' id='word_1_304' title='bbox 443 2889 472 2908; x_wconf 91' lang='lat' dir='ltr'>n.</span> <span class='ocrx_word' id='word_1_305' title='bbox 490 2886 560 2918; x_wconf 78' lang='lat'>497.</span> <span class='ocrx_word' id='word_1_306' title='bbox 970 2880 1190 2912; x_wconf 81' lang='lat' dir='ltr'>descenderet.</span> 
     </span>
     <span class='ocr_line' id='line_1_38' title="bbox 294 2921 922 2960; baseline -0.003 -7"><span class='ocrx_word' id='word_1_307' title='bbox 294 2931 311 2954; x_wconf 78' lang='lat'>2</span> <span class='ocrx_word' id='word_1_308' title='bbox 344 2922 398 2952; x_wconf 75' lang='lat' dir='ltr'>Vel</span> <span class='ocrx_word' id='word_1_309' title='bbox 434 2922 570 2952; x_wconf 78' lang='lat' dir='ltr'>materia</span> <span class='ocrx_word' id='word_1_310' title='bbox 604 2921 689 2958; x_wconf 76' lang='lat' dir='ltr'>belli,</span> <span class='ocrx_word' id='word_1_311' title='bbox 723 2922 774 2951; x_wconf 79' lang='lat' dir='ltr'>vel</span> <span class='ocrx_word' id='word_1_312' title='bbox 806 2923 922 2960; x_wconf 77' lang='lat' dir='ltr'>causa]</span> 
     </span>
    </p>
   </div>
  </div>
 </body>
</html>
