1960 3218
559 134 684 177 LIB.
717 133 936 176 XXXIV.
983 134 1130 177 CAP.
1164 139 1202 176 8.
1496 135 1573 178 137

188 234 200 253 ‘
215 237 368 278 tamen,
405 241 571 270 causam
603 226 838 268 tenacitatis
872 225 1022 267 video:
1065 226 1111 266 in
1142 240 1244 267 auro
1274 240 1385 276 vero,
1416 225 1461 266 in
1491 240 1576 282 quo
1591 238 1635 271 U.
1652 239 1690 271 c,
1712 245 1784 279 557-

155 305 174 336 3
189 291 380 343 ‘praeter
399 300 546 327 manus
572 285 756 341 pretium
776 283 885 326 nihil
910 283 1209 325 intertrimenti
1236 282 1298 333 fit,
1320 298 1428 339 quae
1458 283 1577 325 mali·
1589 283 1629 315 A·
1652 283 1691 315 C·
1715 289 1785 323 195·

189 344 349 401 ‘gnitas
376 344 466 385 est?
497 342 759 385 Praesidium
785 342 924 399 potius
945 342 990 383 in
1014 357 1065 383 eo
1085 350 1148 383 est
1175 349 1217 382 et
1237 341 1291 382 ad
1317 341 1511 397 privatos,
1534 350 1578 383 et

189 402 268 444 ‘ad
288 401 475 459 publicos
503 416 613 450 usim,
636 401 743 442 sicut
771 400 934 457 experti
963 400 1070 441 estis.
1135 398 1310 441 Nullam
1331 399 1577 440 aemulatio—

191 465 313 501 ‘nem
340 460 450 501 inter
470 459 810 515 se-s'mgularum,
833 458 1003 514 quando
1032 457 1146 499 nulla
1173 457 1357 507 haberet,
1380 472 1467 498 esse
1493 457 1577 499 aie-

190 526 202 541 ·
217 518 299 559 bat.
362 517 434 567 At,
456 516 638 567 hercule,
661 516 863 558 universis
890 515 1008 557 dolor
1028 525 1069 556 et
1091 515 1326 572 indignatio
1347 525 1421 565 est,
1444 530 1577 571 quum

191 576 420 625 ‘sociorum
452 575 595 616 Latini
621 574 803 616 nominis
830 574 1030 615 uxoribus
1057 573 1203 615 vident
1223 589 1273 615 ea
1296 588 1492 615 concessa
1511 588 1578 614 or-

191 637 204 657 ‘
218 642 429 683 namenta,
452 648 558 689 quae
580 633 658 674 sibi
679 632 874 689 adempta
901 632 1007 681 sint3
1040 647 1172 687 quum
1193 632 1377 688 insignes
1399 646 1467 672 eas
1488 646 1576 672 esse

191 695 316 733 ‘auro
345 699 387 732 et
411 706 619 748 purpura3
653 706 785 747 quum
812 690 903 731 illas
930 689 1026 731 vehi
1048 705 1123 746 per
1152 690 1311 739 urbem,
1334 705 1376 730 se
1398 689 1577 746 pedibus

191 748 362 806 ‘sequiz
396 758 596 804 tanquam
623 748 667 789 in
695 748 860 789 illarum
880 748 1129 798 civitatibus,
1151 763 1238 789 non
1266 748 1310 788 in
1337 763 1422 797 sua,
1446 748 1578 803 impe-

191 807 325 849 ‘rium
357 807 421 848 sit.
482 806 682 848 Virorum
711 806 792 848 hoc
827 806 987 847 animos
1016 805 1233 847 vulnerare
1269 815 1430 862 posset:
1474 805 1578 861 quid

191 864 554 906 ‘muliercularum
584 865 774 914 censetis,
804 880 906 920 quas
934 864 1060 905 etiam
1089 879 1216 920 parva
1239 864 1438 905 movent?
1476 863 1579 904 Non

192 923 493 979 ‘magistratUS,
524 938 603 964 nec
634 923 877 972 sacerdotia,
909 937 987 963 nec
1025 922 1240 978 triumphi,
1272 937 1351 963 nec
1383 921 1577 977 insignia,

192 985 205 1004 ‘
216 996 296 1022 nec
317 980 440 1031 dona,
459 989 531 1022 aut
551 980 683 1037 spolia
702 980 852 1022 bellica
870 980 935 1021 his
952 981 1193 1036 contingere
1210 988 1394 1037 possunt.
1447 979 1579 1021 Mun-

194 1043 207 1063 ‘
218 1038 360 1089 ditiae,
383 1048 425 1080 et
446 1048 627 1089 omatuS,
643 1048 686 1080 et
706 1038 854 1089 cultus,
870 1038 974 1080 haec
995 1038 1244 1080 feminarum
1261 1038 1441 1094 insignia
1455 1046 1576 1079 sunt:

160 1111 181 1140 4
195 1096 283 1138 ‘his
307 1096 493 1153 gaudent
514 1105 555 1138 et
575 1096 829 1153 gloriantur3
862 1096 975 1137 hune
1003 1096 1209 1137 mundum
1238 1096 1485 1137 muliebrem
1507 1111 1580 1152 ap-

194 1159 207 1178 ‘
221 1154 430 1211 pellarunt
469 1155 645 1196 maiores
684 1155 825 1196 nostri.
892 1154 1009 1202 Quid
1049 1154 1163 1195 aliud
1201 1155 1246 1195 in
1286 1154 1415 1203 luctu,
1453 1168 1580 1209 quam

194 1217 207 1236 ⁶
219 1227 446 1269 purpuram
467 1221 592 1268 atque
610 1227 758 1253 aurum
774 1212 1022 1269 deponunt?
1053 1212 1170 1268 quid,
1188 1227 1320 1268 quum
1342 1212 1579 1260 eluxerunt,

194 1271 419 1311 ‘sumuntP
450 1270 553 1326 quid
573 1271 617 1310 in
637 1270 983 1326 gratulationibus
1007 1270 1479 1327 supplicationibusque,
1501 1269 1581 1310 nisi

194 1327 560 1369 ‘excellentiorem
581 1337 787 1379 ornatum,
810 1328 1043 1369 adiiciunt?
1077 1327 1258 1377 Scilicet,
1280 1328 1314 1369 si
1336 1327 1472 1383 legem
1492 1326 1582 1383 Op-

193 1390 206 1410 ‘
219 1386 332 1442 piam
353 1386 657 1441 abrogaveritis,
679 1401 766 1427 non
785 1386 911 1428 vestri
932 1386 1090 1427 arbitrii
1111 1386 1200 1436 erit,
1223 1386 1257 1427 si
1278 1386 1383 1441 quid
1403 1385 1491 1426 eius
1511 1401 1583 1426 ve-

194 1449 305 1485 ‘tare
327 1444 551 1494 volueritis,
567 1444 682 1500 quod
702 1460 815 1486 nunc
836 1444 905 1486 lex
925 1453 1049 1485 vetat.
1112 1443 1259 1485 Minus
1275 1444 1398 1493 filiae,
1416 1458 1581 1493 uxores,

194 1506 206 1525 ‘
222 1517 382 1543 sorores
422 1502 547 1543 etiam
589 1502 840 1558 quibusdam
880 1503 925 1543 in
965 1518 1093 1543 manu
1133 1511 1267 1554 erunt.
1332 1501 1581 1557 Nunquam,

195 1559 340 1601 ‘salvis
361 1560 456 1609 suis,
479 1560 647 1601 exuitur
667 1561 841 1602 servitus
863 1560 1101 1602 muliebris:
1135 1570 1177 1601 et
1196 1560 1309 1616 ipsae
1331 1559 1581 1610 libertatem,

196 1622 349 1674 ‘quam
376 1618 555 1659 viduitas
577 1627 619 1659 et
640 1619 793 1660 orbitas
820 1619 930 1668 facit,
953 1618 1224 1660 detestantur.
1288 1617 1339 1658 In
1360 1626 1497 1659 vestro
1519 1632 1583 1658 ar-

196 1675 344 1717 ‘bitrio
365 1691 486 1716 suum
508 1685 714 1726 ornatum,
737 1691 863 1733 quam
884 1677 928 1717 in
949 1676 1065 1733 legis,
1088 1676 1250 1717 malunt
1270 1691 1370 1717 esse.
1434 1675 1491 1716 Et
1510 1690 1584 1716 vos

196 1733 265 1774 ‘in
286 1748 412 1774 manu
435 1743 476 1774 et
497 1734 640 1784 tutela,
663 1750 749 1776 non
775 1735 820 1775 in
847 1735 1028 1784 servitio,
1052 1734 1214 1775 debetis
1241 1734 1393 1775 habere
1416 1749 1508 1782 eas3
1542 1741 1585 1774 et

196 1790 343 1832 ‘malle
364 1800 501 1848 patres
522 1807 593 1833 vos
622 1801 694 1833 aut
720 1793 841 1841 viros,
864 1808 991 1849 quam
1013 1792 1218 1842 dominos,
1240 1792 1334 1833 dici.
1397 1791 1584 1832 Invidio-

197 1854 208 1873 ‘
221 1849 276 1890 sis
296 1849 535 1890 nominibus
548 1850 743 1891 utebatur
756 1850 880 1891 modo
898 1851 1054 1899 consul,
1071 1850 1320 1891 seditionem
1337 1849 1585 1890 muliebrem

196 1912 264 1948 ‘et
295 1908 568 1949 secessionem
603 1908 865 1965 appellando.
928 1908 979 1949 Id
1010 1909 1122 1949 enim
1153 1907 1387 1964 periculum
1423 1917 1498 1956 est,
1531 1922 1584 1948 ne

197 1970 209 1989 ‘
225 1964 397 2007 Sacrum
425 1976 625 2015 montem,
648 1967 755 2007 sicut
781 1966 994 2021 quondam
1023 1967 1127 2007 irata
1154 1966 1283 2021 plebs,
1307 1975 1378 2006 aut
1407 1965 1586 2006 Aventi-

198 2028 324 2064 ‘num
353 2024 530 2079 capiant.
595 2024 849 2065 Patiendum
874 2024 972 2064 huie
1001 2024 1232 2064 infirmitati
1261 2033 1335 2072 est,
1366 2023 1586 2079 quodcun-

198 2085 210 2104 ‘
223 2095 305 2136 que
327 2096 398 2121 vos
419 2082 673 2123 censueritis.
740 2082 838 2129 Quo
855 2081 948 2138 plus
964 2082 1148 2137 potestiS,
1165 2096 1213 2122 eo
1231 2081 1486 2122 moderatius
1506 2081 1586 2121 im-

199 2138 340 2195 ‘perio
361 2139 423 2179 uti
444 2139 630 2180 debetis.’

256 2194 375 2237 Haec
405 2212 536 2252 quum
565 2205 711 2238 contra
737 2196 873 2252 legem
902 2212 1060 2253 proque
1082 2196 1173 2253 lege
1197 2196 1310 2237 dicta
1337 2205 1486 2246 essent,
1510 2195 1584 2237 ali·
1676 2205 1713 2243 8,

197 2263 356 2310 quanto
397 2255 529 2295 maior
560 2255 795 2310 frequentia
836 2255 1058 2296 mulierum
1093 2263 1259 2311 postero
1301 2254 1369 2296 die
1410 2270 1497 2295 sese
1540 2254 1584 2294 in
1598 2260 1706 2301 Oppia
1722 2262 1774 2292 lex

196 2311 410 2368 publicum
433 2312 592 2362 effudit,
616 2328 785 2369 unoque
808 2313 972 2368 agmine
991 2328 1134 2354 omnes
1157 2313 1419 2353 tribunorum
1442 2313 1586 2354 ianuas
1597 2306 1758 2344 abrogata.

197 2369 463 2420 obsederunt,
496 2371 569 2426 qui
599 2371 853 2426 collegarum
884 2371 1089 2424 rogationi
1123 2371 1462 2412 intercedebant:
1506 2385 1586 2412 nec

197 2437 294 2469 ante
317 2428 576 2478 abstiterunt,
600 2444 725 2485 quam
742 2429 912 2470 remissa
932 2425 1173 2470 intercessio
1195 2429 1246 2470 ab
1268 2428 1444 2469 tribunis
1466 2437 1584 2470 esset.

198 2484 331 2526 Nulla
369 2485 522 2527 deinde
563 2486 769 2528 dubitatio
808 2487 901 2536 fuit,
943 2487 1046 2543 quin
1094 2502 1238 2527 omnes
1280 2487 1410 2527 tribus
1450 2486 1587 2543 legem

198 2543 455 2599 abrogarent.
517 2543 681 2600 Viginti
703 2544 823 2585 annis
844 2553 937 2601 post
957 2545 1154 2601 abrogata
1174 2553 1248 2594 est,
1272 2559 1398 2600 quam
1419 2544 1512 2585 lata.

257 2599 318 2641 M.
342 2600 516 2643 Porcius
552 2602 711 2652 consul,
745 2611 969 2659 postquam
1005 2603 1202 2659 abrogata
1237 2612 1299 2644 cst
1332 2602 1474 2658 Oppia
1504 2602 1587 2651 lex,

243 2749 260 2780 3
284 2742 534 2780 Intertrimenti]
561 2742 598 2773 cf.
613 2742 707 2782 Supr.
723 2742 822 2774 xxxii.
841 2751 868 2774 2.
913 2743 982 2782 pria
1005 2746 1079 2773 sunt
1102 2742 1286 2780 mulierum,
1303 2746 1338 2774 ut
1354 2744 1394 2774 ab
1411 2743 1448 2774 iis
1472 2753 1589 2773 nomen

200 2785 326 2814 illarius
355 2784 408 2814 hie
440 2794 497 2824 pro
526 2785 595 2825 ipso
625 2786 748 2816 artifice
780 2785 867 2825 poni·
912 2787 999 2825 apud
1027 2785 1163 2816 maiores
1189 2791 1312 2816 nostros
1338 2787 1534 2825 acceperint,
1557 2789 1590 2816 et

200 2830 262 2858 tur.
915 2829 1071 2859 vocabulo
1089 2830 1201 2859 mundi
1221 2830 1386 2860 muliebris
1401 2829 1520 2860 fuerint
1536 2829 1589 2859 de-

243 2880 263 2907 4
281 2871 381 2900 Hmw
395 2870 549 2900 mundum
563 2871 744 2902 muliebrem
761 2872 869 2911 appel·
914 2871 1048 2911 signata.
1072 2871 1178 2903 CREV.

201 2912 312 2943 larunt
327 2913 460 2944 maiores
476 2913 591 2951 nostri]
618 2913 711 2944 Haec
734 2913 779 2944 ita
801 2923 870 2953 pro-
