1960 3218
527 151 654 194 LIB.
690 151 911 193 XXXIX.
957 152 1106 194 CAP.
1139 157 1206 194 44.
1487 156 1572 195 419

171 245 323 287 vidisse
345 260 603 302 quemquam
630 244 766 286 securi
794 244 1028 295 ferientem,
1051 253 1094 286 et
1123 244 1306 301 pervelle
1337 244 1381 285 id
1410 243 1565 286 videre.
1584 252 1628 285 U.
1644 253 1683 285 C.
1705 252 1779 294 568.

172 303 259 345 Hic
280 303 573 359 indulgentem
595 311 836 352 amatorem,
860 318 992 343 unum
1023 318 1076 343 ex
1107 302 1187 343 illis
1218 302 1391 352 miseris,
1413 302 1566 343 attrahi
1580 296 1620 328 A·
1645 297 1683 329 C.
1708 297 1778 335 ¹8⁴·

170 362 342 412 iussum,
380 361 514 402 securi
550 360 811 416 percussisse.
875 360 1066 410 Facinus,
1101 360 1186 402 sive
1224 376 1274 402 eo
1308 360 1446 410 modo,
1481 375 1565 417 quo

172 435 320 461 censor
340 418 506 468 obiecit,
528 419 627 468 sive,
651 427 697 459 ut
718 417 912 459 Valerius
934 417 1071 468 tradit,
1090 419 1358 459 commissum
1380 428 1454 468 est,
1476 433 1566 460 sae-

170 493 271 518 vum
302 486 429 532 atque
465 485 610 517 atrox:
653 476 765 517 inter
796 475 947 532 pocula
979 485 1105 532 atque
1138 476 1293 532 epulas,
1328 476 1401 517 ubi
1436 475 1564 517 libare

171 535 251 576 diis
287 534 426 590 dapes,
461 534 534 575 ubi
569 534 676 575 bene
712 534 874 590 precari
909 549 999 575 mos
1035 542 1156 584 esset,
1190 533 1244 575 ad
1279 533 1566 590 spectaculum

170 592 296 634 scorti
320 592 519 648 procacis,
542 592 587 632 in
611 592 707 633 sinu
737 591 918 633 consulis
948 592 1200 642 recubantis,
1232 601 1455 633 mactatam
1486 591 1566 632 hu-

171 665 338 691 manam
362 649 576 691 victimam
609 665 710 700 esse,
743 659 786 691 et
813 665 959 691 cruore
988 665 1175 691 mensam
1208 665 1450 706 respersam.
1512 648 1565 690 In

170 717 359 749 extrema
380 708 566 750 oratione
592 708 765 749 Catonis
786 707 972 749 conditio
993 707 1196 756 Quinctio
1217 707 1361 758 fertur,
1383 716 1444 758 ut,
1466 706 1500 748 si
1520 707 1566 748 id

140 765 328 812 7factum
359 776 544 822 negaret,
574 775 810 822 ceteraque,
834 781 941 822 quae
973 766 1206 816 obiecisset,
1237 765 1461 822 sponsione
1492 764 1567 806 de-

169 823 362 865 fenderet
392 839 504 865 sese:
543 824 604 864 sin
637 824 850 873 fateretur,
883 824 1172 880 ignominiane
1203 839 1277 865 sua
1308 838 1566 880 quemquam

171 881 401 923 doliturum
422 890 623 931 censeret,
642 897 774 938 quum
794 881 895 938 ipse,
918 881 1016 923 vino
1038 891 1081 923 et
1101 882 1270 924 Venere
1292 897 1449 932 amens,
1471 896 1566 922 san-

170 940 299 996 guine
321 939 503 980 hominis
523 939 567 980 in
589 940 781 981 convivio
802 939 997 981 lusisset?

138 1009 158 1039 8
229 997 282 1038 In
312 998 503 1054 equitatu
532 997 872 1054 recognoscendo
902 997 952 1039 L.
980 997 1168 1055 Scipioni
1189 998 1390 1054 Asiageni
1423 997 1567 1039 adem·
1642 1002 1711 1040 44.

138 1063 268 1111 9ptus
307 1070 452 1111 equus.
526 1054 577 1096 In
618 1055 812 1097 censibus
852 1071 1021 1112 quoque
1062 1056 1318 1112 accipiendis
1359 1055 1484 1097 tristis
1524 1064 1566 1096 et
1579 1057 1738 1105 severitas

171 1128 317 1169 aspera
356 1113 400 1154 in
441 1128 586 1155 omnes
627 1113 794 1155 ordines
834 1129 1010 1155 censura
1048 1114 1139 1155 fuit.
1223 1113 1484 1156 Ornamenta
1524 1110 1610 1154 etln
1627 1111 1735 1132 censu.

171 1180 330 1212 vestem
364 1171 612 1213 muliebrem
644 1180 688 1213 et
718 1171 924 1222 vehicula,
958 1187 1066 1228 quae
1104 1171 1247 1228 pluris,
1283 1187 1410 1228 quam
1443 1171 1568 1228 quin-

143 1228 311 1270 1decim
346 1228 526 1270 millium
560 1229 677 1279 aeris,
710 1238 862 1279 essent,
893 1230 938 1270 in
974 1245 1147 1271 censum
1180 1230 1333 1271 referre
1366 1229 1568 1271 iuratores

172 1287 284 1328 iussi.
346 1286 455 1328 Item
496 1288 706 1344 mancipia
744 1287 906 1328 minora
950 1287 1070 1328 annis
1114 1287 1278 1344 viginti,
1321 1302 1428 1344 quae
1473 1296 1569 1344 post

172 1344 413 1401 proximum
454 1344 632 1386 lustrum
667 1345 815 1386 decern
852 1344 1035 1386 millibus
1070 1345 1188 1395 aeris,
1225 1354 1298 1387 aut
1333 1361 1384 1386 eo
1424 1344 1566 1401 pluris,

140 1402 396 1452 2venissent,
418 1402 481 1443 uti
512 1417 562 1444 ea
589 1417 759 1459 quoque
787 1402 927 1444 decies
954 1411 1072 1445 tanto
1100 1402 1244 1459 pluris,
1267 1418 1395 1460 quam
1421 1403 1570 1459 quanti

140 1478 158 1509 3
173 1468 324 1510 essent,
348 1460 693 1510 aestimarentur3
726 1469 769 1502 et
794 1460 857 1501 his
884 1461 1007 1502 rebus
1028 1461 1222 1503 omnibus
1244 1461 1352 1502 terni
1374 1461 1418 1502 in
1440 1460 1571 1502 millia

173 1518 280 1559 aeris
318 1518 656 1560 attribuerentur.
720 1518 891 1574 Aquam
926 1518 1138 1575 publicam
1179 1534 1363 1569 omnem,
1400 1519 1444 1560 in
1484 1518 1570 1575 pri-

173 1585 316 1616 vatum
359 1575 598 1616 aedificium
638 1585 711 1617 aut
753 1591 898 1632 agrum
934 1576 1151 1626 fluentem,
1190 1576 1467 1625 ademerunt3
1512 1586 1567 1627 et,

142 1648 282 1689 4quae
308 1633 353 1674 in
377 1632 469 1674 loca
496 1633 662 1689 publica
688 1633 956 1675 inaedificata
983 1634 1239 1676 immolitave
1266 1635 1416 1691 privati
1442 1634 1570 1675 habe-

174 1691 288 1741 bant,
331 1691 441 1732 intra
476 1691 565 1732 dies
606 1691 778 1747 triginta
811 1691 1000 1733 demoliti
1041 1701 1151 1733 sunt.
1231 1691 1374 1748 Opera
1413 1691 1568 1733 deinde

173 1748 365 1790 facienda
392 1763 445 1789 ex
474 1748 644 1790 decreta
671 1749 715 1790 in
744 1764 836 1790 eam
862 1764 950 1790 rem
975 1750 1167 1806 pecunia,
1189 1749 1303 1792 lacus
1323 1750 1570 1791 sternendos

174 1806 836 1863 lapide,detergendasque,-qua
862 1822 966 1863 opus
992 1816 1112 1858 esset,
1135 1807 1323 1857 cloacas,
1358 1808 1402 1848 in
1425 1808 1571 1849 Aven-

174 1864 264 1907 tino
285 1872 328 1906 et
348 1864 392 1905 in
413 1864 504 1906 aliis
524 1865 723 1921 partibus,
747 1880 830 1921 qua
855 1865 1046 1907 nondum
1071 1874 1202 1917 erant,
1225 1865 1436 1908 faciendas
1460 1865 1570 1907 loca-

222 1998 238 2031 7
261 1991 436 2031 Sponsione
468 1992 653 2030 defenderet
682 1992 764 2029 sese]
805 2001 848 2022 sc.

178 2034 341 2065 Pecuniae
362 2043 488 2064 summa
509 2033 699 2074 interposita
719 2044 848 2064 causam

177 2086 268 2107 suam
284 2081 402 2116 ageret.
448 2077 626 2107 Accusator
646 2077 730 2107 enim
751 2081 783 2107 et
798 2087 848 2106 ac-

177 2123 307 2150 cusatus
336 2129 496 2150 summam
525 2119 694 2159 pecuniae,
720 2120 760 2150 de
786 2129 850 2158 qua

178 2161 348 2201 sponsione
358 2162 618 2199 conveniebatur,
629 2173 747 2202 ponere
758 2163 851 2192 debe-

177 2205 268 2243 bant,
280 2215 388 2244 quam,
401 2204 455 2243 qui
470 2205 666 2242 vincebatur,
681 2206 851 2244 pendebat.

179 2247 305 2278 RAscii.
350 2248 556 2287 Sponsionem
577 2252 686 2278 autem
708 2259 727 2278 a
744 2259 851 2278 sacra-

177 2295 282 2321 mento
297 2289 423 2320 differre
439 2294 548 2320 monet
566 2290 713 2330 Dupont.
730 2291 852 2330 quippe

178 2342 279 2372 quum
298 2338 495 2364 sacramento
511 2338 668 2371 ageretur,
681 2334 770 2364 litem
782 2344 851 2373 pcr-

179 2375 285 2406 dentis
301 2376 438 2415 pecunia
453 2380 615 2415 praestata
636 2376 757 2406 aerario
772 2376 849 2406 infe—

180 2419 320 2456 rebatur,
335 2418 466 2449 vinccns
479 2429 568 2449 suam
583 2419 775 2459 recipiebat:
798 2420 853 2449 sed

180 2460 213 2491 in
237 2463 405 2501 sponsione
430 2472 488 2492 nec
516 2466 602 2492 certa
626 2472 752 2492 summa
775 2467 853 2499 erat,

181 2507 214 2534 et
240 2503 314 2534 victi
339 2514 465 2534 summa
489 2504 630 2535 vincenti
654 2505 686 2535 in
716 2505 852 2541 lucrum,

182 2556 245 2575 non
262 2546 382 2577 aerario
399 2547 544 2578 cedebat.
588 2548 727 2587 Utrique
742 2552 852 2578 autem

181 2588 300 2618 actioni
333 2589 512 2620 communis
545 2590 626 2628 finis,
655 2601 696 2621 nc
732 2594 852 2621 temere

183 2630 368 2670 litigaretur.
398 2632 438 2663 cf.
452 2632 540 2662 Fuss.
559 2632 599 2663 R.
614 2633 724 2673 Antiq.
738 2634 765 2670 ἓ.
781 2641 851 2672 271.

225 2674 245 2703 8
261 2675 434 2714 Asiageni]
455 2674 605 2714 Intellige
620 2676 656 2706 L.
668 2676 852 2716 Scipionem

184 2716 376 2752 Asiaticum,
407 2720 530 2756 patrem
562 2718 713 2750 Africani.
759 2719 852 2750 Cete-

183 2769 254 2789 rum
283 2760 428 2789 observat
456 2759 649 2790 Plutarchus
672 2761 811 2792 inustam
834 2772 854 2792 a

184 2802 310 2834 Catone
335 2802 477 2841 Scipioni
501 2802 643 2833 Asiatico
665 2808 774 2834 notam
797 2804 851 2834 cri-

184 2844 414 2875 minationibus
437 2845 468 2875 in
491 2855 654 2875 censorem
675 2845 780 2885 ipsum
799 2858 853 2877 an-

185 2897 253 2917 sam
266 2887 401 2925 dedisse,
416 2888 581 2926 visumque
593 2898 667 2918 curn
684 2889 857 2919 memoriae

186 2929 344 2969 Scipionis
369 2930 510 2961 Africani
534 2931 686 2961 insultare
710 2932 855 2962 voluisse.

894 1991 934 2022 cf.
953 2002 1039 2031 supr.
1056 1990 1189 2022 xxxviii.
1207 1999 1257 2031 54.
1282 1991 1388 2023 (ἷκεν.

936 2044 956 2075 9
979 2036 1022 2065 In
1045 2035 1209 2072 censibus]
1237 2035 1278 2065 In
1304 2034 1494 2074 accipienda
1516 2034 1570 2064 bo-

894 2087 1007 2107 norum
1033 2078 1187 2117 cuiusque
1211 2077 1447 2114 aestimatione,
1472 2087 1569 2116 quam

895 2119 979 2150 cives
1002 2130 1114 2151 omnes
1136 2120 1260 2151 deferre
1282 2120 1324 2150 ad
1348 2130 1494 2150 censores
1515 2120 1569 2150 de-

897 2163 1025 2194 bebant.
1049 2163 1156 2194 Cnssv.

943 2215 954 2235 1
974 2207 1016 2236 In
1027 2217 1155 2237 censum
1165 2206 1290 2244 referre
1301 2206 1460 2236 iuratores
1470 2205 1568 2243 iussi]

897 2249 916 2278 I
919 2253 1062 2280 aratores
1078 2249 1186 2288 plures
1197 2248 1328 2279 ‘codices
1343 2249 1482 2279 firmant.
1514 2250 1570 2278 Iu-

896 2295 982 2321 ratos
1019 2293 1114 2322 iussit
1145 2291 1315 2321 Bekkerus
1345 2291 1499 2330 reposuit,
1529 2301 1569 2321 cx

896 2333 1122 2364 emendatione
1140 2333 1307 2365 Gronovii.
1342 2335 1443 2364 Iussit
1459 2344 1570 2364 omnes

896 2376 1022 2407 codices
1049 2376 1373 2413 Drakenborchiani3
1405 2378 1484 2407 iussi
1516 2377 1569 2407 dc-

899 2428 988 2449 mum
1006 2419 1184 2450 Frobenius
1199 2419 1299 2450 dedit.

943 2471 959 2492 2
984 2464 1097 2493 Decies
1121 2467 1209 2493 tanto
1229 2463 1353 2501 pluris]
1381 2461 1490 2493 Pretio
1515 2463 1568 2493 de-

899 2505 1007 2544 cup10,
1023 2505 1068 2535 ita
1090 2509 1123 2535 ut
1145 2515 1182 2535 eo
1204 2504 1334 2535 nomine
1355 2505 1467 2536 triceni
1484 2515 1570 2536 asses

897 2547 929 2577 in
946 2547 1050 2578 millia
1065 2548 1146 2579 aeris
1162 2548 1387 2587 penderentur.

940 2599 957 2629 3
985 2592 1081 2622 Terni
1102 2592 1137 2622 in
1159 2592 1262 2621 millia
1283 2591 1385 2628 aeris]
1411 2601 1454 2621 sc.
1471 2590 1569 2621 'l‘erni

896 2644 980 2664 asses
1012 2633 1045 2664 in
1075 2633 1200 2674 singula
1228 2633 1333 2663 millia
1362 2633 1490 2664 assium.
1529 2634 1569 2664 cf.

899 2676 1035 2708 Niebhr.
1055 2676 1087 2707 ii.
1110 2687 1141 2707 n.
1163 2678 1234 2718 892.
1258 2686 1344 2716 supr.
1361 2676 1450 2707 xxiii.
1471 2685 1521 2714 31.
1537 2680 1570 2706 et

898 2720 948 2757 48.
972 2719 1059 2750 xxvi.
1076 2728 1126 2758 35.

940 2775 959 2801 4
982 2763 1196 2800 Immolz'tave]
1231 2761 1458 2801 significantur
1483 2760 1568 2791 acdi-

899 2804 971 2834 ficia
996 2815 1016 2835 a
1042 2804 1165 2844 privato
1190 2804 1222 2834 in
1252 2803 1415 2843 publicum
1443 2813 1570 2843 procur-

898 2847 1011 2885 rentia,
1036 2852 1067 2878 et
1094 2847 1216 2886 aliquid
1243 2846 1306 2876 loci
1333 2846 1451 2885 publici
1477 2856 1569 2876 occu-

903 2890 1023 2929 pantia.
1048 2890 1241 2920 Timauus.

1231 2978 1346 3014 Ee2
