1960 3218
401 401 478 465 Τ.
541 403 820 467 LIVII
886 401 1150 465 PATA
1175 403 1413 466 VINI

528 610 575 663 L
605 610 630 662 I
662 609 711 662 B
746 608 791 660 E
823 608 872 660 R
940 605 1287 660 XXXVIII.

328 987 426 1030 UM
462 988 507 1029 in
545 987 648 1029 Asia
679 986 837 1028 bellum
871 986 1042 1043 geritur,
1074 1002 1128 1028 ne
1160 987 1204 1028 in
1237 986 1402 1029 Aetolis
1433 986 1606 1044 quidem
1623 1001 1667 1033 U.
1685 1001 1723 1033 C.
1746 1001 1820 1041 563·

369 1046 536 1102 quietae
568 1061 633 1087 res
663 1046 842 1094 fuerant,
874 1044 1082 1101 principio
1113 1060 1137 1085 a
1166 1054 1293 1101 gente
1316 1045 1606 1087 Athamanum
1622 1046 1660 1075 A.
1686 1045 1724 1076 C·
1749 1046 1818 1086 189.

207 1113 311 1145 orto.
376 1103 633 1145 Athamania
664 1118 713 1144 ea
749 1111 1011 1158 tempestate,
1045 1098 1493 1158 pulso‘Amynandro,
1530 1118 1576 1144 su

1581 1103 1607 1143 b
1622 1088 1689 1135 Res
1705 1089 1803 1118 Aeto-

1620 1131 1683 1160 hae
1696 1133 1728 1160 et
1745 1130 1788 1159 A-

205 1161 428 1218 praefectis
449 1161 637 1217 Philippi
665 1160 781 1217 regio
812 1161 1036 1201 tenebatur
1061 1160 1295 1216 praesidio:
1331 1161 1404 1216 qui
1426 1161 1607 1217 superbo
1619 1172 1816 1204 thamaniae.

207 1228 334 1275 atque
363 1219 589 1260 immodico
620 1218 796 1274 lmperio
825 1217 1081 1258 desiderium
1106 1218 1376 1274 Amynandri
1407 1219 1605 1260 fecerant.

209 1276 433 1318 Exsulanti
466 1286 555 1317 tum
586 1275 865 1332 Amynandro
898 1275 941 1315 in
971 1275 1141 1316 Aetolia
1172 1275 1304 1316 literis
1336 1291 1520 1325 suorum,
1544 1276 1609 1316 in-

207 1334 441 1375 dicantium
463 1342 615 1375 statum
636 1333 930 1382 Athamaniae,
949 1347 1043 1388 spes
1065 1333 1343 1389 recuperandi
1364 1334 1482 1389 regni
1500 1334 1610 1374 facta

208 1401 295 1433 est:
329 1392 575 1448 remissique
607 1391 746 1432 nuntii
778 1391 829 1431 ab
858 1405 907 1431 eo
939 1390 993 1431 ad
1023 1390 1233 1446 principes
1256 1391 1521 1446 Argitheam,
1544 1391 1609 1442 (id

208 1451 323 1491 enim
354 1458 481 1506 caput
502 1448 784 1490 Athamaniae
817 1447 925 1503 erat)
955 1447 989 1488 si
1019 1448 1287 1505 popularium
1319 1448 1480 1489 animos
1511 1448 1609 1489 satis

207 1516 447 1564 perspectos
476 1507 663 1556 haberet,
692 1506 915 1562 impetrato
944 1505 995 1546 ab
1019 1506 1183 1547 Aetolis
1211 1505 1381 1555 auxilio,
1405 1506 1448 1546 in
1472 1506 1610 1547 Atha-

178 1559 391 1622 ssmaniam
419 1580 462 1606 se
490 1574 717 1606 venturum
748 1579 844 1604 cum
876 1563 1051 1604 delectis
1074 1563 1338 1613 Aetolorum,
1362 1564 1478 1619 quod
1509 1579 1604 1604 con-

209 1623 347 1664 silium
379 1631 488 1664 esset
517 1622 667 1679 gentis,
697 1630 739 1663 et
769 1620 988 1662 Nicandro
1019 1630 1222 1677 praetore.
1289 1620 1421 1670 Quos,
1453 1621 1523 1662 ubi
1556 1621 1609 1662 ad

209 1681 351 1722 omnia
380 1689 544 1737 paratos
574 1695 662 1721 esse
693 1679 813 1728 vidit,
845 1678 1043 1719 certiores
1074 1678 1252 1720 subinde
1284 1678 1395 1728 facit,
1423 1694 1508 1734 quo
1539 1678 1608 1719 die

209 1754 305 1780 cum
342 1738 532 1780 exercitu
565 1736 867 1778 Athamaniam
902 1736 1164 1792 ingressurus
1199 1744 1318 1777 esset.
1397 1735 1610 1784 Quattuor

208 1796 345 1852 primo
381 1795 497 1837 fuere
534 1795 741 1837 coniurati
778 1794 976 1835 adversus
1013 1793 1302 1834 Macedonum
1336 1793 1606 1849 praesidium.

210 1853 270 1895 Hi
303 1869 425 1895 senos
455 1854 534 1895 sibi
564 1853 777 1894 adiutores
808 1851 861 1893 ad
891 1867 980 1892 rem
1009 1851 1237 1908 gerendam
1267 1859 1606 1907 assumpserunt:

210 1911 378 1961 deinde,
415 1912 626 1968 paucitate
660 1925 808 1967 parum
844 1909 952 1958 freti,
987 1924 1095 1965 quae
1132 1908 1332 1950 celandae
1373 1909 1446 1958 rei,
1482 1923 1609 1964 quam

211 1969 412 2025 agendae,
445 1969 712 2025 aptior-erat,
744 1982 888 2024 parem
924 1967 1053 2023 priori
1089 1982 1313 2008 numerum
1349 1966 1607 2007 adiecerunt.

212 2026 279 2068 Ita
306 2027 391 2068 duo
417 2036 460 2068 et
481 2026 790 2082 quinquaginta
815 2025 927 2073 facti,
951 2024 1248 2080 quadrifariam
1276 2039 1319 2065 se
1349 2024 1606 2064 diviserunt:

212 2099 306 2140 pars
334 2100 420 2125 una
448 2084 712 2133 Heracleam,
736 2083 864 2124 altera
885 2081 1205 2138 Tetraphyliam
1233 2082 1354 2136 petit,
1378 2081 1450 2121 ubi
1471 2089 1611 2122 custo-

213 2142 283 2183 dia
314 2142 452 2198 regiae
489 2141 693 2197 pecuniae
730 2156 817 2181 esse
854 2139 974 2180 solita
1009 2147 1109 2188 erat,
1148 2139 1271 2180 tertia
1306 2138 1609 2187 Theudoriam,

214 2208 363 2255 quarta
399 2199 660 2255 Argitheam.
724 2198 790 2239 Ita
821 2197 932 2238 inter
967 2211 1113 2237 omnes
1146 2196 1358 2245 convenit,
1393 2204 1441 2236 ut
1475 2195 1611 2251 primo

214 2257 360 2313 quieti,
383 2256 498 2298 velut
528 2256 582 2297 ad
613 2256 817 2311 privatam
847 2269 936 2295 rem
968 2254 1175 2309 agendam
1201 2253 1427 2302 venissent,
1450 2253 1494 2293 in
1521 2253 1611 2294 foro

215 2316 558 2356 obversarentur:
584 2314 652 2354 dic
669 2322 783 2354 certa
803 2311 1118 2352 multitudinem
1141 2326 1310 2352 omnem
1333 2318 1612 2351 convocarent

215 2372 268 2414 ad
289 2372 496 2428 praesidia
519 2371 805 2412 Macedonum
832 2369 996 2410 arcibus
1017 2368 1279 2424 expellenda.
1345 2367 1431 2408 Ubi
1454 2382 1504 2408 ea
1524 2367 1613 2408 dies

216 2430 398 2480 advenit,
422 2438 464 2473 et
487 2428 765 2486 Amynander
793 2442 889 2470 cum
918 2426 1030 2468 mille
1056 2425 1219 2467 Aetolis
1247 2426 1292 2467 in
1319 2425 1475 2466 finibus
1496 2434 1611 2474 erat3

266 2563 276 2583 1
304 2554 384 2584 Cum
408 2555 534 2585 delectis
557 2553 760 2590 Aetolorum]
793 2552 893 2582 Intcl-
936 2555 1124 2590 praetorum
1151 2553 1279 2580 vocatos
1304 2559 1371 2580 esse
1396 2552 1507 2579 monet
1533 2548 1614 2579 Gro-

220 2595 363 2635 liguntur
398 2596 458 2633 illi,
495 2596 548 2635 qui
586 2606 672 2634 supr.
713 2605 810 2625 XXXV.
843 2603 893 2632 34.
940 2593 1062 2624 novius.
1108 2593 1171 2623 Sed
1199 2591 1373 2631 Raschigio
1404 2591 1531 2621 videtur
1562 2591 1614 2620 Li-

220 2640 365 2678 Apocleli
390 2642 556 2676 vocantur,
579 2642 611 2668 et
635 2637 776 2668 sanctius
797 2637 893 2667 Aeto-
942 2636 1012 2666 vius
1056 2635 1160 2665 nuntii
1199 2635 1393 2665 sententiam
1435 2633 1614 2672 exprimere.

222 2682 323 2711 lorum
342 2680 514 2710 concilium
531 2684 631 2710 erant.
939 2678 1086 2715 voluisse,
1103 2677 1157 2717 qui
1175 2677 1386 2717 popularibus
1402 2676 1466 2706 suis
1482 2676 1613 2714 quinam

265 2733 282 2753 ‘z
308 2724 400 2760 Quod
419 2724 585 2753 consilium
605 2727 684 2753 esset
701 2723 823 2761 yemis]
850 2732 892 2752 sc.
937 2721 1001 2751 sint
1024 2720 1072 2750 illi
1100 2720 1230 2756 delecti,
1253 2730 1296 2751 sc.
1322 2718 1490 2749 consilium
1518 2719 1615 2748 Aeto-

222 2765 457 2802 Athamanum,
486 2769 520 2795 ut
551 2764 819 2795 Drakenborehio
850 2764 893 2794 vi-
939 2764 1055 2800 lorum,
1086 2763 1251 2801 explicare
1288 2762 1397 2798 vellet,
1427 2765 1459 2791 et
1498 2760 1615 2789 idcirco

221 2809 328 2844 detur,
351 2807 624 2847 quemadmodum
653 2807 774 2846 legatos
797 2806 894 2836 tribu·
940 2816 1004 2836 non
1042 2805 1254 2835 indicativum
1286 2804 1341 2834 sed
1374 2802 1615 2833 coniunctium

223 2861 344 2890 nosque
370 2850 510 2880 militum
536 2850 703 2880 consilium
727 2850 895 2888 imperalo-
940 2849 1074 2878 modum
1091 2850 1177 2878 recte·
1193 2846 1388 2877 adhibuisse.

223 2904 307 2929 rum,
315 2896 346 2922 et
357 2892 479 2922 iudices
490 2892 895 2930 assessoremuocans—ilium

282 2948 380 2975 VOL.
405 2948 465 2974 111.
1357 2943 1385 2970 Y
