1960 3218
360 161 447 199 400
875 155 1023 198 TITI
1064 155 1244 198 LIVII

155 255 200 287 U.
218 255 256 286 C.
279 248 490 295 567.etiam
513 246 686 288 Aenum
715 247 760 287 in
788 255 994 304 potestate
1023 247 1274 288 nuntiabant
1296 246 1484 303 Philippi
1512 260 1612 287 esse.
1674 245 1763 286 Ve-

154 299 194 329 Λ·
218 299 256 330 C·
282 299 351 339 ¹85·
365 314 515 347 nerant
536 314 579 346 et
599 321 623 346 a
645 304 843 361 Philippo
865 305 990 362 legati
1014 305 1067 346 ad
1091 305 1310 361 purganda
1331 320 1405 346 ea:
1443 304 1515 360 qui
1540 302 1659 353 nihil,
1682 302 1763 343 nisi

365 363 570 419 permissu
607 362 897 404 Romanorum
938 363 1251 419 imperatorum,
1287 362 1445 403 factum
1486 361 1760 402 affirmabant.

368 427 378 444 ‘
398 420 602 462 Civitates
634 420 944 470 Thessalorum,
972 430 1015 462 et
1044 420 1395 470 Perrhaeborum,
1422 429 1465 460 et
1494 419 1761 475 Magnetum,

367 484 379 503 ‘
396 487 438 520 et
459 494 555 519 cum
578 478 858 535 Amynandro
876 478 1165 520 Athamanum
1186 487 1369 534 gentem,
1388 478 1432 517 in
1455 477 1601 518 eadem
1625 490 1762 525 causa,

369 542 480 592 ‘qua
513 536 701 586 Aetolos,
735 536 873 577 fuisse.
939 536 1153 577 Antiocho
1196 551 1292 591 rege
1335 535 1469 591 pulSO,
1512 542 1763 589 occupatum

369 593 692 650 ‘oppugnandis
724 593 929 635 Aetolicis
961 594 1135 634 urbibus
1168 593 1384 634 consulem
1418 592 1471 633 ad
1502 590 1764 648 recipiendas

369 657 465 693 ‘eas
496 651 685 692 civitates
714 651 960 707 Philippum
994 651 1178 692 misisse:
1212 651 1337 691 armis
1369 651 1562 691 subactos
1591 648 1765 705 parere.’

372 708 562 758 Senatus,
596 724 650 749 ne
684 708 789 764 quid
825 709 996 749 absente
1033 723 1131 763 rege
1167 716 1381 757 statueret,
1418 707 1576 763 legatos
1612 706 1665 747 ad
1696 720 1765 747 eas

368 766 669 808 controversias
699 766 991 822 disceptandas
1022 766 1148 815 misit,
1181 765 1234 814 Q.
1257 765 1493 806 Caecilium
1524 763 1764 813 hletellum,

370 824 432 865 M.
458 824 664 865 Baebium
696 823 984 879 Tamphilum,
1018 823 1085 864 Ti.
1112 822 1435 880 Sempronium:
1475 837 1654 879 quorum
1688 822 1765 863 sub

368 882 598 923 adventum
634 881 688 922 ad
721 880 964 922 Thessalica
998 881 1162 937 Tempe
1199 881 1393 922 omnibus
1429 880 1479 921 iis
1514 880 1765 929 civitatibus,

369 939 522 995 quibus
544 954 639 980 cum
662 954 759 995 rege
786 938 1036 995 disceptatio
1065 948 1166 988 erat,
1196 938 1421 980 concilium
1450 938 1658 979 indictum
1689 945 1763 978 est.

369 996 435 1038 Ibi
478 1011 610 1052 quum
657 996 841 1038 Romani
886 996 1014 1053 legati
1056 997 1384 1053 disceptatorum
1426 995 1530 1045 loeo,
1574 993 1766 1036 Thessali

368 1054 682 1110 Perrhaebique
714 1063 757 1096 et
778 1054 1040 1095 Athamanes
1070 1054 1186 1095 haud
1215 1054 1333 1095 dubii
1364 1062 1635 1103 accusatores,
1662 1052 1767 1093 Phi-

367 1112 507 1168 lippus
540 1112 593 1153 ad
625 1112 837 1154 audienda
868 1113 1044 1153 crimina
1077 1121 1277 1168 tanquam
1309 1127 1416 1162 reus,
1451 1111 1764 1159 consedissent3

367 1185 443 1226 pro
464 1170 635 1224 ingenio
653 1170 832 1226 quisque
855 1185 1014 1220 eorum,
1033 1170 1106 1226 qui
1122 1170 1334 1226 principes
1354 1169 1613 1226 legationum
1635 1176 1765 1218 erant,

368 1236 411 1269 et
432 1227 564 1284 gratia
585 1243 681 1269 cum
703 1227 902 1284 Philippo
923 1236 995 1269 aut
1017 1228 1128 1278 odio,
1151 1228 1340 1269 acerbius
1366 1227 1553 1268 leniusve
1575 1234 1763 1282 egerunt.

368 1285 421 1326 In
452 1285 777 1327 controversiam
808 1294 949 1327 autem
979 1286 1217 1333 veniebant,
1249 1285 1568 1342 Philippopolis,
1602 1284 1765 1333 Tricca,

368 1342 577 1392 Phaloria,
601 1353 643 1384 et
665 1343 946 1400 Eurymenae,
969 1352 1012 1385 et
1032 1352 1171 1385 cetera
1190 1344 1300 1384 circa
1321 1358 1389 1384 eas
1410 1342 1591 1399 oppida3
1624 1350 1765 1382 utrum
1780 1357 1797 1386 5

371 1400 670 1442 Thessalorum
710 1401 823 1450 iuris,
860 1416 992 1456 quum
1033 1401 1074 1442 vi
1114 1401 1335 1456 ademptae
1376 1415 1672 1457 possessaeque
1714 1399 1766 1440 ab

370 1458 535 1499 Aetolis
555 1459 706 1508 forent,
730 1459 848 1514 (nam
874 1459 1120 1515 Philippum
1142 1458 1307 1500 Aetolis
1335 1458 1537 1500 ademisse
1567 1472 1636 1498 eas
1666 1471 1767 1498 con-

370 1516 525 1569 stabat)
560 1531 614 1557 an
648 1516 843 1557 Aetolica
878 1517 1111 1572 antiquitus
1147 1532 1197 1557 ea
1232 1516 1388 1572 oppida
1422 1516 1608 1557 fuissent.
1673 1514 1768 1555 ‘Ita

373 1579 384 1597 ‘
400 1574 514 1614 enim
539 1573 724 1614 Acilium
756 1573 844 1629 regi
875 1574 1140 1623 concessisse,
1167 1574 1200 1614 si
1223 1574 1474 1615 Aetolorum
1504 1573 1692 1622 fuissent,
1724 1581 1767 1613 et

373 1632 434 1672 ‘si
460 1631 689 1681 voluntate,
723 1646 810 1672 non
843 1632 877 1672 si
909 1632 949 1672 vi
981 1640 1107 1688 atque
1141 1632 1265 1672 armis
1297 1632 1443 1681 eoacti,
1476 1646 1572 1672 eum
1603 1629 1766 1671 Aetolis

372 1694 383 1712 ⁶
400 1689 563 1730 essent!
625 1688 827 1730 Eiusdem
856 1689 1058 1730 formulae
1085 1690 1331 1746 disceptatio
1357 1690 1409 1730 de
1432 1688 1767 1730 Perrhaeborum

372 1746 710 1803 Magnetumque
752 1747 916 1803 oppidis
950 1747 1040 1788 fuit.
1122 1747 1326 1788 Omnium
1363 1747 1477 1788 enim
1513 1747 1604 1787 iura
1636 1745 1768 1802 possi-

371 1804 512 1845 dendo
542 1820 618 1860 per
648 1804 886 1845 occasiones
912 1805 1055 1846 Aetoli
1088 1805 1349 1847 miscuerant.
1414 1804 1488 1846 Ad
1518 1804 1634 1852 haec,
1657 1818 1765 1859 quae

372 1862 685 1918 disceptationis
706 1870 836 1912 erant,
856 1862 1050 1918 querelae
1073 1862 1370 1903 Thessalorum
1393 1862 1593 1911 adiectae,
1625 1867 1635 1884 ‘
1652 1860 1767 1916 quod

373 1925 384 1943 ‘
401 1935 450 1960 ea
470 1919 638 1976 oppida,
661 1919 694 1960 si
715 1919 797 1960 iam
819 1920 1097 1961 redderentur
1117 1920 1207 1969 sibi,
1226 1920 1400 1976 spoliata
1420 1935 1466 1960 ac
1489 1919 1652 1961 deserta
1672 1917 1768 1959 red-

373 1983 385 2001 ‘
401 1977 564 2018 diturus
593 1986 711 2018 esset.
776 1977 901 2027 Nam,
924 1986 1091 2034 praeter
1117 1977 1217 2019 belli
1246 1978 1407 2019 casibus
1438 1977 1620 2026 amissos,
1643 1975 1768 2032 quin-

373 2041 548 2092 ‘gentos
576 2035 787 2091 principes
817 2035 1047 2076 iuventutis
1075 2036 1120 2075 in
1142 2035 1440 2076 Macedoniam
1466 2035 1702 2083 abduxisse,
1725 2041 1769 2074 et

373 2098 385 2116 ‘
401 2108 529 2149 opera
549 2108 695 2134 eorum
716 2093 761 2133 in
782 2093 999 2134 servilibus
1024 2093 1138 2134 abuti
1165 2093 1430 2134 ministeriis:
1465 2101 1520 2142 et,
1543 2107 1650 2148 quae
1673 2091 1768 2132 red-

373 2150 557 2191 ‘diderit
597 2158 764 2191 coactus
801 2150 1024 2200 Thessalis,
1062 2151 1228 2192 inutilia
1262 2160 1310 2192 ut
1344 2151 1552 2199 redderet,
1589 2164 1765 2191 curasse.

374 2214 385 2232 ‘
402 2208 573 2249 Thebas
589 2208 766 2248 Phthias
788 2224 920 2249 unum
943 2209 1198 2249 maritimum
1220 2208 1455 2264 emporium
1475 2208 1613 2257 fuisse,
1632 2220 1799 2263 quon-6

374 2265 498 2306 ‘dam
531 2265 743 2307 Thessalis
774 2274 1071 2321 quaestuosum
1100 2275 1142 2307 et
1174 2266 1432 2322 frugiferum.
1495 2266 1560 2307 Ibi
1593 2265 1798 2312 navibus7

374 2330 385 2347 ‘
402 2323 601 2364 onerariis
629 2324 889 2379 comparatiS,
913 2339 1068 2380 regem,
1092 2339 1200 2380 quae
1231 2333 1396 2380 praeter
1418 2324 1586 2364 Thebas
1609 2323 1768 2363 Deme-

158 705 271 747 Legati
289 707 355 738 Ro-

156 761 211 780 ma
226 760 314 780 missi

157 792 351 832 disceptato-

156 845 215 866 reS.

222 997 289 1035 25.

163 1811 310 1841 Audiunt

160 1855 316 1893 querelas.

418 2433 434 2463 5
460 2426 679 2464 Eurymenae,
703 2430 733 2456 et
756 2430 862 2456 cetera
885 2426 976 2463 cirea,
995 2436 1049 2457 eas

373 2468 508 2506 oppida]
543 2469 753 2506 Eurymenae
777 2469 890 2498 cadem
918 2468 1050 2498 fortasse

375 2511 450 2539 urbs
474 2513 532 2545 cst,
553 2520 635 2548 quae
657 2511 818 2547 Straboni,
839 2510 882 2541 ix.
907 2520 978 2549 443.
1004 2511 1048 2540 di-

377 2551 460 2581 citur
490 2553 665 2590 Erystnnae.
726 2553 881 2583 Ceterum
913 2553 1049 2583 libenter

376 2597 498 2624 resecta
521 2604 597 2635 voce
618 2606 672 2625 eas
696 2595 883 2633 legeremus,
899 2600 928 2626 et
947 2601 1051 2625 cetera

376 2638 461 2666 circa
486 2638 689 2676 oppirla,pc1·
713 2637 862 2667 usitatam
888 2638 975 2676 apud
1000 2638 1050 2667 Li-

378 2679 464 2709 vium
482 2679 621 2718 ellipsin.
647 2680 752 2709 Ciu-w.

419 2720 438 2751 6
458 2722 578 2752 Thebas
588 2722 743 2758 Phthias]
764 2721 899 2751 Thebae
912 2722 1051 2752 Phthiae

377 2764 489 2794 eadem
515 2768 561 2793 est
585 2765 658 2793 urbs
677 2775 760 2802 (piae
776 2774 882 2803 snpra.
900 2764 958 2793 hoe
982 2764 1049 2803 ipso

378 2806 496 2845 capite,
517 2806 634 2836 dicitur
657 2806 904 2845 Philippopolis.
952 2807 1048 2837 Illam

378 2853 506 2888 captam
526 2849 710 2888 Philippus,
732 2853 763 2879 et>
784 2860 801 2878 a
824 2859 938 2886 magna
961 2854 1050 2888 parte

379 2891 557 2921 incolarum
575 2892 732 2921 desertam
756 2890 859 2930 (qnod
881 2893 974 2922 docet
996 2893 1049 2921 ob-

380 2933 439 2963 iter
456 2934 566 2965 Livius
589 2944 674 2973 supr.
692 2934 800 2964 xxviii.
822 2933 866 2975 7.)
889 2934 977 2964 noris
1001 2946 1050 2964 co-

381 2976 461 3006 lonis
474 2976 742 3015 frequentaverat,
755 2981 786 3007 ct
800 2978 839 3007 de
852 2988 909 3008 suo
923 2977 1051 3008 nomine

1098 2426 1345 2465 Philippopolin
1363 2425 1425 2456 dici
1447 2425 1590 2455 iusserat.
1636 2425 1699 2455 Sed
1722 2423 1765 2454 ni-

1094 2468 1209 2497 mirum
1228 2468 1387 2504 Thessali,
1404 2468 1457 2506 qui
1479 2468 1569 2498 illam
1588 2468 1697 2497 urbem
1714 2467 1767 2497 hic

1094 2511 1153 2540 sibi
1177 2511 1266 2540 reddi
1292 2511 1467 2549 postulant,
1486 2515 1575 2540 vetus
1597 2512 1635 2540 de
1660 2511 1767 2540 indus-

1094 2553 1154 2582 tria
1170 2557 1323 2591 usurpant
1338 2564 1467 2588 nomen,
1480 2557 1586 2592 spreto
1600 2554 1656 2583 illo
1673 2563 1767 2590 novo,

1096 2596 1181 2634 quod
1206 2595 1390 2634 Philippus,
1411 2597 1562 2626 adversus
1584 2607 1679 2634 quem
1705 2596 1766 2626 liti-

1095 2641 1182 2676 gant,
1198 2637 1366 2668 indiderat.
1391 2640 1497 2669 (Jnm'.

1141 2687 1155 2718 7
1181 2682 1231 2710 Ibi.
1265 2682 1400 2710 'mnibus
1434 2683 1608 2719 onerariis]
1650 2682 1768 2711 Sensus

1097 2723 1221 2752 videtur
1241 2734 1319 2758 esse,
1344 2724 1531 2763 Philippum
1553 2723 1675 2754 Thebis
1699 2726 1766 2753 co'c'-

1095 2765 1189 2795 misse
1214 2766 1373 2795 onerarias
1398 2778 1506 2801 nares,
1530 2767 1646 2805 quibus
1672 2777 1768 2805 negot

1095 2807 1260 2837 tiationem
1285 2820 1438 2839 exercens
1460 2809 1540 2848 ipse,
1561 2813 1591 2839 et
1616 2810 1767 2839 advectas

1095 2861 1133 2880 ex
1151 2851 1222 2880 aliis
1238 2852 1418 2889 regionibns
1431 2862 1552 2882 merces
1564 2855 1767 2890 comportans

1097 2893 1352 2929 Dcnwtriadem,
1367 2894 1583 2933 frequentaret
1605 2894 1685 2923 illud
1702 2903 1766 2923 em-

1097 2936 1234 2974 porium,
1250 2940 1281 2966 et
1302 2937 1551 2975 negotiationem
1574 2947 1611 2967 co
1632 2937 1727 2966 modo
1748 2946 1767 2966 a

1097 2978 1218 3009 Thebis
1230 2979 1471 3010 Demetriadem
1483 2984 1649 3011 averteret.
1662 2980 1767 3010 Cum.
