1960 3218
561 145 689 187 LIB.
724 144 920 186 XXXV.
966 144 1114 185 CAP.
1150 148 1216 185 30.
1504 147 1586 186 205

185 229 285 286 quia
316 229 374 269 ita
409 236 681 284 praeceptum
714 241 738 266 a
768 224 1102 280 Philopoemene
1135 223 1356 280 praefectis
1392 233 1493 273 erat,
1525 231 1586 272 ut,
1603 238 1647 270 U,
1665 238 1704 270 c,
1727 236 1803 278 560,

185 287 351 329 modico
377 286 490 327 edito
521 283 694 340 proelio,
718 283 760 323 in
794 282 934 338 fugam
968 282 1233 332 inclinarent,
1257 281 1507 337 hostemque
1535 280 1588 322 ad
1602 282 1642 313 Α·
1667 282 1706 314 C·
1731 290 1802 321 19²·

185 345 431 386 insidiarum
471 342 611 384 locum
653 340 952 397 pertraherent.
1023 339 1167 380 Effuse
1209 340 1341 380 secuti
1377 339 1588 396 fugientes

186 418 262 459 per
302 400 549 449 convallem,
584 399 773 455 plerique
808 406 851 439 et
881 397 1102 447 vulnerati,
1141 408 1182 438 et
1224 397 1436 438 interfecti
1477 405 1588 446 sunt,

187 461 431 517 priusquam
453 457 666 499 occultum
697 456 862 497 hostem
883 455 1088 496 viderent.
1154 455 1339 497 Caetrati
1362 455 1432 504 ita,
1456 470 1591 510 quan-

189 528 278 559 tum
311 516 490 558 latitudo
517 515 634 556 vallis
662 514 912 570 patiebatur,
945 513 1138 554 instructi
1171 513 1377 561 sederant,
1401 522 1449 553 ut
1469 512 1590 553 facile

188 591 264 632 per
285 573 501 616 intervalla
523 573 719 614 ordinum
740 572 952 627 fugientes
973 586 1069 612 suos
1091 571 1342 627 acciperent.
1404 571 1592 611 Consur-

188 642 295 689 gunt
325 632 480 673 deinde
512 631 591 687 ipsi
619 630 786 685 integri,
814 638 1017 678 recenteS,
1050 629 1269 669 instructi:
1304 638 1347 670 et
1377 628 1421 668 in
1453 628 1593 668 hostes

189 688 462 739 inordinatos,
485 690 650 737 effusos,
673 688 813 728 labore
840 687 966 728 etiam
999 696 1042 727 et
1072 687 1315 727 vulneribus
1342 686 1483 736 fessos,
1515 686 1593 726 im-

188 758 336 805 petum
366 748 537 788 faciunt.
602 745 695 787 Nee
717 745 845 786 dubia
866 745 1039 786 victoria
1060 745 1150 785 fuit.
1215 744 1444 800 Extemplo
1476 752 1594 800 terga

190 806 309 847 dedit
345 805 513 862 tyranni
548 804 694 845 miles:
738 812 781 844 et
813 803 927 843 haud
963 802 1104 858 paullo
1143 802 1415 843 concitatiore
1454 817 1591 851 cursu,

190 880 318 920 quam
339 872 506 904 secutus
528 873 628 911 erat,
646 861 824 917 fugiens,
844 860 896 901 ad
918 870 1051 901 eastra
1073 869 1135 902 est
1156 860 1406 917 compulsus.
1462 859 1593 901 Multi

191 922 299 964 eaesi
321 921 518 978 captique
541 921 585 960 in
608 935 656 961 ea
676 920 775 975 fuga
796 928 905 959 sunt.
970 918 1027 959 Et
1055 919 1098 958 in
1128 918 1271 959 castris
1293 933 1462 974 quoque
1486 918 1595 959 foret

192 979 462 1036 trepidatum,
495 979 539 1018 ni
571 977 878 1033 Philopoemen
909 977 1097 1032 receptui
1129 976 1223 1017 cani
1254 977 1437 1017 iussisset
1455 992 1465 1025 3
1504 976 1595 1016 loca

192 1038 325 1093 magis
356 1037 610 1091 confragosa,
641 1044 696 1084 et,
724 1050 977 1090 quacunque
1010 1044 1168 1075 temere
1200 1035 1480 1091 processisset,
1512 1034 1593 1074 ini-

194 1111 289 1152 qua,
313 1110 440 1151 quam
462 1094 638 1142 hostem,
662 1101 867 1134 metuens.

252 1153 358 1194 Inde
393 1161 435 1193 et
471 1167 524 1193 ex
557 1152 724 1192 fortuna
759 1165 940 1206 pugnae,
974 1159 1015 1191 et
1048 1165 1102 1191 ex
1135 1150 1307 1206 ingenio
1342 1149 1461 1191 ducis
1495 1165 1595 1190 con-

194 1211 365 1260 iectans,
388 1211 431 1250 in
455 1225 540 1265 quo
565 1218 653 1249 tum
686 1209 719 1249 is
750 1223 902 1264 pavore
935 1217 1055 1257 esset,
1079 1223 1212 1248 unum
1240 1208 1293 1249 de
1323 1207 1596 1249 auxiliaribus

194 1269 333 1325 specie
356 1267 591 1323 transfugae
613 1266 742 1307 mittit
764 1266 816 1306 ad
838 1281 948 1315 eum,
972 1266 1045 1321 qui
1067 1281 1142 1321 pro
1164 1275 1380 1322 comperto
1402 1266 1591 1306 afferret:

197 1326 390 1368 Achaeos
431 1325 621 1366 statuisse
662 1333 830 1380 postero
866 1323 934 1364 die
973 1323 1025 1363 ad
1061 1323 1264 1365 Eurotam
1301 1339 1481 1373 amnem,
1521 1323 1595 1379 qni

194 1399 325 1441 prope
361 1383 460 1440 ipsis
495 1383 628 1424 affluit
664 1382 896 1431 moenibus,
934 1381 1143 1438 progredi,
1180 1390 1227 1422 ut
1262 1381 1594 1423 intercluderent

194 1443 298 1492 iter3
341 1457 395 1483 ne
427 1450 499 1483 aut
529 1449 744 1497 tyrannus,
778 1455 910 1496 quum
940 1439 1079 1488 vellet,
1111 1448 1329 1495 receptum
1361 1439 1414 1480 ad
1445 1439 1595 1480 urbem

195 1500 395 1549 haberet3
434 1508 506 1540 aut
538 1506 796 1540 commeatus
829 1498 880 1538 ab
917 1498 1019 1538 urbe
1054 1497 1095 1538 in
1135 1506 1268 1539 castra
1300 1507 1592 1554 portarentur:

167 1557 321 1606 7simul
352 1557 476 1598 etiam
510 1565 756 1606 tentaturos,
787 1556 819 1596 si
846 1571 1026 1611 quorum
1056 1556 1186 1596 animi
1215 1555 1425 1597 sollicitari
1449 1555 1500 1596 ad
1523 1555 1598 1596 de-

196 1616 423 1657 fectionem
455 1631 479 1655 a
510 1624 688 1671 tyranno
710 1623 891 1670 possent.
956 1613 1056 1654 Non
1088 1623 1173 1654 tam
1198 1613 1325 1654 fidem
1347 1613 1471 1654 dictis
1501 1628 1596 1669 per-
1610 1624 1794 1655 Castratio-

198 1674 296 1730 fuga
316 1673 428 1722 fecit,
452 1688 578 1729 quam
600 1672 792 1728 perculso
825 1681 938 1712 metu
972 1671 1240 1728 relinquendi
1269 1681 1401 1712 castra
1429 1686 1593 1712 causam
1609 1667 1683 1697 ⁸0¹·st
1701 1672 1806 1707 tyran-

197 1731 455 1788 probabilem
486 1730 689 1787 praebuit.
751 1730 926 1770 Postero
948 1729 1016 1770 die
1038 1729 1321 1786 Pythagoram
1352 1745 1447 1770 cum
1475 1729 1594 1770 auxi-
1609 1720 1679 1741 nus.

197 1789 368 1831 liaribus
389 1797 431 1829 et
452 1789 642 1844 equitatu
669 1788 893 1829 stationem
925 1802 1047 1844 agere
1076 1803 1153 1843 pro
1181 1787 1288 1829 vallo
1317 1787 1457 1828 iussit:
1492 1787 1595 1843 ipse,

198 1856 399 1903 tanquam
433 1847 477 1887 in
513 1846 646 1887 aciem
682 1860 778 1886 cum
815 1846 963 1887 robore
998 1846 1207 1886 exercitus
1244 1861 1444 1902 egressuS,
1479 1846 1598 1901 signa

200 1905 315 1947 ocius
335 1904 432 1946 ferri
454 1904 508 1945 ad
529 1904 674 1945 urbem
702 1903 832 1944 iussit.
895 1903 1218 1960 Philopoemen,
1244 1913 1466 1960 postquam
1496 1904 1598 1945 cita·
1676 1905 1743 1942 30.

200 1971 291 2004 tum
322 1977 473 2019 agmen
504 1977 579 2016 per
610 1971 829 2017 angustam
862 1971 904 2002 et
934 1961 1162 2018 proclivem
1184 1962 1294 2002 viam
1323 1961 1420 2002 duci
1446 1961 1599 2018 raptim

201 2020 318 2069 vidit,
341 2020 577 2076 equitatum
599 2035 767 2059 omnem
791 2028 833 2060 et
856 2019 1124 2060 Cretensium
1147 2019 1369 2060 auxiliares
1391 2019 1435 2059 in
1457 2019 1600 2060 statio—

201 2093 300 2118 nem
322 2077 518 2126 hostium,
537 2092 643 2133 quae
666 2092 741 2132 pro
763 2077 907 2117 castris
929 2086 1029 2126 erat,
1053 2077 1218 2118 emittit.
1267 2076 1348 2126 Illi,
1368 2077 1439 2117 ubi
1461 2077 1601 2118 hostes

204 2135 360 2185 adesse,
384 2144 426 2176 et
447 2151 471 2175 a
491 2135 576 2175 suis
596 2150 637 2175 se
660 2134 845 2176 desertos
866 2134 1076 2183 viderunt,
1099 2135 1234 2190 primo
1260 2135 1305 2174 in
1333 2143 1466 2175 castra
1496 2134 1601 2175 reci-

203 2208 301 2250 pere
324 2208 366 2234 sc
389 2192 525 2234 conati
550 2201 669 2233 sunt:
704 2192 872 2242 deinde,
895 2202 1117 2248 postquam
1150 2193 1352 2233 instructa
1380 2192 1488 2233 acies
1514 2201 1602 2233 tota

204 2251 474 2293 Achaeorum
503 2250 815 2299 admovebatur,
840 2259 955 2291 metu
987 2265 1039 2291 ne
1069 2265 1164 2291 eum
1195 2250 1293 2306 ipsis
1315 2250 1457 2291 eastris
1479 2266 1602 2307 cape-

205 2319 363 2358 rentur,
392 2308 512 2363 sequi
541 2323 709 2348 suorum
743 2323 893 2363 agmen
925 2307 1187 2364 aliquantum
1219 2323 1508 2364 praegressum
1538 2309 1602 2348 in-

204 2367 367 2407 sistunt.
432 2365 658 2422 Extemplo
680 2365 852 2407 caetrati
875 2365 1142 2407 Achaeorum
1166 2366 1210 2406 in
1232 2375 1365 2406 eastra
1396 2366 1600 2421 impetum

204 2424 375 2473 faciunt,
391 2433 433 2465 ct
449 2424 676 2479 diripiunt:
711 2424 839 2465 ceteri
857 2423 909 2464 ad
931 2423 1244 2480 persequendos
1265 2424 1405 2464 hostes
1426 2424 1485 2464 ire
1508 2439 1603 2479 per-

205 2490 322 2537 gunt.
388 2481 489 2522 Erat
515 2481 595 2522 iter
616 2481 710 2530 talc,
734 2496 808 2537 per
829 2484 944 2537 quod
973 2482 1043 2521 vix
1075 2481 1346 2537 tranquillum
1380 2482 1431 2522 ab
1463 2481 1602 2522 hostili

207 2549 322 2579 metu
344 2554 494 2595 agmen
516 2539 705 2595 expediri
738 2548 887 2595 posset.
954 2539 992 2580 [f
1000 2548 1015 2579 t
1036 2554 1133 2580 vero
1155 2539 1208 2580 ad
1229 2548 1460 2595 postremos
1481 2555 1603 2595 proe-
1618 2548 1780 2579 Funditur

206 2596 308 2636 lium
331 2607 467 2637 ortum
490 2606 564 2646 est,
587 2596 827 2652 clamorque
851 2596 1045 2638 terribilis
1074 2612 1097 2638 a
1129 2606 1245 2653 tergo
1276 2597 1521 2653 paventium
1550 2597 1601 2638 ad
1617 2592 1786 2665 fiffiscxm

208 2720 274 2740 sam
301 2709 405 2739 vicere
431 2710 557 2749 tyranni
588 2709 772 2746 auxiliares,
796 2711 881 2749 quod
928 2720 1038 2740 eamus
1063 2714 1206 2740 veterum
1232 2710 1391 2740 editorum
1420 2709 1604 2746 lectionem,

208 2762 326 2791 nempe
364 2756 395 2782 et
437 2762 570 2782 numero
607 2753 813 2792 superabant,
851 2756 883 2783 et
928 2763 1023 2791 quam
1048 2756 1158 2783 tuetur
1176 2753 1260 2783 vict.
1285 2753 1366 2783 Eam
1392 2753 1523 2783 Modius
1547 2753 1605 2782 im-

210 2800 416 2835 praeceptnm
452 2804 471 2824 a
504 2795 755 2834 Philopoemene
794 2806 882 2835 prae·
928 2799 1122 2832 mutaverat,
1160 2795 1358 2834 iusseratque
1399 2796 1460 2833 legi
1500 2800 1602 2825 tenlu-

208 2838 301 2868 fectis
325 2842 403 2874 erat,
429 2841 464 2867 ut
490 2837 521 2867 in
546 2838 654 2877 fugam
680 2837 880 2869 inclinarent.
926 2843 1040 2868 turns.-
1062 2849 1145 2877 quae
1162 2838 1252 2868 nobis
1269 2849 1382 2878 parum
1399 2838 1476 2867 felix
1494 2847 1603 2867 enien-

209 2881 317 2912 Ciuzv.
927 2881 1014 2911 datio
1046 2881 1112 2911 visa
1142 2884 1199 2911 est.
1235 2882 1341 2913 (ἷκεν.
1405 2882 1604 2913 Tentaturus

255 2930 271 2962 7
294 2923 399 2954 Simul
420 2923 517 2954 ctiam
543 2922 739 2963 tentaturos]
777 2923 881 2954 Revo-
927 2923 1069 2963 reposuit
1088 2923 1230 2955 Bekker,
