1960 3218
569 153 697 197 LIB.
732 153 926 196 XXXV.
970 153 1116 196 CAP.
1155 158 1218 198 17.
1518 159 1596 199 195

199 246 486 312 ‘comparasti,
509 246 663 287 causa?
704 245 775 287 Ab
798 245 1019 302 Rheginis,
1043 254 1086 287 et
1118 244 1423 302 Neapolitanis,
1447 255 1490 287 ct
1510 246 1550 287 T
1552 262 1595 288 a-

199 309 212 328 ‘
227 304 415 354 rentinis,
438 319 491 345 ex
513 319 597 360 quo
625 303 671 344 in
701 312 884 345 nostram
914 312 1124 345 venerunt
1151 311 1413 359 potestatem,
1436 319 1522 345 uno
1551 313 1595 346 et

199 367 430 418 ‘perpetuo
460 370 603 403 tenore
632 361 746 411 iuris,
776 376 942 417 semper
972 369 1183 417 usurpato,
1213 376 1433 417 nunquam
1464 361 1594 403 inter-

198 420 363 469 ‘misso,
390 435 497 475 quae
526 435 579 460 ex
606 419 774 460 foedere
803 419 973 468 debent,
1005 419 1223 475 exigimus.
1287 418 1469 460 Potesne
1502 428 1594 460 tan-

198 477 319 518 ‘dem
341 477 494 526 dicere,
517 487 564 518 ut
585 477 615 517 ii
639 476 782 533 populi
807 492 893 518 non
916 492 991 533 per
1011 492 1067 526 se,
1090 492 1177 518 non
1198 492 1274 533 per
1294 476 1422 517 alium
1445 493 1593 533 quem-

197 540 351 591 ‘quam
372 535 520 576 foedus
541 535 808 584 mutaverint,
831 535 889 576 310
916 535 1043 575 Asiae
1065 535 1265 584 civitates,
1289 543 1336 575 ut
1364 535 1493 576 semel
1521 550 1593 576 ve-

196 598 376 633 ‘nerunt
397 592 441 632 in
463 592 669 633 maiorum
691 592 896 633 Antiochi
917 600 1182 657 potestatem,
1206 592 1250 632 in
1271 601 1476 648 perpetua
1496 608 1592 649 pos-

197 650 402 691 ‘sessione
428 649 548 705 regni
577 650 703 691 vestri
733 650 1022 706 permansisse,
1053 659 1095 691 et
1125 665 1212 691 non
1243 650 1342 691 alias
1374 665 1518 691 earum
1546 650 1591 691 in

195 707 424 764 ‘Philippi,
466 708 565 748 alias
600 707 645 748 in
686 707 919 750 Ptolemaei
954 708 1079 749 fuisse
1120 717 1338 764 potestate,
1377 708 1477 749 alias
1516 723 1592 764 per

195 771 207 790 ‘
222 765 376 806 multos
392 780 523 806 annos
543 765 659 807 nullo
676 765 916 821 ambigente
937 765 1175 807 libertatem
1191 766 1444 831 usurpasse?
1477 765 1591 807 Nam

194 829 206 847 ‘
222 823 269 873 si,
292 823 407 880 quod
428 823 655 879 aliquando
676 824 921 873 servielunt,
941 832 1178 889 temporum
1200 824 1423 888 iniquitate
1446 824 1589 879 pressi,

163 887 206 928 7‘
219 881 282 922 ius
318 889 411 937 post
448 889 509 922 tot
539 881 704 923 saecula
734 881 945 922 asserendi
981 897 1051 923 eos
1082 882 1125 922 in
1162 881 1406 923 servitutem
1436 882 1587 931 faciet3

194 939 325 995 ‘quid
351 939 482 988 abest,
512 941 615 995 quin
646 948 785 980 actum
814 940 935 980 nobis
963 939 1066 980 nihil
1097 939 1161 989 sit,
1192 939 1308 995 quod
1335 956 1360 980 a
1390 939 1591 996 Philippo

194 996 484 1038 ‘liberavimus
504 997 740 1047 Graeciam,
759 1006 801 1038 et
823 1006 1015 1053 repetant
1035 998 1191 1053 posteri
1213 998 1302 1038 eius
1319 997 1589 1047 Corinthum,

193 1060 206 1079 ‘
225 1053 487 1104 Chalcidem,
506 1055 838 1105 Demetriadem,
857 1064 900 1096 et
922 1055 1218 1097 Thessalorum
1237 1064 1366 1096 totam
1388 1056 1591 1111 gentem?

194 1119 206 1137 ⁶
225 1112 310 1154 Sed
331 1112 435 1168 quid
457 1128 534 1169 ego
563 1128 730 1154 causam
759 1113 991 1154 civitatium
1020 1129 1111 1169 ago,
1135 1128 1276 1169 quam,
1300 1113 1398 1169 ipsis
1427 1113 1589 1169 agenti-

194 1177 206 1195 ‘
221 1171 310 1221 bus,
333 1179 376 1212 et
397 1185 472 1211 nos
494 1180 536 1212 et
558 1186 698 1226 regem
721 1171 857 1227 ipsum
880 1186 1130 1226 cognoscere
1153 1171 1328 1227 aequius
1349 1171 1458 1212 est?’
1499 1171 1589 1213 Vo-

191 1229 276 1270 cari
316 1227 470 1269 deinde
505 1229 737 1269 civitatium
773 1228 1002 1284 legationes
1035 1229 1166 1279 iussit,-
1203 1238 1468 1285 praeparatas
1504 1229 1588 1271 iam

191 1295 288 1328 ante
311 1296 353 1327 et
374 1286 594 1327 instructas
616 1287 667 1327 ab
691 1286 897 1335 Eumene,
921 1287 1007 1342 qui,
1031 1295 1409 1343 quantumcunque
1435 1287 1588 1328 virium

191 1343 409 1385 Antiocho
449 1344 704 1394 decessisset,
740 1360 814 1385 suo
848 1344 891 1385 id
925 1360 1188 1386 accessurum
1224 1360 1355 1400 regno
1391 1344 1584 1387 ducebat.

191 1401 379 1444 Admissi
400 1401 551 1459 plures,
575 1402 677 1443 dum
698 1417 792 1443 suas
814 1402 992 1458 quisque
1014 1418 1128 1444 nunc
1150 1403 1353 1458 querelaS,
1377 1418 1491 1443 nunc
1513 1418 1587 1444 ex-

189 1459 491 1516 postulationes
519 1460 676 1510 inserit,
698 1469 741 1501 et
770 1475 906 1517 aequa
933 1460 1089 1517 iniquis
1115 1460 1304 1510 miscent,
1328 1476 1350 1501 e
1380 1460 1587 1517 discepta-

191 1517 304 1559 tione
336 1517 648 1560 altercationem
678 1518 880 1559 fecerunt.
944 1518 1107 1575 Itaque,
1137 1533 1277 1574 neque
1308 1519 1479 1560 remissa
1503 1518 1589 1560 ulla

189 1590 248 1625 re,
280 1591 418 1632 neque
451 1576 685 1632 impetrata,
719 1591 852 1633 aeque
884 1591 931 1617 ac
961 1584 1176 1626 venerant,
1210 1576 1399 1618 omnium
1436 1577 1586 1619 incerti

189 1633 315 1689 legati
340 1633 520 1675 Romam
542 1634 768 1675 redierunt.

231 1669 359 1741 DRex,
397 1691 576 1732 dimissis
609 1692 672 1741 iis,
706 1692 927 1733 consilium
965 1692 1017 1733 de
1050 1692 1161 1734 110110
1200 1692 1394 1734 Romano
1427 1693 1586 1735 habuit.

191 1748 256 1790 Ibi
278 1748 382 1790 alius
407 1749 488 1790 alio
515 1749 693 1791 ferocius
715 1750 835 1806 (quia
863 1765 948 1806 quo
970 1750 1148 1815 quisque
1177 1751 1364 1806 asperius
1392 1751 1471 1792 adv
1474 1766 1587 1792 013113

158 1806 408 1848 8Romanos
438 1806 601 1849 locutus
634 1817 754 1858 esset,
786 1823 836 1849 eo
868 1823 961 1864 spes
988 1808 1144 1864 gratiae
1181 1808 1313 1849 maior
1343 1808 1452 1863 erat)
1482 1809 1587 1850 alius

190 1865 428 1921 superbiam
456 1865 799 1930 postulatorum
791 1881 1018 1922 melepare,
1042 1875 1243 1922 tanquam
1273 1866 1433 1908 Nabidi
1461 1867 1585 1917 victo,

189 1923 248 1964 310
280 1923 509 1973 Antiocho,
540 1923 724 1964 maximo
758 1923 884 1965 Asiae
914 1939 1073 1980 regum,
1106 1924 1415 1980 imponentium
1448 1925 1583 1981 leges:

192 1986 203 2004 ‘
220 1996 463 2036 quanquam
487 1981 646 2022 Nabidi
669 1990 810 2022 tamen
831 1981 1163 2022 dominationem
1190 1981 1232 2021 in
1255 1982 1431 2037 patriam
1454 1998 1584 2033 suam,

192 2044 203 2062 ⁴
217 2046 259 2079 et
272 2038 448 2093 patriam
463 2038 841 2087 Lacedaemonem,
860 2039 1090 2080 remissam:
1127 2039 1342 2080 Antiocho
1356 2040 1389 2080 si
1407 2039 1587 2097 Smyrna

158 2100 204 2140 9‘
220 2104 262 2136 et
293 2095 549 2152 Lampsacus
585 2096 788 2152 imperata
822 2096 987 2145 faciant,
1021 2096 1243 2152 indignum
1279 2097 1458 2146 vidc1i3⁷
1499 2098 1582 2147 alii,

192 2158 318 2209 ‘pari
321 2168 364 2194 as
385 2162 429 2194 et
448 2154 518 2194 1111
541 2153 656 2194 dictu
678 2153 826 2209 dionas
846 2153 945 2194 belli
973 2169 1115 2195 causas
1138 2163 1254 2195 tanto
1283 2155 1371 2210 regi
1393 2170 1462 2196 eas
1483 2155 1584 2195 0111-

191 2216 203 2234 ‘
219 2219 325 2252 tates
345 2226 456 2260 csse3
490 2211 563 2252 sed
585 2211 752 2252 initium
781 2226 945 2267 semper
966 2227 990 2252 a
1009 2211 1145 2267 11111113
1173 2212 1328 2253 iniusta
1348 2213 1585 2268 imperandi

192 2269 328 2310 ‘fieriz
363 2269 441 2309 nisi
468 2269 702 2318 crederent,
732 2269 892 2317 Persas,
923 2284 1054 2324 quum
1084 2284 1235 2325 aquam
1262 2279 1500 2326 terramque
1533 2272 1584 2313 ab

161 2326 561 2368 1‘Lacedaemoniis
601 2327 827 2383 petierunt,
864 2326 988 2383 gleba
1024 2335 1154 2368 terrae
1191 2335 1234 2368 et
1266 2327 1418 2369 haustu
1451 2344 1584 2384 aquae

235 2465 251 2496 7
278 2459 334 2488 Tot
350 2459 496 2496 saecula]
527 2458 659 2488 Aetates
681 2457 861 2488 hominnm.

191 2500 230 2530 cf.
247 2510 331 2540 supr.
349 2501 391 2531 ix.
413 2502 459 2531 18.

233 2543 252 2571 8
275 2544 372 2573 Alius
395 2545 595 2583 superbiam]
628 2543 679 2573 Ex
700 2553 788 2573 more
811 2543 862 2573 Li-

191 2585 285 2614 viano
317 2596 425 2616 vocem
464 2587 550 2616 alins
585 2591 716 2626 propter
751 2596 861 2625 parcn-

190 2627 309 2665 thesin,
324 2632 359 2657 ut
378 2629 643 2659 Drakenborchio
665 2628 799 2665 videtur,
816 2638 860 2658 re-

191 2670 326 2709 petitam
351 2670 516 2702 habemns.
545 2672 584 2702 cf.
605 2681 690 2711 supr.
715 2682 788 2702 xxv.
813 2680 861 2710 27.

191 2724 226 2744 eo
241 2718 271 2744 et
287 2718 485 2744 commeatus.

234 2765 253 2796 9
276 2757 441 2794 Imperant
450 2757 599 2794 saciant]
625 2767 666 2787 sc.
686 2755 859 2787 Obediant.

239 2807 249 2827 1
278 2799 376 2829 (Jleha
405 2803 510 2829 lerrae
535 2803 565 2829 et
591 2800 711 2829 haustu
737 2798 857 2839 aquae]

192 2841 294 2871 Haud
333 2842 464 2871 fortasse
501 2842 781 2871 accommodatum
821 2842 862 2871 ad

191 2893 257 2914 rem
281 2887 480 2923 praesentem
505 2884 702 2923 exemplum.
749 2884 862 2919 Quum

191 2926 277 2957 enim
302 2927 417 2957 Persae
439 2936 555 2965 aquarn
579 2930 612 2957 et
634 2930 751 2957 terram
775 2929 862 2966 pete-

907 2460 989 2494 rent,
1016 2467 1079 2487 non
1111 2457 1168 2487 sibi
1200 2457 1325 2488 aditum
1357 2469 1375 2489 a
1407 2458 1513 2497 parvis
1542 2459 1584 2490 ad

908 2500 1059 2530 ulteriora
1076 2501 1337 2539 praestruebant:
1360 2502 1414 2532 sed
1433 2502 1584 2532 volebant

908 2543 1005 2581 plane
1027 2553 1060 2572 sc
1082 2543 1229 2573 dominos
1250 2544 1390 2583 agnosci,
1406 2548 1441 2574 ut
1458 2549 1584 2575 constat

907 2595 946 2615 ex
986 2585 1097 2615 multis
1136 2585 1252 2625 passini
1293 2586 1452 2616 Herodoti
1496 2587 1583 2618 loeis.

907 2628 1013 2659 (111111.
1050 2628 1112 2658 Sed
1130 2628 1286 2658 oratoricc
1302 2628 1381 2659 hacc·
1399 2629 1485 2659 dicta
1498 2634 1582 2660 sunt.

908 2671 1026 2701 Sensus
1043 2675 1101 2708 est,
1119 2680 1217 2710 parva
1238 2676 1329 2701 erant
1350 2672 1508 2711 imperata
1525 2672 1582 2702 illa

908 2713 1087 2750 Persarum,
1113 2718 1144 2743 et
1168 2723 1250 2752 quae
1277 2714 1418 2753 speciem
1449 2715 1582 2745 minime

905 2756 1075 2795 superbam
1102 2766 1177 2795 prae
1202 2766 1235 2786 se
1257 2756 1386 2794 ferrent,
1403 2760 1510 2787 tamen
1536 2758 1581 2787 in-

906 2798 989 2828 iusta
1002 2802 1103 2834 erant,
1117 2802 1148 2828 et
1160 2798 1184 2828 si
1202 2799 1307 2837 parvis
1322 2799 1386 2829 illis
1403 2800 1581 2839 paruissent

909 2841 1171 2877 Lacedaemonii,
1201 2841 1323 2871 maiora
1352 2846 1384 2872 et
1415 2842 1581 2872 iniustiora

907 2883 945 2913 iis
960 2893 1035 2913 mox
1053 2883 1209 2923 imperata
1226 2883 1369 2915 fuissent.

1276 2972 1348 3009 (12

1610 257 1655 289 U.
1672 258 1711 289 C.
1733 266 1806 301 559.

1607 299 1648 332 Α
1671 301 1806 342 C.193.

1669 1173 1732 1215 17.

1600 1706 1675 1737 Rex
1692 1707 1793 1737 consi-

1600 1749 1679 1780 lium
1699 1750 1797 1780 habet

1600 1793 1640 1823 de
1656 1793 1777 1823 Roma-

1599 1846 1641 1866 no
1656 1836 1752 1866 bello.
