1960 3218
338 184 422 224 392
867 177 1016 220 TITI
1052 177 1232 220 LIVII

131 280 176 312 U.
195 280 233 312 C.
257 275 355 320 566·‘
371 285 495 312 causa
515 269 724 311 exercitus
745 267 922 310 eductus
943 276 1062 318 esset,
1086 276 1158 309 aut
1183 267 1297 324 plebi
1325 266 1551 309 concilium
1579 266 1769 319 tribuni4

131 325 172 355 A.
197 324 246 355 C:
261 322 329 355 186.
345 333 355 352 ‘
373 327 614 377 edixissent,
638 335 710 368 aut
737 326 888 382 aliquis
913 341 966 367 ex
994 326 1303 383 magistratibus
1325 325 1378 366 ad
1399 325 1645 366 concionem
1665 340 1737 366 vo·
1751 345 1767 377 5

346 391 519 435 ‘casset³
541 385 646 427 forte
675 393 831 426 temere
858 385 968 426 coire
993 384 1243 426 voluerunt:
1278 393 1331 434 et,
1356 383 1598 438 ubicunque
1630 381 1738 423 mul-

346 449 358 468 ⁶
374 443 511 484 titudo
532 452 652 493 esset,
675 443 734 484 ibi
755 451 797 484 et
821 442 1056 498 legitimum
1087 450 1293 483 rectorem
1326 441 1608 483 multitudinis
1639 455 1739 481 cen-

347 502 520 543 ‘sebant
552 500 706 542 debere
743 515 843 541 esse.
910 500 1068 548 Quales
1100 500 1281 556 primum
1318 508 1546 540 nocturnos
1581 507 1737 547 coetuS,

347 558 530 600 ‘deinde
561 558 819 615 promiscuos
852 557 1076 598 mulierum
1108 573 1154 611 ac
1185 558 1382 605 virorum,
1415 572 1502 598 esse
1536 555 1739 598 creditis?

347 623 358 641 ‘
378 617 435 667 Si,
457 617 610 673 quibus
631 616 836 657 aetatibus
858 615 1079 656 initientur
1098 630 1245 664 mares,
1266 615 1416 664 sciatis,
1439 630 1523 655 non
1547 614 1740 654 misereat

347 681 359 699 ‘
374 690 447 716 vos
480 690 625 716 eorum
662 673 809 723 solum,
845 673 920 714 sed
952 673 1078 713 etiam
1114 672 1282 728 pudeat.
1348 672 1443 713 Hoc
1479 679 1740 713 sacramento

347 732 560 773 ‘initiatos
591 732 763 772 iuvenes
794 730 947 771 milites
977 730 1189 771 faciendos
1221 730 1412 779 censetis,
1439 729 1658 777 Quirites?
1690 729 1740 769 iis

348 796 360 814 ‘
376 805 429 832 ex
451 790 659 831 obscoeno
687 788 864 829 sacrario
893 787 1056 828 eductis
1087 802 1201 828 arma
1228 787 1558 828 committenda?
1590 786 1649 836 hi,
1671 801 1741 827 co-

348 848 510 903 ‘operti
538 846 690 903 stupris
715 846 799 886 suis
828 845 1071 901 alienisque,
1093 860 1169 901 pro
1200 845 1404 901 pudicitia.
1433 845 1662 900 coniugum
1693 858 1741 884 ac

203 901 266 940 16-
347 905 601 946 ‘liberorum
622 912 853 945 vestrorum
873 903 981 944 ferro
1003 903 1266 944 decernent?
1327 902 1475 943 Minus
1507 914 1648 943 tamen
1678 916 1742 942 es-

347 968 359 987 ‘
374 972 449 1012 set,
468 962 502 1003 si
518 962 685 1018 flagitiis
703 971 868 1003 tantum
890 960 1121 1002 effeminati
1141 960 1291 1010 forent,
1306 960 1512 1016 (ipsorum
1530 959 1574 1000 id
1591 974 1743 1015 magna

347 1027 428 1062 ‘ex
458 1029 575 1077 parte
609 1019 793 1061 dedecus
825 1019 934 1074 erat)
964 1034 988 1060 a
1018 1018 1271 1059 facinoribus
1303 1033 1464 1068 manus,
1497 1025 1683 1058 mentem
1719 1031 1744 1057 a

347 1084 359 1103 ‘
373 1078 590 1119 fraudibus
618 1077 927 1119 abstinuissent.
992 1076 1226 1132 Nunquam
1249 1084 1412 1117 tantum
1434 1075 1590 1116 malum
1613 1075 1658 1115 in
1678 1089 1743 1115 re-

347 1142 359 1160 ‘
375 1135 543 1192 publica
562 1136 654 1185 fuit,
672 1150 751 1175 nec
773 1135 825 1175 ad
847 1134 999 1190 plures,
1018 1149 1096 1175 nec
1118 1134 1172 1175 ad
1192 1133 1313 1189 plura
1333 1133 1559 1190 pertinens.
1611 1132 1744 1181 Quic-

347 1199 359 1217 ‘
376 1193 479 1249 quid
510 1193 573 1234 his
604 1193 724 1234 annis
746 1192 934 1242 libidine,
957 1191 1160 1248 quiequid
1181 1191 1339 1241 fraude,
1363 1190 1567 1247 quicquid
1588 1189 1743 1231 scelere

347 1257 359 1275 ‘
375 1259 596 1306 peccatum
633 1259 708 1299 est,
746 1265 799 1291 ex
835 1249 907 1291 illo
944 1265 1029 1290 uno
1070 1249 1246 1290 sacrario
1282 1249 1428 1290 scitote
1465 1257 1604 1289 ortum
1640 1263 1741 1289 esse.

348 1314 360 1332 ‘
377 1308 576 1350 Necdum
598 1308 751 1357 omnia,
775 1308 819 1348 in
841 1323 948 1363 quae
971 1307 1308 1356 coniuraverunt,
1332 1306 1446 1347 edita
1464 1306 1650 1347 facinora
1669 1305 1745 1346 ha-

348 1372 361 1390 ‘
375 1366 489 1407 bent.
553 1365 711 1406 Adhuc
733 1365 903 1420 privatis
925 1365 1074 1414 noinS,
1098 1365 1198 1421 quia
1217 1364 1408 1405 nondum
1437 1363 1490 1405 ad
1516 1362 1745 1420 rempubli-

349 1429 468 1464 ‘eam
494 1423 814 1479 opprimendam
846 1423 943 1463 satis
965 1423 1114 1463 virium
1139 1431 1212 1471 est,
1236 1421 1469 1463 coniuratio
1497 1436 1586 1462 sese
1615 1421 1744 1477 impia

348 1487 361 1505 ‘
378 1489 504 1522 tenet.
565 1480 730 1521 Crescit
751 1489 793 1521 et
813 1480 941 1536 serpit
963 1480 1152 1535 quotidie
1176 1479 1344 1520 malum.
1400 1479 1490 1520 Iam
1513 1479 1645 1520 maius
1667 1488 1742 1529 est,
1757 1494 1777 1527 6

349 1545 503 1594 ‘quam
536 1547 582 1579 ut
618 1553 765 1594 capere
799 1537 843 1578 id
878 1537 1040 1593 privata
1074 1536 1242 1578 fortuna
1271 1537 1422 1593 possit:
1457 1537 1510 1577 ad
1538 1552 1745 1577 summam

348 1602 360 1620 ‘
376 1595 677 1652 rempublicam
701 1604 871 1651 spectat.
928 1594 1023 1635 Nisi
1040 1595 1308 1650 praecavetis,
1327 1594 1528 1644 Quirites,
1546 1594 1628 1635 iam
1645 1594 1745 1635 huic

349 1659 361 1678 ‘
377 1653 566 1702 diurnae,
589 1653 775 1709 legitime
798 1653 848 1694 ab
871 1652 1042 1693 consule
1063 1660 1246 1701 vocatae,
1269 1667 1343 1708 par
1371 1661 1578 1693 nocturna
1597 1652 1744 1693 concio

349 1717 361 1735 ‘
377 1726 464 1752 esse
486 1711 653 1767 poterit.
717 1710 847 1751 Nunc
868 1710 929 1750 illi
945 1725 1017 1751 vos
1038 1710 1192 1766 singuli
1214 1710 1426 1751 universos
1448 1710 1746 1751 concionantes

349 1775 361 1793 ‘
379 1769 551 1809 timent:
586 1768 682 1818 iam,
705 1768 778 1809 ubi
799 1783 871 1808 vos
893 1767 1043 1823 dilapsi
1071 1767 1218 1808 domos
1245 1776 1288 1809 et
1318 1768 1362 1808 in
1393 1783 1488 1808 rura
1509 1776 1646 1808 vestra
1666 1768 1746 1808 eri-

349 1833 361 1850 ‘
378 1826 442 1875 tis,
466 1826 527 1866 illi
548 1826 737 1875 coierint,
756 1825 1053 1866 consultabunt
1074 1824 1126 1865 de
1149 1840 1223 1866 sua
1243 1825 1375 1866 salute
1397 1825 1588 1866 simulac
1610 1834 1747 1866 vestra

350 1890 362 1908 ‘
377 1883 587 1939 pernicie3
621 1892 710 1924 tum
733 1882 907 1938 singulis
927 1883 1044 1923 vobis
1066 1882 1249 1923 universi
1271 1882 1447 1923 timendi
1470 1891 1604 1924 erunt.
1654 1882 1746 1939 Op-

350 1947 362 1965 ‘
379 1950 465 1982 tare
495 1941 622 1997 igitur
643 1941 932 1996 unusquisque
955 1949 1139 1981 vestrum
1161 1940 1300 1989 debet,
1323 1949 1371 1981 ut
1391 1941 1502 1981 bona
1522 1955 1640 1982 mens
1661 1941 1746 1981 suis

351 1998 572 2040 ‘omnibus
603 1998 739 2039 fuerit.
806 1998 850 2039 Si
878 2013 1006 2054 quem
1037 1997 1182 2047 libido,
1215 1998 1247 2039 si
1280 1998 1396 2039 furor
1422 1998 1467 2038 in
1497 1997 1616 2038 illum
1647 2013 1747 2054 gur-

351 2062 363 2080 ‘
378 2056 508 2112 gite-m
538 2056 733 2112 abripuit,
766 2055 933 2096 illorum
966 2070 1076 2105 eum,
1104 2071 1199 2096 cum
1223 2056 1375 2111 quibus
1402 2055 1447 2095 in
1476 2070 1599 2097 omne
1628 2055 1747 2111 flagi-

352 2120 363 2138 ‘
381 2114 485 2154 tium
517 2122 559 2154 et
589 2113 749 2154 facinus
780 2113 1024 2163 coniuravit,
1052 2128 1138 2153 non
1169 2128 1290 2153 suum
1322 2113 1482 2154 iudicet
1511 2128 1611 2154 esse.
1675 2112 1745 2155 Ne

352 2171 473 2227 ‘quis
504 2171 629 2212 etiam
663 2186 801 2212 errore
833 2171 1008 2220 labatur,
1038 2179 1221 2211 vestrum
1251 2186 1420 2227 quoque
1442 2186 1529 2212 non
1559 2186 1651 2212 sum
1682 2186 1746 2212 se-

350 2235 364 2253 ‘
379 2244 514 2269 curus.
579 2228 701 2269 Nihil
729 2228 843 2269 enim
876 2228 920 2269 in
948 2228 1130 2284 speeiem
1155 2227 1342 2269 fallacius
1370 2237 1444 2277 est,
1468 2244 1595 2284 quam
1620 2243 1747 2285 prava

351 2293 361 2311 ‘
378 2286 536 2342 religio.
591 2286 679 2327 Ubi
696 2286 872 2327 deorum
889 2301 1048 2327 numen
1068 2286 1360 2342 praetenditur
1380 2286 1617 2336 sceleribus,
1635 2287 1747 2327 subit

349 2427 504 2465 todesque
531 2426 750 2457 discedebant.
798 2426 876 2456 Non
907 2425 1026 2455 licebat
1071 2427 1180 2456 sunt.''
1226 2425 1279 2455 Ita
1294 2428 1430 2455 testatur
1446 2425 1485 2455 A.
1500 2424 1586 2456 Gell.
1604 2435 1656 2457 xv.
1675 2433 1723 2465 27.

349 2473 472 2505 autem,
503 2469 689 2499 custodibus
718 2470 759 2499 ab
790 2469 848 2498 illa
877 2478 949 2498 arce
980 2478 1026 2497 re·
1115 2475 1131 2504 5
1156 2468 1210 2496 Ad
1229 2469 1407 2497 concionem
1432 2469 1587 2505 vocasset]
1614 2469 1746 2500 “Aliud

350 2511 456 2547 motis,
494 2511 668 2549 quidquam
714 2511 856 2550 amplius
900 2511 1028 2547 age-rest
1072 2512 1155 2546 est,”
1186 2509 1291 2548 inquit
1320 2509 1406 2539 idem
1440 2510 1569 2541 Gellius
1595 2511 1662 2542 xiii.
1697 2519 1745 2550 15.

352 2554 402 2583 Ex
425 2553 475 2583 his
496 2553 611 2582 Dionis
631 2553 733 2583 verbis
755 2557 843 2592 patet
864 2564 966 2583 arcem
992 2552 1024 2581 in
1070 2554 1090 2567 ‘⁶
1104 2561 1176 2582 cum
1196 2551 1438 2591 populo'agcro,
1451 2552 1539 2583 aliud
1557 2554 1745 2584 concionem

350 2596 411 2626 hoc
428 2600 535 2626 nostro
553 2595 635 2625 Livii
654 2596 724 2625 loco
743 2606 810 2625 esse
828 2595 1024 2625 Ianiculum.
1069 2594 1198 2624 habere.
1246 2594 1332 2624 Nam
1350 2605 1422 2624 cum
1441 2597 1563 2634 populo
1580 2607 1684 2636 agere,
1699 2600 1746 2627 est

351 2640 459 2670 Cum·
1070 2646 1179 2673 rogare
1195 2637 1270 2675 quid
1295 2637 1465 2676 populum,
1482 2639 1567 2677 quod
1590 2639 1746 2679 suffragiis

393 2693 413 2720 4
436 2683 505 2711 Aul
523 2682 608 2720 plebi
629 2681 814 2716 com-ilium]
844 2678 977 2718 Proprie
993 2682 1024 2708 et
1070 2679 1133 2708 suis
1170 2679 1290 2715 iubeat,
1324 2684 1380 2710 aut
1412 2685 1518 2712 vetet:
1558 2681 1745 2712 concionem

351 2724 482 2763 signate.
528 2726 548 2739 “
566 2724 625 2753 Is''
649 2723 734 2752 enim
759 2722 844 2760 “qui
869 2732 931 2751 non
956 2721 1024 2751 uui-
1069 2725 1177 2751 autem
1210 2722 1338 2758 habere,
1366 2727 1412 2753 est
1445 2725 1538 2754 verba
1569 2724 1674 2754 fiir-cre
1704 2725 1745 2755 ad

351 2777 475 2797 versum
499 2766 669 2806 populum,
686 2765 738 2795 sed
763 2768 886 2803 partem
912 2764 1023 2802 populi
1072 2765 1228 2803 populum
1247 2764 1314 2795 sine
1331 2766 1398 2795 ulla
1415 2767 1613 2805 rogationes*

350 2809 493 2848 aliquam
524 2809 634 2838 adesse
660 2807 761 2844 iubet,
789 2818 851 2836 non
883 2806 1024 2843 comitia,
1112 2806 1130 2835 6
1153 2808 1222 2837 Iam
1247 2809 1352 2838 maius
1372 2810 1433 2846 est]
1465 2810 1535 2839 Iam
1561 2809 1664 2840 maius
1687 2813 1746 2846 est,

349 2852 405 2882 sed
440 2851 613 2882 concilium
648 2850 773 2880 edicere
803 2850 907 2879 debet.
954 2849 1023 2879 Tri-
1069 2859 1165 2888 quam
1191 2854 1223 2880 ut
1246 2851 1443 2889 privatorum
1466 2856 1592 2882 tantum
1610 2852 1745 2882 fortunis

350 2894 427 2924 huni
445 2898 553 2924 autem
573 2903 677 2932 neque
689 2893 849 2923 advocant
863 2891 1024 2931 patricios,
1069 2892 1288 2922 convellendis
1324 2904 1363 2924 ac
1404 2894 1637 2926 labefactandis
1676 2905 1744 2925 sese

350 2947 454 2976 neque
473 2937 513 2967 nd
536 2946 590 2967 eos
612 2935 727 2966 referre
748 2936 788 2965 de
810 2935 878 2965 ulla
899 2945 931 2965 re
953 2945 1022 2974 pos·
1070 2935 1243 2966 contineat.
1268 2936 1375 2967 Ciu-n:
