1960 3218
570 140 696 183 LIB.
730 139 952 181 XXXIX.
999 139 1146 182 CAP.
1180 143 1248 183 54.
1529 144 1612 183 427

215 237 228 256 ‘
243 231 344 282 lum,
374 241 421 273 ut
451 247 504 274 ex
531 230 700 287 vulgato
727 245 900 287 corpore
931 230 1137 287 genitum,
1164 230 1323 272 nullam
1351 231 1455 273 certi
1483 231 1613 288 patris
1627 244 1672 276 U,
1688 244 1727 276 c,
1750 243 1824 286 569·

215 295 228 314 ‘
243 299 388 331 notam
404 289 557 332 habere
574 305 584 338 ς
615 289 728 329 hunc
745 288 954 344 insignem
969 287 1158 344 Philippi
1174 288 1495 330 similitudinem
1512 304 1610 345 prae
1625 288 1665 320 A·
1689 289 1728 320 C.
1753 289 1826 327 183·

216 353 229 372 ‘
244 363 288 390 se
308 348 426 389 ferre.
488 347 562 389 Ad
582 346 675 396 hoc,
700 346 915 387 Romanos
938 345 1206 387 Demetrium
1237 347 1281 387 in
1311 356 1486 403 paterno
1508 346 1611 388 solio

216 411 229 430 ‘
244 405 473 454 locaturos3
506 403 651 446 Persei
675 403 835 445 nullam
863 403 977 460 apud
1008 419 1079 444 eos
1107 404 1283 460 gratiam
1315 405 1430 446 esse.'
1491 404 1611 447 Haec
1626 415 1717 445 Inter
1732 425 1808 446 eum

214 463 340 520 vulgo
376 462 666 519 loquebantur.
735 461 886 517 Itaque
923 470 966 502 et
1000 461 1157 502 Persea
1192 477 1291 503 cura
1327 463 1518 519 angebat,
1556 478 1610 504 ne
1624 463 1656 507 ei
1673 459 1794 506 Persea

214 536 362 577 parum
390 535 466 577 pro
497 535 539 561 se
571 535 656 561 una
681 528 792 561 aetas
812 518 982 569 valeret,
1007 534 1137 575 quum
1161 520 1355 561 omnibus
1376 520 1466 561 aliis
1487 521 1612 562 rebus
1624 502 1814 532 d1scord1ae.

213 579 341 620 frater
361 578 548 635 superior
568 586 698 619 esset:
733 586 775 619 et
791 576 1015 634 Philippus
1036 577 1137 633 ipse,
1155 577 1225 618 vix
1247 578 1312 619 sui
1333 578 1492 619 arbitrii
1508 578 1609 628 fore,
1626 593 1783 633 Philippo

214 652 343 693 quem
364 635 562 678 heredem
584 635 703 692 regni
724 635 993 691 relinqueret,
1016 634 1205 686 credens,
1227 635 1306 677 sibi
1327 651 1497 692 quoque
1519 651 1612 692 gra·
1624 647 1753 685 qnoque
1768 637 1815 667 in-

213 695 374 736 viorem
395 709 496 744 esse,
515 709 642 750 quam
660 693 800 743 vellet,
822 693 1027 734 minorem
1049 692 1182 734 filium
1204 694 1412 735 censebat.
1464 693 1613 736 Offen-
1625 680 1793 754 {gsessssisse'

214 752 394 794 debatur
414 752 626 793 interdum
648 767 854 793 concursu
872 750 1159 792 Macedonum
1182 751 1234 792 ad
1256 767 1367 802 enm,
1382 761 1424 793 et
1440 751 1613 793 alteram
1760 746 1768 754 '

214 811 299 851 iam
335 826 378 851 se
410 810 505 851 vivo
541 809 698 865 regiam
733 824 821 851 esse
857 808 1166 865 indignabatur.
1238 809 1294 851 Et
1327 810 1414 866 ipse
1451 810 1614 851 iuvenis

215 868 330 909 haud
350 868 478 909 dubie
500 868 681 908 inflatior
701 867 894 917 redierat,
913 867 1106 908 subnisus
1123 882 1222 924 erga
1242 883 1284 909 se
1307 868 1473 909 iudiciis
1494 883 1614 910 sena-

216 935 295 976 tus,
322 926 612 982 concessisque
641 925 732 975 sibi,
761 940 868 981 quae
899 925 1007 981 patri
1034 934 1186 982 negata
1217 935 1380 967 essent:
1414 935 1456 968 et
1477 926 1614 968 omnis

215 984 375 1025 mentio
399 984 702 1033 Romanorum,
725 992 927 1039 quantam
955 982 1203 1039 dignitatem
1236 983 1276 1024 ei
1307 984 1420 1040 apud
1454 994 1615 1026 ceteros

216 1041 488 1092 B‘Iacedonas,
511 1050 668 1083 tantam
696 1041 911 1090 invidiam,
934 1056 1021 1082 non
1043 1041 1156 1097 apud
1176 1041 1346 1083 fratrem
1376 1042 1515 1092 modo,
1539 1042 1614 1084 sed

216 1100 343 1141 etiam
360 1099 472 1156 apud
488 1109 664 1156 patrem,
680 1098 952 1140 conciliabat:
987 1099 1134 1155 utique
1156 1108 1378 1156 postquam
1396 1100 1466 1141 alii
1487 1100 1615 1157 legati

218 1157 403 1199 Romani
434 1166 654 1207 venerunt,
689 1165 732 1198 et
766 1157 995 1213 cogebatur
1027 1156 1232 1199 decedere
1269 1158 1463 1207 Thracia,
1494 1173 1615 1214 prae-

216 1215 406 1272 sidiaque
429 1215 651 1264 deducere,
675 1224 717 1256 et
738 1214 829 1264 alia,
853 1223 925 1255 aut
955 1229 1008 1256 ex
1037 1214 1207 1256 decreto
1237 1216 1425 1271 priorum
1456 1215 1614 1272 legato-

215 1289 322 1324 rum,
345 1283 420 1314 aut
452 1289 505 1315 ex
535 1288 645 1314 nova
675 1272 972 1313 constitutione
1002 1278 1183 1322 senatus,
1205 1273 1352 1315 faeere.
1419 1273 1504 1315 Sed
1525 1289 1615 1315 om-

215 1331 287 1372 nia
326 1346 516 1372 maerens
552 1330 726 1386 quidem
759 1339 801 1371 et
833 1345 1019 1385 gemens,
1049 1331 1120 1386 (eo
1154 1331 1298 1387 magis,
1332 1331 1448 1387 quod
1480 1331 1615 1373 filium

183 1389 544 1445 6frequentiorem
565 1403 695 1445 prope
717 1402 813 1429 cum
835 1387 929 1437 illis,
948 1403 1075 1444 quam
1097 1403 1252 1438 secum,
1275 1389 1494 1444 cernebat)
1515 1390 1616 1431 obe-

216 1447 383 1488 dienter
403 1456 544 1488 tamen
566 1446 763 1487 adversus
781 1445 996 1487 Romanos
1012 1446 1202 1497 faciebat,
1221 1462 1274 1488 ne
1293 1462 1419 1503 quam
1441 1463 1616 1489 moven-

217 1505 261 1546 di
296 1504 510 1561 extemplo
545 1504 646 1545 belli
681 1519 847 1544 causam
888 1504 1118 1559 praeberet.
1182 1505 1450 1547 Avertendos
1486 1506 1613 1547 etiam

216 1562 377 1603 animos
407 1577 431 1603 a
460 1561 695 1618 suspicione
727 1561 872 1602 talium
902 1561 1170 1602 consiliorum
1202 1572 1327 1613 ratus,
1354 1563 1538 1604 mediam
1569 1564 1614 1605 in

186 1623 203 1656 7
218 1620 441 1661 Thraciam
471 1619 703 1661 exercitum
729 1619 773 1659 in
798 1618 995 1676 OdrysaS,
1018 1628 1061 1660 et
1082 1619 1376 1670 Dentheletos,
1400 1630 1442 1662 et
1464 1620 1615 1663 Bessos

216 1678 350 1719 duxit.
413 1676 732 1734 Philippopolin
758 1677 919 1726 urbem,
941 1677 1041 1733 fuga
1061 1676 1268 1719 desertam
1291 1678 1613 1735 oppidanorum,

216 1736 289 1792 qui
310 1736 355 1776 in
375 1735 566 1792 proxima
589 1735 795 1776 montium
820 1734 918 1790 iuga
939 1749 1035 1776 cum
1056 1734 1223 1777 familiis
1244 1746 1490 1793 receperant
1509 1752 1613 1787 sese,

215 1794 349 1850 cepit:
384 1801 720 1849 campestresque
751 1792 960 1842 barbaros,
993 1792 1272 1849 depopulatus
1303 1809 1423 1850 agros
1453 1810 1613 1845 eorum,

215 1852 260 1893 in
277 1851 536 1893 deditionem
554 1850 728 1907 accepit.
785 1849 953 1891 Relicto
970 1850 1068 1892 inde
1087 1851 1140 1892 ad
1156 1851 1475 1908 Philippopolin
1494 1868 1615 1909 prae-

216 1910 336 1959 sidio,
359 1909 475 1965 quod
505 1908 620 1950 haud
648 1908 780 1950 multo
805 1917 898 1964 post
919 1908 971 1949 ab
996 1907 1172 1966 Odrysis
1193 1910 1416 1966 expulsum
1439 1920 1514 1960 est,
1539 1925 1614 1967 op-

214 1967 364 2024 pidum
392 1968 437 2008 in
458 1967 678 2023 Deuriopo
706 1966 887 2007 condere
920 1966 1112 2007 instituit.
1176 1967 1387 2009 Paeoniae
1419 1983 1469 2009 ea
1498 1970 1614 2024 regio

215 2035 278 2075 est
298 2041 428 2082 prope
452 2024 685 2081 Erigonum
706 2023 894 2073 fluvium,
913 2024 999 2079 qui,
1020 2039 1072 2065 ex
1095 2024 1265 2081 Illyrico
1288 2041 1363 2081 per
1385 2026 1614 2068 Paeoniam

215 2084 364 2133 fluens,
379 2084 422 2124 in
446 2083 607 2123 Axium
629 2097 797 2123 amnem
819 2081 970 2131 editur,
994 2082 1107 2123 haud
1128 2083 1274 2138 procul
1299 2083 1449 2133 Stobis,
1474 2093 1613 2126 vetere

217 2142 331 2182 urbe.
395 2140 562 2181 Novam
586 2140 732 2181 urbem
754 2139 967 2189 Perseida,
991 2149 1038 2181 ut
1058 2140 1092 2181 is
1113 2140 1200 2182 filio
1222 2141 1368 2182 maiori
1390 2141 1615 2183 haberetur

217 2198 362 2248 honos,
384 2197 584 2254 appellari
605 2198 734 2238 iussit.

275 2257 392 2298 Dum
413 2256 516 2297 haec
533 2255 576 2296 in
592 2255 846 2296 Macedonia
865 2264 1082 2311 geruntur,
1101 2256 1293 2298 consules
1315 2257 1358 2297 in
1379 2257 1614 2313 provincias
1691 2265 1759 2304 54.

217 2400 300 2430 hanc
333 2401 373 2430 dc
413 2400 530 2430 Perseo
560 2398 658 2429 fuisse
695 2397 893 2438 opinionem,

217 2453 291 2473 eum
327 2454 367 2473 ne
396 2442 540 2482 genitum
573 2442 702 2481 quidem
736 2441 892 2479 Philippo

219 2496 297 2522 csse,
309 2486 364 2516 sed
378 2485 542 2515 subditum
556 2486 596 2515 ab
612 2484 757 2524 Philippi
771 2494 870 2513 uxore
883 2494 889 2513 :

220 2532 419 2567 matremque
453 2528 522 2558 eius
552 2527 696 2558 nominat
728 2526 893 2557 Gnathae-

221 2569 319 2607 niam,
335 2570 497 2600 sartricem
516 2571 708 2609 Argolicam.
756 2570 799 2599 Et
818 2570 893 2599 Per-

221 2623 294 2643 seus
309 2614 395 2652 apud
414 2613 541 2643 Livium
558 2614 662 2652 ipsum
681 2613 724 2644 xl.
741 2622 770 2653 9.
792 2612 837 2642 sic
853 2612 893 2642 dc

222 2666 255 2686 se
281 2655 442 2694 loquitur:
472 2667 518 2687 me
543 2657 704 2686 subditum
728 2660 758 2686 et
779 2656 893 2695 pellice

219 2700 365 2736 ‚uestitum
381 2699 560 2737 appellant.
599 2699 651 2728 Ex
667 2698 718 2728 his
734 2698 894 2737 colligitur

225 2742 377 2771 Perseum
405 2751 424 2770 a
451 2741 604 2780 Philippo
629 2744 661 2771 et
688 2751 788 2771 uxore
815 2741 895 2777 eius,

222 2789 376 2823 tanquam
398 2783 576 2823 legitimum
596 2784 762 2822 utriusque
779 2783 895 2820 filium,

221 2827 365 2866 agnitum
391 2832 422 2856 et
447 2827 554 2866 palam
582 2825 728 2856 habitum
754 2837 832 2863 csse,
857 2836 895 2856 ac

222 2870 355 2909 proinde
385 2879 440 2908 pro
472 2868 613 2907 legitimo
644 2879 710 2899 sese
741 2869 893 2908 gessisse:

220 2913 274 2943 sed
310 2916 415 2942 ortum
454 2911 522 2943 cius
556 2911 666 2942 mullis
700 2911 796 2942 fuisse
830 2922 894 2942 sus-

938 2401 1081 2436 pectum,
1102 2397 1259 2436 variisque
1283 2396 1438 2427 iactatum
1463 2407 1531 2428 esse
1553 2408 1615 2428 ser-

937 2440 1098 2477 monibus,
1125 2440 1196 2469 aliis
1220 2451 1239 2470 a
1268 2439 1423 2479 Philippo
1451 2450 1524 2470 eum
1550 2451 1615 2471 sus-

937 2488 1067 2521 ceptum
1099 2493 1168 2513 esse
1198 2493 1238 2512 ex
1274 2483 1391 2522 pellice
1422 2482 1616 2521 dicentibus,

938 2525 1010 2555 aliis
1041 2526 1138 2564 plane
1169 2525 1331 2555 subditum
1372 2536 1429 2564 per
1458 2526 1615 2563 fraudem,

939 2579 997 2598 nce
1011 2568 1181 2608 quicquam
1196 2568 1411 2608 pertinentem
1428 2568 1469 2598 ad
1482 2569 1614 2608 stirpem

939 2621 1067 2649 regiam.

982 2653 1000 2684 6
1026 2655 1215 2685 (Wedz‘enter
1238 2678 1245 2685 .
1264 2678 1271 2685 .
1289 2677 1296 2685 .
1321 2655 1476 2685 (ult-ersus
1499 2655 1614 2685 Roma-

938 2698 1010 2735 nos]
1039 2697 1253 2727 Obcdientem
1272 2707 1303 2727 se
1322 2698 1477 2737 praebens
1494 2698 1613 2727 Roma-

940 2750 1051 2770 norum
1070 2740 1220 2779 imperiis.

986 2791 1001 2822 7
1026 2784 1246 2821 sztlzeletax]
1276 2783 1488 2813 Danlhclelas
1513 2782 1612 2812 Grac-

940 2835 993 2855 cos
1005 2831 1150 2855 auctores
1166 2830 1293 2856 secutus
1310 2825 1529 2863 repmiendum
1547 2825 1612 2854 vult

940 2868 1099 2905 Sigonius,
1115 2869 1169 2898 sed
1195 2872 1334 2897 nostram
1359 2867 1527 2897 lectionem
1553 2868 1612 2898 Ρο-

941 2911 1005 2950 lyb.
1025 2911 1054 2941 in
1075 2911 1155 2941 Exc.
1176 2911 1250 2949 Leg.
1269 2912 1319 2946 48.
1337 2914 1455 2940 tuetur.
