1960 3218
365 142 447 180 338
884 138 1035 181 TITI
1076 138 1257 181 LIVII

162 235 206 266 U·
224 235 261 266 C.
286 233 356 275 563·
370 231 525 273 deinde
547 231 600 272 ad
622 231 819 289 Alyattos
848 240 978 273 castra
1005 232 1150 288 posita.
1215 231 1279 273 Eo
1309 230 1422 272 missi
1448 231 1502 272 ad
1525 230 1770 287 Eposogna-

161 280 201 309 A.
226 279 264 310 Ο·
290 280 359 320 ¹39·
375 298 464 330 tum
506 290 736 340 redierunt,
781 299 822 331 et
865 290 991 346 legati
1033 290 1167 346 reguli
1210 300 1389 339 orantes,
1427 305 1480 330 ne
1525 288 1801 344 Tectosagisss

373 347 531 389 bellum
554 347 750 389 inferret:
788 348 951 404 ‘ipsum
972 348 1017 388 in
1039 363 1131 388 eam
1152 357 1323 404 gentem
1345 348 1501 388 iturum
1526 346 1772 403 Eposogna-

376 410 388 429 ⁶
404 414 507 454 tum,
536 420 929 461 persuasurumque,
961 414 1007 446 ut
1038 406 1243 462 imperata
1271 405 1453 447 faciant.’
1513 404 1625 445 Data
1649 403 1772 445 venia

373 463 532 519 regulo,
575 463 673 504 duci
714 463 813 504 inde
845 464 1065 504 exercitus
1106 479 1180 519 per
1217 463 1404 520 Axylon,
1442 478 1568 519 quam
1604 470 1802 511 vocant,9

375 529 526 562 terram
561 530 745 577 coeptus.
809 521 880 562 Ab
913 537 956 562 re
990 536 1145 562 nomen
1182 521 1335 562 habet:
1381 536 1467 562 non
1504 520 1607 575 ligni
1645 519 1771 560 modo

375 579 616 634 quicquam,
639 579 713 619 sed
740 594 793 620 nc
822 580 961 634 spinas
984 578 1170 634 quidem,
1194 588 1264 619 aut
1293 579 1427 619 ullum
1456 578 1570 619 aliud
1598 577 1772 618 alimen-

375 645 464 677 tum
506 636 585 677 fert
625 636 744 692 ignis.
822 636 941 677 Fimo
979 636 1135 677 bubulo
1175 651 1251 692 pro
1286 636 1411 692 lignis
1448 645 1634 677 utuntur.
1700 634 1771 689 Ad

378 693 619 743 Cuballum,
646 694 960 750 Gallograeciae
992 693 1222 743 castellum,
1246 703 1377 734 castra
1404 694 1656 735 habentibus
1683 693 1772 733 Ro-

375 752 509 792 manis
551 767 780 807 apparuere
823 767 918 792 cum
960 766 1112 806 magno
1154 751 1339 792 tumultu
1374 751 1557 792 hostium
1594 751 1768 807 equites.

376 808 471 850 Nec
494 810 713 850 turbarunt
737 818 898 850 tantum
921 809 1120 850 stationes
1142 809 1368 858 Romanas,
1391 818 1563 864 repente
1590 808 1769 858 invecti3

376 867 449 907 sed
484 866 686 922 quosdam
721 867 846 907 etiam
882 867 1138 907 occiderunt.
1206 866 1293 915 Qui
1327 867 1530 907 tumultus
1564 882 1695 922 quum
1727 866 1772 907 in

375 934 508 965 castra
531 923 715 979 perlatus
743 933 863 973 esset,
886 925 1041 965 effusus
1072 933 1245 980 repente
1274 925 1468 965 omnibus
1495 925 1625 980 portis
1653 924 1772 980 equi-

374 990 485 1023 tatus
507 981 726 1023 Romanus
745 982 855 1023 fudit
874 982 1118 1038 fugavitque
1139 981 1296 1031 Gallos,
1320 991 1362 1023 et
1383 982 1543 1038 aliquot
1563 982 1772 1038 fugientes

375 1039 539 1081 occidit.
604 1039 710 1081 Inde
733 1040 891 1089 consul,
909 1049 957 1081 ut
978 1040 1052 1096 qui
1074 1040 1157 1080 iam
1179 1040 1231 1081 ad
1252 1039 1392 1081 hostes
1413 1048 1662 1096 perventum
1684 1055 1772 1081 cer-

374 1106 506 1147 neret,
539 1097 756 1153 explorato
787 1098 942 1139 deinde
974 1107 1016 1139 et
1047 1113 1141 1139 cum
1175 1113 1274 1138 cura
1303 1107 1447 1139 coacto
1478 1098 1644 1154 agmine
1676 1113 1772 1154 pro-

374 1155 576 1196 cedebat:
611 1164 653 1197 et
684 1156 999 1197 continentibus
1029 1155 1249 1197 itineribus
1277 1171 1409 1212 quum
1441 1156 1494 1196 ad
1525 1155 1771 1212 Sangarium

374 1213 533 1254 flumen
564 1214 834 1269 pervenisset,
863 1224 1050 1270 pontem,
1074 1214 1173 1269 quia
1197 1213 1305 1254 vado
1336 1229 1544 1269 nusquam
1575 1214 1772 1255 transitus

373 1279 474 1321 erat,
512 1271 647 1312 facere
684 1272 876 1313 instituit.
943 1272 1180 1328 Sangarius,
1219 1288 1272 1313 ex
1310 1272 1482 1313 Adoreo
1518 1281 1660 1313 monte
1697 1286 1772 1328 per

373 1327 603 1385 Phrygiam
631 1330 778 1379 fluens,
801 1330 1000 1370 miscetur
1026 1330 1080 1370 ad
1107 1329 1351 1386 Bithyniam
1380 1330 1603 1386 Tymbreti
1630 1330 1768 1371 fluvio.

374 1385 481 1427 Inde
504 1387 635 1428 maior
656 1387 738 1427 iam
760 1387 981 1443 geminatis
1003 1387 1121 1443 aquis
1142 1402 1217 1443 per
1235 1387 1480 1444 Bithyniam
1501 1387 1645 1437 fertur,
1663 1396 1706 1428 et
1726 1387 1770 1428 in
1787 1404 1799 1425 1

374 1443 680 1500 Propontidem
712 1460 799 1485 sese
832 1445 1037 1495 effundit3
1072 1460 1157 1485 non
1190 1455 1330 1486 tamen
1363 1454 1446 1486 tam
1478 1445 1770 1501 magnitudine

374 1502 668 1551 memorabilis,
706 1517 832 1559 quam
870 1503 985 1558 quod
1024 1503 1201 1559 piscium
1244 1503 1393 1544 accolis
1433 1503 1648 1558 ingentem
1686 1503 1770 1544 vim

373 1561 557 1615 praebet.
633 1560 918 1616 Transgressis
968 1570 1097 1616 ponte
1147 1561 1333 1617 perfecto
1383 1561 1555 1610 flumen,
1606 1570 1772 1617 praeter

373 1617 508 1673 ripam
539 1618 737 1659 euntibus
762 1618 875 1659 Galli
901 1618 1052 1659 Matris
1080 1618 1263 1674 Magnae
1292 1634 1315 1660 a
1342 1618 1594 1659 Pessinunte
1626 1634 1771 1660 occur-

373 1690 463 1716 rere
505 1691 601 1716 cum
642 1675 877 1731 insignibus
913 1677 1009 1726 suis,
1046 1677 1320 1717 vaticinantes
1356 1676 1536 1717 fanatico
1572 1677 1768 1726 carmine,

373 1732 495 1774 deam
520 1733 724 1774 Romanis
745 1734 853 1774 viam
883 1734 983 1774 belli
1011 1743 1053 1775 et
1080 1734 1296 1775 victoriam
1325 1734 1438 1784 dare,
1460 1734 1769 1790 imperiumque

374 1790 464 1831 cius
499 1791 692 1846 regionis.
757 1792 964 1847 Accipere
1001 1807 1043 1833 se
1080 1807 1205 1833 omen
1236 1807 1368 1847 quum
1399 1792 1573 1833 dixisset
1609 1791 1768 1842 consul,

373 1857 506 1889 castra
533 1864 583 1889 eo
612 1850 701 1905 ipso
731 1849 822 1890 loco
850 1849 1002 1905 posuit.
1065 1849 1240 1890 Postero
1262 1849 1330 1890 die
1360 1849 1412 1890 ad
1438 1849 1647 1891 Gordium
1674 1865 1770 1905 per-

373 1906 500 1947 venit.
563 1905 614 1946 Id
645 1906 758 1947 haud
789 1922 989 1962 magnum
1018 1907 1191 1963 quidem
1223 1907 1427 1963 oppidum
1458 1916 1532 1956 est,
1559 1907 1634 1948 sed
1660 1907 1799 1963 plus,2

373 1979 500 2019 quam
523 1964 891 2015 mediterraneum,
910 1964 1075 2006 celebre
1097 1974 1139 2006 et
1159 1965 1356 2021 frequens
1372 1965 1618 2021 emporium.
1668 1965 1769 2006 Tria

373 2022 504 2062 maria
530 2022 621 2078 pari
641 2022 770 2063 ferme
794 2023 991 2064 distantia
1019 2023 1236 2064 intervallo
1263 2023 1402 2072 habet,
1428 2022 1767 2079 Hellespontum,

371 2079 426 2120 ad
460 2078 661 2136 Sinopen,
695 2089 737 2121 et
770 2080 939 2121 alterius
972 2096 1066 2122 orae
1100 2080 1234 2130 litora,
1269 2096 1353 2136 qua
1383 2080 1538 2121 Cilices
1570 2081 1768 2122 maritimi

373 2136 528 2178 colunt.
592 2137 826 2179 BIultarum
850 2153 1180 2195 magnarumque
1202 2148 1418 2194 praeterea
1444 2139 1634 2194 gentium
1663 2139 1768 2180 fines

373 2194 593 2251 contingit,
631 2210 810 2251 quarum
848 2197 1147 2237 commercium
1186 2196 1230 2236 in
1267 2211 1364 2237 eum
1403 2196 1585 2237 maxime
1628 2196 1767 2237 locum

373 2253 509 2293 mutui
538 2268 636 2293 usus
663 2262 921 2295 contraxere.
985 2254 1037 2294 Id
1065 2263 1154 2295 tum
1177 2253 1388 2295 desertum
1409 2254 1509 2310 fuga
1536 2253 1767 2295 incolarum

373 2310 591 2366 oppidum,
614 2310 810 2351 refertum
835 2311 947 2352 idem
971 2312 1091 2368 copia
1115 2326 1253 2352 rerum
1275 2311 1477 2361 omnium,
1500 2312 1764 2352 invenerunt.

373 2366 438 2407 Ibi
459 2368 606 2409 stativa
627 2368 878 2410 habentibus
903 2369 1029 2425 legati
1051 2369 1102 2410 ab
1126 2368 1393 2425 Eposognato
1415 2377 1634 2418 venerunt,
1657 2383 1765 2409 nun-

374 2424 538 2475 tiantes,
573 2432 584 2449 ‘
601 2426 841 2467 Profectum
872 2442 968 2468 eum
998 2427 1050 2467 ad
1078 2426 1243 2482 regulos
1268 2426 1486 2467 Gallorum
1511 2425 1618 2466 nihil
1642 2426 1766 2482 aequi

375 2482 654 2538 ‘impetrasse
719 2483 786 2524 Ex
823 2484 1124 2541 campestribus
1158 2484 1260 2524 vicis
1295 2483 1487 2538 agrisque
1523 2483 1766 2539 frequentes

374 2544 385 2562 ‘
401 2539 647 2596 demigrare,
670 2550 713 2581 et
737 2556 832 2582 cum
861 2541 1109 2597 coniugibus
1133 2556 1181 2582 ac
1206 2540 1357 2590 liberis,
1380 2556 1487 2596 quac
1509 2541 1616 2582 ferre
1638 2550 1764 2597 atque

415 2647 433 2677 8
457 2648 509 2677 Ne
542 2648 736 2687 Tectosagis]
778 2647 902 2678 Debuit
935 2648 1046 2678 Livius
1090 2652 1168 2684 tum,
1193 2648 1277 2686 quod
1305 2651 1415 2678 monet
1442 2648 1590 2687 Sigonius
1613 2649 1653 2678 ad
1678 2648 1764 2678 hunc

372 2689 508 2719 scribere
528 2691 730 2720 Tolistoboiis.
778 2691 829 2720 Ita
846 2690 930 2720 cuim
948 2691 1045 2720 habet
1090 2691 1210 2726 locum,
1244 2694 1275 2719 et
1314 2690 1475 2721 Cellarius
1511 2691 1544 2721 in
1579 2691 1762 2730 Geograph.

374 2732 531 2771 Polybius
546 2732 579 2762 in
597 2732 677 2762 Exc.
696 2732 771 2771 Leg.
790 2741 839 2772 33.
860 2733 946 2763 unde
964 2733 1044 2763 hacc
1090 2732 1200 2771 Antiq.
1218 2732 1260 2763 iii.
1278 2733 1306 2763 8.
1331 2734 1439 2764 Cum.

372 2776 543 2814 desumpta
559 2778 642 2805 sunt.
669 2775 830 2805 PEmzoN.
1134 2785 1149 2804 2
1167 2776 1366 2816 I'lus,q1mm
1379 2777 1663 2814 mediterraneum]
1685 2776 1764 2806 Plus

414 2827 433 2858 9
450 2818 596 2857 Aa'ylon]
614 2817 738 2848 Graece
750 2817 873 2856 ἄξυλον,
885 2818 926 2847 ab
939 2829 957 2847 α
970 2828 1045 2855 non,
1090 2828 1186 2856 quam
1225 2818 1306 2848 solet
1350 2819 1545 2858 frequentari
1583 2818 1761 2857 emporium

371 2864 403 2890 et
420 2858 513 2898 ξύλον
530 2860 662 2899 lignum.
1089 2860 1203 2891 mediis
1227 2860 1258 2891 in
1285 2861 1376 2892 terris
1394 2862 1488 2902 longe
1511 2872 1531 2893 a
1553 2860 1633 2892 mari
1654 2860 1761 2891 situm.

419 2912 429 2932 1
457 2904 497 2933 In
522 2904 767 2943 Propontidem]
800 2903 872 2934 Imo
898 2905 934 2933 in
958 2904 1043 2934 Pon·
1089 2903 1192 2934 (ἷκεν,
