1960 3218
530 142 656 185 LIB.
690 141 890 184 XXXII.
933 140 1082 184 CAP.
1119 143 1182 184 17.
1500 145 1550 184 61

158 232 245 274 visa
265 241 340 283 est,
363 233 417 274 ad
439 232 646 275 Eretriam
667 242 940 275 accesserunt.
1004 233 1168 275 Eodem
1190 242 1233 275 et
1254 233 1303 275 L.
1327 233 1553 282 Quinctius
1567 244 1612 277 U.
1630 245 1668 277 C.
1691 253 1763 286 554·

159 304 254 330 cum
277 290 327 331 iis
348 291 535 340 navibus,
558 306 666 347 quae
688 291 853 333 Piraeei
873 291 1053 341 fuerant,
1077 290 1212 332 Attali
1237 291 1346 346 regis
1367 291 1551 332 adventu
1565 286 1605 320 Α·
1629 288 1668 320 C.
1694 290 1763 329 198.

128 347 316 398 saudito,
346 348 474 398 venit,
506 348 722 404 iussitque,
755 358 814 398 ut,
847 364 954 403 quae
991 364 1045 390 ex
1077 364 1151 389 sua
1187 348 1314 389 classe
1340 348 1553 389 venissent

157 420 296 454 naves,
331 405 548 447 Euboeam
577 415 780 462 peterent.
844 406 1008 447 Eretria
1036 421 1198 447 summa
1217 406 1258 446 vi
1280 406 1553 462 oppugnaba-
1566 414 1693 446 Eretria
1708 425 1764 455 op-

158 470 237 503 tur.
300 462 414 503 Nam
439 472 481 504 et
512 463 638 505 trium
670 464 907 505 iunctarum
938 463 1131 505 classium
1159 478 1286 504 naves
1314 463 1450 504 omnis
1479 478 1550 519 ge·
1566 461 1720 498 pugnata.

157 519 268 560 neris
290 528 498 562 tormenta
522 521 821 577 machinasque
843 521 897 562 ad
917 521 1084 562 urbium
1106 520 1273 562 excidia
1293 535 1435 562 secum
1456 535 1553 577 por-

157 577 313 626 tabant,
329 586 371 618 et
383 578 470 634 agri
484 579 643 619 affatim
659 578 856 620 materiae
873 579 1131 634 praebebant
1146 578 1199 619 ad
1216 593 1324 619 nova
1340 577 1553 619 molienda

156 649 293 690 opera.
359 634 576 691 Oppidani
596 636 732 692 primo
752 635 867 677 haud
898 635 1074 692 impigre
1107 636 1334 677 tuebantur
1359 635 1548 676 moenia:

156 690 310 733 deinde
343 692 438 734 fessi
469 693 760 749 vulneratique
793 693 967 749 aliquot,
1000 708 1132 749 quum
1169 701 1211 734 et
1244 693 1352 734 muri
1388 702 1551 749 partem

156 764 341 790 eversam
373 751 568 806 operibus
596 750 780 792 hostium
809 760 1042 800 cernerent,
1065 750 1120 792 ad
1144 750 1404 791 deditionem
1429 750 1550 792 incli-

154 815 320 848 narunt.
386 807 471 849 Sed
501 808 756 864 praesidium
782 817 871 849 erat
893 808 1194 857 Macedonum,
1218 823 1322 864 quos
1354 823 1440 849 non
1471 808 1549 848 mi-

153 879 246 914 nus,
269 880 395 920 quam
420 865 648 915 Romanos,
671 866 939 907 metuebant:
974 875 1017 907 et
1036 865 1247 907 Philocles
1268 865 1408 921 regius
1429 880 1550 921 prae-

153 921 287 963 fectus
315 938 339 963 a
368 922 573 964 Chalcide
605 923 776 964 nuntios
807 923 1010 969 mittebat,
1037 939 1079 964 se
1106 923 1150 964 in
1180 931 1366 979 tempore
1394 923 1548 964 affutu-

153 994 260 1029 rum,
295 981 328 1021 si
356 981 612 1022 sustinerent
643 980 915 1022 obsidionem.
980 980 1099 1022 Haec
1135 980 1268 1022 mixta
1303 989 1420 1022 metu
1455 995 1549 1036 spes

154 1037 275 1087 ultra,
299 1053 424 1094 quarn
447 1038 615 1088 vellent,
638 1047 709 1080 aut
730 1053 857 1094 quam
885 1047 1068 1094 possent,
1092 1038 1256 1079 trahere
1286 1052 1357 1079 eos
1382 1046 1549 1093 tempus

154 1096 340 1151 cogebat.
394 1096 577 1145 Deinde,
599 1104 821 1151 postquam
843 1095 1077 1137 Philoclem
1098 1096 1312 1152 repulsum
1334 1095 1547 1151 trepidan-

154 1161 325 1208 temque
347 1153 546 1209 refugisse
572 1152 819 1194 Chalcidem
841 1162 1106 1209 acceperunt,
1129 1162 1312 1194 oratores
1334 1152 1548 1208 extemplo

153 1210 208 1251 ad
247 1210 453 1260 Attalum,
494 1211 659 1252 veniam
700 1210 914 1267 fidemque
955 1210 1045 1251 eius
1084 1219 1288 1266 petentes,
1329 1210 1546 1250 miserunt.

154 1266 273 1308 Dum
302 1267 347 1308 in
377 1283 495 1324 spem
525 1268 639 1324 pacis
670 1268 823 1309 intenti
847 1268 1016 1324 segnius
1043 1283 1219 1309 munera
1245 1267 1345 1308 belli
1373 1267 1546 1316 obeunt,

153 1334 197 1365 et
216 1339 266 1365 ea
286 1325 412 1366 modo
433 1334 562 1381 parte,
581 1340 666 1382 qua
687 1340 830 1366 murus
851 1325 1013 1366 dirutus
1034 1334 1135 1375 erat,
1159 1326 1308 1366 ceteris
1330 1324 1545 1380 neglectis,

153 1382 351 1423 stationes
382 1392 558 1424 armatas
580 1391 823 1439 opponunt3
861 1383 1101 1433 Quinctius,
1123 1392 1250 1424 noctu
1273 1383 1324 1423 ab
1346 1397 1396 1423 ea
1414 1390 1545 1438 parte,
1559 1390 1705 1430 Capitur.

153 1454 261 1495 quae
291 1440 463 1481 minime
486 1449 677 1496 suspecta
697 1449 797 1490 erat,
820 1441 983 1496 impetu
1010 1440 1134 1489 facto,
1156 1439 1276 1481 scalis
1304 1440 1451 1480 urbem
1479 1454 1547 1480 ce-

152 1497 226 1553 pit.
293 1496 616 1553 Oppidanorum
652 1498 787 1539 omnis
823 1497 1049 1539 multitudo
1082 1513 1178 1538 cum
1215 1497 1464 1553 coniugibus
1500 1511 1547 1538 ac

152 1554 294 1595 liberis
333 1555 377 1595 in
419 1570 557 1596 arcem
591 1555 802 1611 confugit:
848 1555 1002 1596 deinde
1040 1555 1084 1595 in
1120 1555 1382 1596 deditionem
1417 1554 1544 1596 venit.

152 1610 366 1653 Pecuniae
388 1613 562 1668 aurique
585 1622 627 1653 et
647 1612 811 1669 argenti
831 1612 945 1653 haud
966 1627 1064 1653 sane
1087 1612 1267 1653 multum
1283 1612 1384 1653 fuit:
1413 1612 1545 1667 signa,

153 1668 318 1710 tabulae
358 1670 517 1726 priscae
557 1670 668 1719 artis,
706 1678 1036 1726 ornamentaque
1078 1669 1167 1711 eius
1206 1670 1371 1726 generis
1411 1669 1545 1725 plura,

153 1741 280 1782 quam
311 1742 386 1782 pro
422 1727 536 1768 urbis
568 1727 860 1783 magnitudine
894 1736 966 1768 aut
993 1727 1142 1783 opibus
1173 1727 1334 1777 ceteris,
1361 1727 1543 1767 inventa.

155 1783 357 1840 Carystus
378 1784 476 1826 inde
498 1785 698 1841 repetita3
731 1785 858 1834 unde,
881 1785 1125 1841 priusquam
1155 1800 1177 1825 e
1203 1785 1379 1825 navibus
1400 1784 1544 1840 copiae
1626 1781 1690 1822 17·

151 1850 477 1898 exponerentur,
493 1843 628 1884 omnis
649 1842 890 1892 multitudo,
906 1843 1007 1884 urbe
1025 1843 1202 1891 deserta,
1220 1842 1265 1882 in
1287 1857 1424 1883 arcem
1446 1857 1547 1883 con·
1558 1837 1714 1877 Carystus

150 1900 269 1956 fugit.
332 1899 438 1940 Inde
465 1900 518 1941 ad
545 1899 674 1941 fidem
696 1900 747 1941 ab
770 1899 966 1941 Romano
994 1900 1221 1956 petendam
1243 1908 1425 1941 oratores
1450 1900 1547 1941 mit·
1559 1884 1666 1920 capta.

151 1965 258 1998 tunt.
323 1956 560 2014 Oppidanis
591 1957 804 2014 extemplo
831 1957 916 1999 vita
952 1973 998 1999 ac
1031 1957 1200 1998 libertas
1232 1972 1428 1998 concessa
1458 1965 1543 1998 est:

119 2013 460 2056 6Maced0nibus
488 2015 647 2056 treceni
678 2015 842 2056 nummi
872 2015 917 2056 in
948 2015 1086 2071 capita
1120 2023 1322 2055 statutum
1355 2023 1417 2055 est
1452 2029 1546 2070 pre-

152 2072 272 2121 tium,
294 2080 337 2112 et
361 2081 408 2112 ut
438 2072 561 2113 armis
587 2072 748 2113 traditis
769 2072 942 2113 abirent.
1008 2071 1101 2112 Hac
1130 2087 1293 2112 summa
1323 2071 1544 2127 redempti,

150 2129 196 2169 in
214 2128 432 2170 Boeotiam
455 2130 635 2170 inermes
657 2129 829 2170 traiecti.
894 2129 938 2170 N
942 2129 1076 2170 avales
1097 2129 1255 2185 copiae,
1280 2129 1441 2170 duabus
1463 2129 1546 2170 cla—-

151 2186 206 2227 ris
234 2186 407 2227 urbibus
430 2186 628 2228 Euboeae
657 2187 768 2228 intra
788 2187 877 2227 dies
898 2201 1052 2243 paucos
1074 2186 1217 2242 captis,
1241 2186 1544 2227 circumvectae

154 2242 333 2285 Sunium
366 2244 534 2285 Atticae
567 2253 700 2285 terrae
734 2244 1081 2300 promontorium,
1119 2243 1360 2285 Cenchreas
1393 2243 1546 2285 Corin-

150 2300 335 2343 thiorum
357 2302 592 2358 emporium
613 2302 837 2358 petierunt.

192 2483 210 2515 5
227 2477 400 2516 Iussitque,
413 2480 460 2512 ut,
476 2486 559 2515 quae
574 2486 614 2506 ex
628 2485 689 2505 sua
705 2475 821 2512 classe]
870 2484 959 2514 supr.
974 2474 1083 2505 xxviii.
1102 2473 1151 2513 36.

149 2519 263 2555 Ius-eis,
285 2523 322 2548 ut
344 2529 489 2558 quaeque
511 2529 551 2549 θα·
573 2529 633 2548 sua
655 2518 754 2548 classe
779 2527 823 2547 re·
912 2516 931 2547 6
958 2518 1089 2548 Treceni
1105 2518 1243 2555 nummi]
1264 2515 1389 2551 Quales
1404 2515 1436 2545 hi
1453 2526 1543 2546 num-

151 2560 258 2599 posuit
275 2560 415 2591 Bekker.
460 2562 576 2592 Petere
600 2563 672 2599 post
693 2560 823 2589 verbum
869 2559 938 2590 mi?
974 2559 1133 2590 Graecine
1156 2569 1197 2589 an
1218 2558 1385 2589 Romani?
1421 2558 1543 2588 Drach-

149 2603 242 2633 iubeo
263 2604 388 2633 mamlt
407 2602 546 2634 Crevier.
592 2603 655 2633 Sed
676 2602 824 2632 Draken-
869 2611 939 2632 mas
953 2601 1178 2641 intelligendas
1200 2611 1267 2631 esse
1289 2600 1384 2630 facile
1403 2601 1543 2631 credide-

150 2644 300 2675 borchius
327 2645 462 2675 Dukero
487 2645 670 2683 assentitur,
693 2644 748 2674 ubi
774 2655 822 2675 va·
868 2643 976 2675 rimus.
1039 2645 1079 2674 Id
1111 2648 1146 2674 ut
1181 2643 1391 2682 suspicemur,
1421 2643 1545 2673 faciunt

149 2686 234 2717 riant
257 2687 393 2724 codices,
421 2688 664 2727 praeferendum
688 2697 755 2717 esse
778 2686 822 2716 in·
869 2687 972 2726 pretia
994 2686 1026 2716 in
1051 2686 1158 2725 capita
1182 2686 1404 2716 Romanorum
1429 2685 1544 2715 consti-

150 2729 331 2766 finitivum;
361 2729 414 2759 ubi
445 2730 477 2759 in
509 2730 725 2760 conservando
753 2730 823 2759 sub·
869 2733 940 2759 tuta
954 2730 994 2759 ab
1013 2729 1200 2759 Hannibale
1218 2733 1289 2767 post
1305 2738 1446 2767 pugnam
1460 2728 1543 2758 Can·

149 2771 293 2802 iunctivo
305 2772 617 2810 conspirant‚e0rum
632 2782 822 2802 consensum
868 2782 1011 2808 nensem‚
1035 2781 1120 2810 supr.
1145 2771 1221 2801 xxii.
1246 2771 1295 2809 58.
1326 2771 1426 2810 equiti
1451 2771 1544 2810 quin-

149 2824 213 2844 non
238 2814 452 2854 spernendum
477 2824 555 2851 esse,
574 2815 649 2845 licet
673 2814 822 2844 vetustio-
865 2815 941 2853 {leni
955 2815 1141 2853 quadri-qast
1154 2815 1287 2849 nummi,
1301 2814 1402 2852 pediti
1415 2813 1544 2843 treceni.

148 2866 198 2887 res
227 2861 324 2895 atque
351 2856 464 2895 optimi
496 2857 664 2896 scriptores
691 2858 822 2887 verbum
869 2856 1061 2895 Quadrigati
1083 2856 1167 2886 enirn
1185 2855 1305 2886 denarii
1329 2858 1413 2894 sunt,
1429 2855 1545 2894 quibus

148 2898 267 2930 infiniti
294 2899 380 2930 modi
403 2899 447 2938 τῷ
470 2900 579 2931 iubere
603 2899 745 2939 iungant.
783 2900 821 2930 cf.
869 2909 960 2938 pares
975 2899 1158 2931 drachmae.
1179 2898 1285 2931 CREv.
