1960 3218
365 144 449 182 304
885 139 1036 181 ΤΙΤΙ
1078 139 1258 181 LIVII

158 240 201 271 U.
220 241 257 272 C.
281 232 476 281 562.‘tia;
510 231 595 273 duo
628 232 759 273 millia
792 241 833 273 et
859 232 1103 288 quingenta,
1137 247 1268 288 quum
1298 240 1466 273 senatus
1496 230 1761 287 populusque

155 284 195 314 Α·
221 284 259 314 C.
285 293 352 325 ¹90·
369 295 380 312 ⁶
397 289 617 331 Romanus
637 305 785 346 pacem
807 290 1193 346 comprobaverint3
1228 289 1358 330 millia
1379 289 1533 330 deinde
1557 288 1761 329 talentum
1775 295 1794 325 8

222 1682 291 1720 46.

368 352 379 370 ⁶
395 363 470 404 per
490 347 715 389 duodecim
738 363 880 389 annos.
929 347 1112 388 Eumeni
1130 363 1299 403 quoque
1318 347 1437 388 reddi
1455 346 1764 402 quadringenta

368 411 379 428 ⁶
396 405 563 455 talenta,
587 414 629 446 et
651 406 767 462 quod
788 405 987 446 frumenti
1009 405 1217 461 reliquum
1240 421 1293 446 ex
1315 420 1377 454 eo,
1402 404 1517 461 quod
1548 404 1657 460 patri
1689 402 1763 443 de-

368 468 379 486 ⁶
395 463 530 504 bitum
558 472 633 513 est,
656 463 805 519 placet.
872 462 990 503 Haec
1013 478 1142 518 quum
1173 463 1467 519 pepigcrimus,
1489 462 1670 502 facturos
1691 475 1762 501 vos

369 526 444 562 ‘ut
475 536 550 577 pro
582 530 697 562 certo
730 521 969 569 habeamus,
1005 521 1083 561 erit
1117 520 1290 576 quidem
1326 519 1498 576 aliquod
1532 519 1696 575 pignus,
1729 518 1763 558 si

369 584 380 601 ⁶
397 579 561 620 obsides
581 579 731 633 viginti
762 588 904 619 nostro
933 578 1134 618 arbitratu
1157 578 1330 618 dabitis:
1365 578 1437 619 sed
1460 591 1677 632 nunquam
1699 590 1763 616 sa-

369 637 448 677 ⁶tis
481 637 659 692 liquebit
691 637 824 684 nobis,
860 636 917 676 ibi
950 650 1096 691 pacem
1130 650 1217 676 esse
1252 635 1408 690 populo
1447 636 1655 682 Romano,
1691 633 1763 674 ubi

369 699 380 717 ⁶
398 693 613 736 Hannibal
635 694 724 735 erit.
780 694 889 734 Eum
914 703 1010 733 ante
1033 693 1173 733 omnia
1194 693 1469 748 deposcimus.
1523 692 1763 732 Thoantem

369 757 381 775 ⁶
397 767 567 808 quoque
590 751 805 800 Aetolum,
824 751 1078 791 concitorem
1102 750 1286 791 Aetolici
1307 750 1418 799 belli,
1438 750 1511 805 qui
1532 758 1574 790 et
1596 749 1763 789 illorum

370 815 381 833 ⁶
397 809 551 850 fiducia
571 824 655 858 vos,
679 818 721 850 et
742 821 877 850 vestra
898 808 989 848 illos
1016 807 1060 847 in
1094 823 1169 848 nos
1191 808 1377 857 armavit,
1404 807 1580 856 dedetis,
1604 815 1645 847 et
1666 821 1763 847 eum

370 873 381 890 ⁶
397 882 447 908 eo
470 867 783 908 Mnasilochum
807 867 1043 914 Acarnana,
1067 875 1109 906 et
1133 864 1435 906 Chalcidenses
1467 864 1688 905 Philonem
1721 871 1764 903 et

370 931 380 948 ⁶
399 924 667 966 Eubulidam.
731 923 782 965 In
805 923 1012 964 deteriore
1044 938 1118 963 sua
1148 923 1316 963 fortuna
1345 938 1492 978 pacem
1523 922 1648 963 faciet
1674 936 1761 970 rex,

370 982 496 1037 ‘quia
522 983 652 1023 serius
679 981 791 1031 facit,
816 996 942 1037 quam
974 981 1108 1021 facere
1140 980 1289 1036 potuit.
1356 980 1397 1021 Si
1430 995 1543 1020 nune
1580 987 1764 1020 moratus

369 1046 381 1064 ⁶
396 1040 534 1089 fuerit,
558 1040 672 1089 sciat,
695 1054 843 1095 regum
866 1039 1125 1080 maiestatem
1147 1038 1356 1078 difficilius
1388 1038 1438 1079 ab
1464 1052 1626 1078 summo
1651 1035 1764 1077 fasti-

370 1098 465 1154 ⁶gio
487 1098 541 1138 ad
562 1098 751 1139 medium
775 1097 951 1146 detrahi,
975 1111 1102 1152 quam
1134 1111 1158 1136 a
1188 1096 1337 1136 mediis
1365 1096 1418 1136 ad
1447 1096 1527 1136 ima
1560 1094 1765 1151 praeeipi-

370 1156 502 1196 ‘tari.’
564 1155 677 1196 Cum
706 1155 771 1195 his
802 1154 1010 1195 mandatis
1041 1155 1091 1194 ab
1128 1169 1225 1209 rege
1258 1154 1371 1194 missi
1402 1162 1521 1194 erant
1550 1153 1689 1208 legati,
1718 1160 1766 1193 ut

368 1229 538 1255 omnem
583 1213 695 1269 pacis
736 1211 1022 1253 conditionem
1065 1212 1316 1267 acciperent.
1391 1211 1540 1266 Itaque
1583 1210 1765 1251 Romam

368 1271 479 1312 mitti
499 1271 658 1328 legatos
680 1270 847 1327 placuit.
915 1269 1075 1310 Consul
1105 1269 1149 1309 in
1177 1269 1353 1310 hiberna
1380 1269 1611 1310 exercitum
1642 1267 1766 1322 Mag-

368 1329 528 1370 nesiam
570 1329 622 1370 ad
664 1327 943 1369 Maeandrum
986 1336 1029 1368 et
1066 1326 1227 1367 Tralles
1269 1327 1570 1382 Ephesumque
1612 1326 1762 1367 divisit.

370 1387 587 1442 Ephesum
625 1386 677 1427 ad
711 1385 926 1427 consulem
959 1399 1114 1441 paucos
1150 1392 1244 1440 post
1276 1385 1365 1426 dies
1393 1384 1557 1426 obsides
1585 1384 1636 1425 ab
1668 1398 1764 1439 rege

369 1445 542 1486 adducti
567 1453 686 1485 suut:
726 1452 768 1485 et
788 1443 928 1499 legati,
952 1442 1026 1498 qui
1049 1442 1229 1483 Romam
1251 1442 1373 1492 irent,
1397 1451 1613 1483 venerunt.
1677 1440 1766 1481 Eu-

369 1518 513 1543 menes
541 1517 710 1558 quoque
739 1501 887 1542 eodem
918 1510 1104 1556 tempore
1133 1500 1343 1555 profectus
1372 1509 1434 1541 est
1459 1501 1656 1548 Romam,
1680 1514 1764 1554 quo

369 1560 495 1616 legati
524 1560 644 1616 regis.
712 1558 889 1600 Secutae
919 1573 990 1599 eos
1026 1566 1124 1598 sunt
1159 1557 1389 1613 legationes
1418 1557 1608 1599 omnium
1636 1556 1764 1598 Asiae

370 1617 634 1674 populorum.

429 1675 546 1716 Dum
568 1675 672 1716 haee
694 1675 738 1715 in
760 1674 864 1715 Asia
887 1681 1104 1729 geruntur,
1127 1672 1213 1713 duo
1241 1673 1326 1714 fere
1356 1674 1432 1714 sub
1461 1672 1574 1714 idem
1602 1681 1767 1728 tempus

370 1749 467 1774 cum
501 1733 704 1789 triumphi
738 1747 809 1788 spe
841 1730 1109 1787 proconsules
1142 1730 1194 1771 de
1228 1731 1453 1786 provinciis
1489 1730 1669 1771 Romam
1702 1745 1768 1770 re-

371 1791 541 1832 dierunt
558 1807 568 1840 3
596 1791 648 1839 Q.
667 1789 884 1831 Minucius
906 1804 958 1830 ex
977 1788 1216 1842 Liguribus,
1237 1788 1310 1829 Μ’.
1329 1788 1491 1829 Acilius
1512 1803 1565 1829 ex
1583 1787 1764 1828 Aetolia.

372 1848 544 1890 Auditis
566 1848 782 1904 utriusque
806 1848 929 1888 rebus
949 1846 1087 1902 gestis,
1108 1845 1301 1886 Minucio
1324 1855 1499 1902 negatus
1517 1845 1765 1901 triumphus,

161 1906 512 1947 M'.AciliusAcilio
555 1921 708 1961 magno
749 1920 955 1946 consensu
991 1903 1208 1944 decretus:
1256 1904 1372 1959 isque
1416 1903 1678 1959 triumphans
1714 1902 1767 1943 de

161 1960 200 1989 de
218 1958 330 1988 Antio-

161 2001 222 2032 cho
239 2001 348 2031 trium-

161 2044 251 2084 pbat.

372 1979 469 2020 rege
506 1963 720 2005 Antiocho
756 1971 799 2004 et
833 1961 998 2003 Aetolis
1035 1961 1180 2002 urbem
1218 1970 1278 2002 est
1315 1961 1515 2002 invectus,
1578 1959 1770 2001 Praelata

372 2031 470 2063 sunt
501 2022 544 2062 in
578 2037 627 2063 eo
662 2021 875 2076 triumpho
907 2020 1025 2075 signa
1057 2018 1253 2059 militaria
1284 2019 1466 2060 ducenta
1498 2018 1692 2074 triginta:
1727 2025 1770 2058 et

371 2080 533 2136 argenti
566 2079 709 2120 infecti
743 2079 822 2120 tria
855 2077 984 2118 millia
1017 2076 1185 2132 pond03
1231 2077 1382 2133 signati
1417 2075 1769 2117 tetradraehmum

371 2138 568 2178 Atticum
611 2145 782 2178 centum
827 2135 1031 2176 tredecim
1075 2134 1216 2184 millia,
1259 2134 1545 2190 cistophorum
1588 2133 1800 2178 dueenta9

371 2195 650 2251 quadraginta
681 2204 801 2235 octo:
836 2208 930 2234 vasa
962 2201 1163 2247 argentea
1193 2191 1351 2233 caelata
1376 2191 1520 2241 multa,
1543 2190 1768 2246 magnique

371 2253 580 2308 ponderis.
657 2251 776 2293 Tulit
811 2259 853 2291 et
889 2249 1191 2306 supellectilem
1228 2250 1385 2305 regiam
1423 2258 1677 2305 argenteam,
1721 2261 1768 2288 ae

372 2397 543 2434 minarum,
563 2397 587 2427 si
610 2398 742 2427 Festum
765 2407 947 2436 sequamur,
964 2397 1050 2426 unde

376 2440 556 2470 Euboicum
579 2440 686 2470 miuus
707 2440 817 2470 Attico
840 2440 963 2470 talento
990 2443 1050 2469 ter-

372 2482 418 2512 tia
442 2486 531 2521 parte
548 2482 664 2513 evadit.
711 2483 865 2513 Budaeus
884 2486 993 2512 autem
1011 2482 1051 2511 de

373 2535 453 2561 asse,
466 2534 509 2555 lv.
522 2535 561 2554 ex
576 2525 744 2554 Herodoto
757 2525 879 2565 colligit
891 2525 1049 2554 talentum

375 2567 557 2597 Euboicum
577 2567 681 2597 minas
696 2577 750 2596 sex
768 2570 799 2597 et
818 2566 1050 2606 quinquaginta

374 2620 447 2640 eum
461 2610 586 2639 duabus
601 2609 706 2639 minae
724 2609 867 2648 partibus
882 2609 1039 2639 habuisse.

417 2652 435 2681 8
452 2653 564 2682 Mille'a
577 2653 690 2682 deinde
703 2652 875 2689 talentum]
892 2650 986 2681 Mille
1004 2655 1048 2681 ta-

376 2696 463 2725 lenta
479 2704 606 2733 quoquc
621 2704 718 2730 amm,
735 2694 778 2724 sic
797 2693 903 2724 Latini
923 2704 1050 2732 semper

374 2738 450 2773 fere,
474 2737 528 2766 ubi
553 2737 592 2767 de
616 2736 758 2766 millibus
783 2747 886 2766 sermo
909 2739 966 2771 est,
991 2747 1047 2766 nu-

374 2790 478 2810 meros
487 2779 664 2809 cardinales
676 2789 733 2817 pro
744 2778 952 2809 distributivis
962 2789 1050 2808 usur-

375 2826 464 2862 pant.
486 2822 524 2852 cf.
536 2832 621 2861 supr.
636 2821 711 2852 xxii.
728 2820 775 2861 36.
810 2822 943 2852 Milleni
959 2822 1046 2860 apud

377 2865 484 2895 I'laut.
504 2864 622 2895 Bacch.
640 2863 679 2894 iv.
702 2874 747 2905 19.
765 2874 793 2902 4.
812 2867 843 2894 et
858 2864 946 2903 apud
964 2864 1046 2893 Pris—

376 2907 456 2938 cian.
476 2907 516 2938 de
537 2906 605 2946 Fig.
624 2907 724 2938 Mem.
743 2906 782 2937 vi.
805 2916 851 2944 14.
872 2907 976 2936 solum
1001 2907 1045 2936 in-

1096 2395 1229 2426 venitur.
1256 2396 1380 2425 RASCH.

1138 2448 1156 2478 9
1181 2436 1418 2476 C'z'stoplzorum]
1451 2435 1662 2475 Cistophorus
1678 2445 1766 2465 num-

1095 2491 1167 2510 mus
1186 2480 1258 2517 fuit,
1275 2490 1368 2518 quem
1387 2479 1557 2509 Turnebus
1573 2478 1705 2508 Advers.
1725 2477 1767 2508 iii.

1097 2532 1124 2561 5.
1141 2522 1185 2552 sie
1205 2522 1407 2561 appellatum
1430 2525 1549 2558 censet,
1566 2521 1651 2560 quod
1675 2520 1707 2551 in
1731 2531 1768 2551 eo

1094 2569 1197 2595 essent
1212 2564 1328 2603 sculpti
1344 2563 1490 2603 cistigeri,
1502 2563 1532 2593 id
1547 2568 1604 2599 est,
1615 2563 1635 2592 ii
1651 2562 1705 2602 qui
1721 2573 1767 2593 sa-

1095 2617 1218 2637 crorum
1243 2607 1450 2646 mysticorum
1468 2606 1555 2636 cistis
1571 2606 1767 2637 inclusorum

1093 2660 1209 2680 arcana
1225 2650 1380 2685 ferebant,
1398 2654 1431 2680 ut
1448 2650 1479 2679 iu
1497 2649 1637 2689 Cybeles
1652 2652 1769 2688 myste-

1093 2692 1157 2729 riis,
1193 2692 1314 2722 Bacehi
1354 2692 1458 2731 orgiis,
1489 2691 1614 2722 Cereris
1652 2690 1767 2721 Initiis.

1095 2735 1193 2764 Porro
1210 2738 1361 2774 quattuor
1381 2735 1503 2764 ‹leuarii
1527 2737 1650 2773 septem
1675 2733 1768 2763 cisto-

1092 2777 1209 2817 phoros
1231 2787 1303 2807 cum
1328 2777 1456 2807 semisse
1477 2778 1671 2816 aequabant,
1687 2779 1768 2806 teste

1092 2821 1189 2850 Festo
1215 2820 1247 2849 in
1274 2830 1351 2850 voce
1379 2821 1566 2850 Euboicum.
1591 2820 1696 2850 CREV.
1727 2817 1766 2848 cf.

1093 2863 1218 2893 Ernest.
1237 2862 1329 2892 Clav.
1354 2863 1422 2893 Cic.
1441 2873 1468 2893 v.
1486 2862 1701 2901 Gistophorus.
