1960 3218
583 175 708 217 LIB.
742 174 838 216 XL.
884 174 1030 217 CAP.
1064 179 1103 216 8.
1453 176 1537 218 437

154 266 291 308 iocosa
314 265 426 308 dicta
450 265 495 306 in
519 264 784 314 adversarios,
807 264 865 305 ita
893 273 940 305 ut
967 279 1020 305 ne
1048 264 1147 320 ipsis
1168 264 1340 320 quidem
1361 264 1538 307 ducibus
1552 275 1596 307 U.
1612 275 1650 307 C.
1672 284 1745 316 570·

154 324 442 373 abstineretur,
463 323 733 364 iactabantur.
796 322 868 362 Ad
898 321 972 363 has
1002 322 1269 378 excipiendas
1296 338 1417 364 voces
1443 338 1536 380 spe·
1549 318 1589 392 ἒ·
1611 319 1744 392 &1182-

153 380 314 423 culator
342 396 395 423 ex
425 380 607 422 convivis
637 379 780 421 Persei
812 379 972 428 missus,
996 394 1127 435 quum
1158 379 1364 422 incautior
1390 381 1535 423 obver-
1549 371 1658 434 Ρξξξξ
1670 365 1740 392 ator

152 448 324 488 saretur,
346 446 544 494 exceptus
571 452 595 478 a
618 437 838 478 iuvenibus
865 437 970 478 forte
1003 436 1182 478 triclinio
1215 452 1237 478 e
1267 438 1399 488 ressis,
1428 437 1534 480 male
1547 447 1718 495 apud-De-

152 496 369 537 mulcatur.
431 495 572 536 Huius
609 495 670 536 rei
708 495 876 551 ignarus
901 494 1157 543 Demetrius,
1203 500 1214 518 ‘
1233 453 1352 543 {uin
1386 496 1536 538 comis-
1547 494 1709 521 metnum.

154 558 167 577 ‘
181 554 342 602 satum,'
362 553 512 609 inquit,
546 558 558 576 ⁶
573 552 627 594 ad
646 552 814 593 fratrem
835 552 974 593 imus?
1005 560 1048 593 et
1071 552 1175 593 iram
1199 552 1300 602 eius,
1323 553 1357 593 si
1378 568 1461 609 qua
1481 569 1535 595 ex

153 615 166 635 ‘
181 610 405 652 certamine
441 610 608 660 residet,
642 609 905 666 simplicitate
937 618 980 650 et
1013 608 1220 651 hilaritate
1256 618 1397 652 nostra
1430 610 1536 652 leni-

153 673 168 693 ‘
181 683 273 710 mus
288 668 324 709 ‘?’
385 667 545 710 Omnes
565 683 607 709 se
629 668 688 709 ire
709 667 1034 717 conclamartmt,
1055 675 1220 723 praeter
1239 683 1322 718 eos,
1345 668 1418 724 qui
1443 683 1536 725 spe-

150 725 345 768 culatoris
385 727 436 767 ab
471 741 514 767 se
554 725 705 782 pulsati
740 733 1002 781 praesentem
1038 724 1242 767 ultionem
1277 725 1533 768 metuebant.

156 783 301 832 Quum
329 798 399 825 eos
420 799 588 840 quoque
614 782 856 824 Demetrius
883 782 1077 832 traheret,
1098 782 1253 824 ferrum
1274 792 1388 825 veste
1417 783 1535 824 abdi-

151 840 318 891 derunt,
355 856 439 897 quo
475 856 517 883 se
555 841 691 890 tutari,
728 840 762 881 si
798 855 881 896 qua
911 840 973 881 vis
1007 840 1139 891 fieret,
1171 850 1350 896 possent.
1413 840 1535 882 Nihil

151 898 305 940 occulti
325 913 412 940 esse
437 899 481 939 in
510 898 709 939 intestina
728 897 934 940 discordia
961 905 1109 954 potest.
1173 898 1364 955 Utraque
1386 898 1535 940 domus

151 955 457 1012 speculatorum
506 964 548 997 et
597 955 857 1012 proditorum
901 954 1027 1012 plena
1071 963 1170 997 erat.
1243 955 1536 998 Praecucurrit

120 1013 280 1054 6index
307 1013 361 1055 ad
388 1013 553 1063 Persea,
575 1013 683 1054 ferro
711 1013 943 1054 succinctos
970 1013 1169 1055 nuntians
1197 1028 1293 1054 cum
1315 1013 1535 1056 Demetrio

150 1080 348 1126 quattuor
371 1071 653 1112 adolescentes
677 1071 831 1112 venire.
894 1070 986 1112 Etsi
1010 1086 1133 1112 causa
1156 1072 1394 1128 apparebat,
1416 1071 1534 1126 (nam

150 1129 202 1170 ab
239 1128 288 1170 iis
322 1128 531 1185 pulsatum
572 1128 789 1170 convivam
829 1143 951 1169 suum
991 1128 1198 1184 audierat)
1239 1138 1392 1180 tamen,
1428 1129 1535 1170 infa-

150 1185 328 1227 mandae
368 1186 430 1228 rei
469 1201 603 1236 causa,
639 1186 806 1227 ianuam
842 1186 1023 1227 obserari
1057 1186 1198 1228 iubet:
1247 1195 1289 1228 et
1324 1202 1377 1228 ex
1416 1195 1531 1244 parte
1546 1195 1682 1226 Perseus

150 1244 362 1300 superiore
403 1243 582 1292 aedium,
623 1243 832 1299 versisque
872 1244 917 1284 in
958 1244 1067 1285 viam
1101 1244 1303 1294 fenestris,
1341 1244 1533 1286 comissa·
1544 1238 1677 1311 frjtptrem

151 1310 271 1351 tores,
305 1310 505 1357 tanquam
538 1301 591 1342 ad
623 1301 793 1342 caedem
825 1316 941 1342 suam
973 1301 1200 1351 venientes,
1234 1302 1352 1343 aditu
1382 1302 1531 1344 ianuae
1544 1291 1635 1355 {²111}ss
1642 1291 1742 1355 ἐῗζεῒ,

150 1367 274 1400 arcet.
343 1358 597 1407 Demetrius,
632 1373 708 1414 per
738 1358 896 1408 vinum,
930 1358 1045 1414 quod
1077 1358 1381 1410 excluderetur,
1416 1359 1534 1416 paul·

150 1415 275 1472 lisper
294 1416 553 1466 vociferatus,
575 1415 619 1456 in
640 1415 877 1457 convivium
897 1415 1019 1466 redit,
1042 1416 1168 1457 totius
1189 1417 1248 1457 rei
1270 1417 1449 1472 ignarus.

208 1473 382 1515 Postero
403 1473 470 1514 die
487 1473 677 1523 Perseus,
696 1488 825 1529 quum
848 1473 1032 1529 primum
1052 1474 1331 1516 conveniendi
1351 1483 1533 1531 potestas
1624 1480 1663 1519 8.

149 1531 277 1587 patris
297 1531 387 1580 fuit,
409 1531 566 1587 regiam
590 1530 810 1586 ingressuS,
833 1532 1073 1587 perturbato
1093 1531 1213 1572 vultu
1237 1532 1281 1572 in
1306 1541 1533 1589 conspectu

151 1588 278 1644 patris
309 1588 456 1629 tacitus
486 1588 630 1644 procul
660 1588 857 1629 constitit.
923 1587 1019 1637 Cui,
1043 1603 1174 1644 quum
1204 1598 1335 1645 pater,
1368 1596 1380 1614 ‘
1398 1590 1633 1632 Satin'Eum
1648 1612 1742 1633 accu-

154 1651 166 1669 ‘
182 1644 315 1686 salvae
332 1645 367 1686 ?’
400 1653 455 1695 et,
495 1651 506 1669 ‘
522 1660 729 1701 quaenam
756 1660 805 1686 ea
832 1645 1038 1687 maestitia
1069 1647 1226 1687 esset?⁷
1261 1647 1534 1704 interrogaret
1545 1648 1593 1674 sat
1608 1645 1697 1684 apud

123 1713 262 1752 7eum,
296 1702 392 1744 ‘De
422 1702 537 1744 lucro
568 1703 669 1753 tibi,'
698 1703 847 1758 inquit,
882 1703 1046 1744 ‘vivere
1078 1718 1143 1744 me
1174 1704 1301 1745 scito:
1335 1705 1419 1746 iam
1448 1690 1681 1746 nonpatrem.

153 1759 353 1801 ‘occultis
388 1775 412 1801 a
442 1760 566 1801 fratre
607 1761 790 1816 petimur
828 1760 998 1801 insidiis.
1062 1760 1200 1802 Nocte
1235 1777 1332 1803 cum
1368 1762 1535 1804 armatis

152 1817 352 1859 ‘domum
384 1817 438 1858 ad
469 1817 808 1858 interficiendum
836 1833 903 1859 me
931 1817 1070 1859 venit:
1103 1818 1336 1876 clausisque
1364 1820 1533 1871 foribus,

153 1881 164 1899 ‘
179 1875 384 1932 parietum
405 1875 609 1931 praesidio
632 1890 697 1916 me
719 1890 742 1916 a
762 1875 900 1916 furore
922 1875 1011 1916 eius
1032 1891 1123 1917 sum
1145 1878 1327 1918 tutatus.'
1389 1877 1535 1926 Quum

151 1948 347 1989 pavorem
379 1933 558 1974 mixtum
591 1933 864 1974 admiratione
898 1933 1005 1989 patri
1037 1933 1258 1984 iniecisset,
1295 1935 1468 1992 ‘Atqui,
1500 1935 1534 1976 si

155 1996 300 2032 ‘aures
334 1991 531 2047 praebere
569 1991 713 2046 potes,’
743 1990 893 2046 inquit,
939 1991 1226 2032 ‘manifestam
1256 2007 1344 2033 rem
1377 2002 1532 2043 teneaS,

154 2048 339 2089 ‘faciam.
414 2047 640 2089 Enimvero
681 2048 750 2098 se,'
784 2048 1005 2104 Philippus
1040 2048 1191 2098 dicere,
1240 2050 1534 2100 ‘auditurum,’

152 2106 373 2161 vocarique
409 2104 620 2161 extemplo
653 2105 919 2146 Demetrium
952 2105 1093 2147 iussit:
1138 2115 1180 2147 et
1213 2107 1394 2149 seniores
1428 2101 1534 2149 duos

153 2163 318 2212 amieos,
342 2171 533 2218 expertes
564 2163 819 2203 iuvenalium
850 2163 959 2204 inter
987 2163 1132 2205 fratres
1159 2165 1445 2213 certaminum,
1468 2166 1533 2206 in-

152 2220 391 2276 frequentes
423 2220 505 2260 iam
536 2220 579 2260 in
610 2220 734 2276 regia,
763 2220 1059 2277 Lysimachum
1090 2230 1132 2262 et
1162 2221 1439 2264 Onomastum
1469 2237 1534 2264 ar-

154 2278 288 2327 cessit,
311 2292 415 2333 quos
436 2277 479 2317 in
501 2278 673 2318 consilio
694 2277 875 2319 haberet.
924 2278 1040 2318 Dum
1061 2279 1236 2320 veniunt
1256 2281 1390 2330 amici,
1408 2280 1530 2330 solus,

154 2334 240 2376 filio
253 2334 397 2392 procul
411 2344 558 2384 stante,
577 2335 708 2376 multa
721 2350 860 2376 secum
874 2335 1012 2376 animo
1029 2335 1231 2386 volutans,
1247 2338 1528 2379 inambulavit.

154 2392 382 2449 Postquam
414 2392 574 2433 venisse
609 2408 678 2433 eos
714 2393 951 2433 nuntiatum
985 2401 1057 2442 cst,
1092 2395 1257 2435 secessit
1292 2395 1335 2435 in
1370 2405 1531 2451 partem

154 2450 394 2492 interiorem
408 2465 504 2490 cum
520 2450 682 2491 duobus
699 2450 853 2499 amicis,
873 2450 1047 2491 totidem
1064 2452 1304 2493 custodibus
1321 2454 1502 2509 corporis
1518 2470 1528 2495 :

156 2506 262 2557 filiis,
297 2516 345 2548 ut
385 2516 524 2548 ternos
567 2508 746 2549 inermes
788 2523 929 2549 secum
971 2508 1295 2560 introducerent,
1329 2511 1528 2567 permisit.

198 2629 217 2660 6
240 2631 424 2667 Nuneians]
452 2630 548 2660 Hanc
570 2641 692 2667 vocem,
715 2635 749 2661 ut
770 2642 818 2661 su-
865 2630 967 2661 omnis
991 2630 1068 2668 dit-s,
1092 2631 1195 2662 omnis
1218 2633 1307 2671 hora,
1324 2638 1452 2673 propter
1474 2634 1532 2664 im·

157 2682 398 2712 pcrvacaneam,
419 2673 587 2703 delendam
611 2674 723 2703 suadet
745 2675 818 2704 Cre·
864 2674 988 2703 minens
1019 2674 1208 2713 periculum,
1236 2676 1323 2706 lucro
1350 2677 1531 2716 deputetur.

157 2715 230 2746 vier.
247 2715 301 2745 sed
318 2724 428 2744 omncs
444 2715 566 2745 codices
582 2726 651 2745 eam
669 2720 806 2747 tuentur.
864 2717 914 2747 Sic
937 2716 1060 2751 (ficem,
1077 2718 1116 2747 ad
1139 2718 1263 2749 Divers.
1285 2719 1327 2748 ix.
1353 2728 1398 2757 17.
1442 2722 1463 2734 ‘⁸
1479 2720 1531 2749 De

202 2767 217 2797 7
239 2759 288 2788 De
305 2759 392 2787 lucro
408 2758 462 2786 tihi
480 2781 486 2787 .
499 2781 523 2787 ..
544 2759 646 2788 vic-ere
661 2769 708 2789 me
723 2760 815 2796 scitu]
864 2759 950 2789 lucro
976 2769 1074 2798 prope
1098 2759 1159 2789 iam
1186 2761 1428 2799 quadriennium
1456 2761 1530 2791 vivi-

158 2800 293 2840 Egrcgia
317 2799 433 2837 Sigonii
458 2799 650 2837 υιιιυιιιῖῑιῐῐο,
667 2811 764 2839 quum
786 2801 818 2830 in
864 2812 944 2838 mus,
961 2801 984 2830 si
1006 2808 1062 2831 aut
1084 2802 1144 2832 hoc
1167 2803 1289 2833 lucrum
1307 2808 1364 2840 est,
1380 2807 1435 2833 aut
1452 2804 1531 2834 hacc

157 2843 244 2873 libris
279 2843 434 2881 legeretur
466 2844 503 2873 (le
535 2843 667 2879 ludicro,
698 2853 822 2882 prorsus
867 2844 942 2880 vita,
958 2845 1160 2883 superstitem
1183 2846 1377 2885 reipublicae
1395 2846 1532 2877 vivere.”

157 2886 275 2924 inepte.
320 2887 370 2915 De
395 2886 484 2915 lucro
510 2886 616 2915 vivere
646 2888 692 2914 cst
720 2885 820 2924 ipsam
866 2887 973 2917 Cum.

159 2927 255 2958 vitam
272 2927 303 2958 in
324 2928 411 2958 lucro
429 2938 546 2967 ponere
563 2940 570 2964 ;
594 2926 638 2958 sic
657 2927 771 2964 vivere,
787 2932 821 2958 ut
