1960 3218
519 500 825 554 EPITOM
844 500 890 552 E
953 499 1038 552 LI
1056 499 1102 551 B
1120 498 1165 550 R
1182 499 1206 550 Ι
1267 495 1554 550 XXXIX..

335 844 400 884 M.
424 842 750 884 AEMILIUS
767 841 915 889 consul,
938 840 1161 894 Liquribus
1182 839 1368 888 subactis,
1392 840 1499 878 viam
1521 853 1546 877 a
1568 838 1742 877 Placen-

335 905 393 943 tia
435 916 557 955 usque
597 899 830 939 Ariminum
863 898 1103 952 perductam
1144 897 1375 936 Flaminiae
1412 897 1551 935 iunxit.
1615 895 1742 935 Initia

337 961 532 1008 luxuriae,
551 958 778 998 introducta
795 957 844 996 ab
861 957 1033 995 exercitu
1050 955 1244 1002 Asiatico,
1261 955 1505 1008 referuntur.
1553 953 1740 1007 LiqureS,

336 1019 559 1073 quicunque
572 1017 675 1055 citra
689 1015 946 1068 Apenninum
963 1019 1090 1061 erant,
1106 1013 1262 1052 subacti
1275 1018 1380 1051 sunt.
1442 1011 1741 1060 Bacchanalia,

335 1090 497 1115 sacrum
525 1074 741 1120 Graecum,
765 1078 802 1111 et
821 1072 977 1126 quidem
999 1076 1249 1118 nocturnum,
1272 1070 1458 1109 scelerum
1483 1070 1656 1108 omnium
1684 1082 1744 1107 se-

337 1134 568 1180 minarium,
591 1145 713 1185 quum
735 1130 791 1169 ad
810 1130 978 1183 inqentis
1000 1129 1140 1167 turbae
1161 1129 1471 1167 coniurationem
1485 1128 1741 1180 pervenisset,

337 1206 364 1230 a
386 1190 542 1230 consule
570 1189 861 1241 investissatum,
885 1193 922 1225 et
946 1187 1160 1226 multorum
1183 1200 1316 1239 poena
1343 1185 1544 1224 sublatum
1572 1189 1638 1223 est.
1701 1183 1742 1223 Α

339 1248 561 1288 censoribus
586 1247 637 1286 L.
666 1245 825 1285 Valerio
850 1245 1001 1284 Flacco
1023 1249 1061 1283 et
1085 1243 1148 1283 Μ.
1164 1243 1311 1282 Porcio
1341 1242 1502 1290 Catone,
1525 1248 1563 1281 et
1589 1241 1680 1281 belli
1707 1247 1746 1281 et

331 1307 450 1361 pacis
477 1305 631 1344 artibus
659 1304 843 1350 maximo,
867 1308 995 1341 motus
1023 1307 1080 1340 est
1103 1307 1243 1340 senatu
1264 1300 1316 1340 L.
1343 1299 1557 1350 Quinctius
1584 1299 1743 1338 Flami-

337 1366 468 1411 ninus,
501 1363 549 1402 T.
575 1361 756 1411 Quinctii
763 1360 919 1413 frater,
943 1374 984 1398 eo
1005 1359 1122 1413 quod,
1146 1372 1269 1412 quum
1292 1357 1474 1398 Galliam
1489 1358 1742 1410 provinciam

337 1421 475 1461 consul
493 1421 728 1466 obtinuerat,
751 1423 917 1470 roqatus
939 1418 980 1455 in
1002 1417 1178 1456 convivio
1199 1431 1225 1454 a
1246 1415 1438 1469 Philippo
1459 1415 1605 1463 Poeno,
1629 1429 1743 1468 quem

337 1479 513 1526 amabat,
536 1483 662 1517 scorto
691 1476 822 1523 nobili,
853 1474 1019 1514 Gallum
1041 1474 1238 1528 quendam
1267 1488 1341 1512 sua
1367 1487 1490 1512 manu
1519 1473 1741 1511 occiderat:

337 1539 429 1585 sive,
454 1542 499 1576 ut
518 1535 681 1589 quidam
704 1532 970 1579 tradiderunt,
995 1546 1118 1571 unum
1140 1546 1185 1570 ez·
1206 1531 1409 1570 damnatis
1430 1531 1562 1569 securi
1576 1544 1744 1583 percus-

338 1600 457 1642 serat,
481 1599 645 1647 roqm‘us
666 1606 691 1630 a
719 1591 920 1630 meretrice
947 1589 1204 1637 Placentina,
1228 1589 1340 1628 cuius
1368 1602 1501 1627 amore
1528 1587 1741 1641 deperibat.

338 1652 492 1692 Exstat
520 1652 561 1690 in
595 1664 682 1689 eum
715 1649 779 1688 M.
812 1647 976 1688 Catonis
1007 1648 1145 1686 oratio.
1213 1646 1351 1701 Scipio
1382 1645 1542 1685 Literni
1570 1646 1741 1685 decessit.

339 1710 412 1758 Et,
438 1716 631 1762 tanquam
653 1708 836 1760 iun-(sente
855 1706 1035 1757 fortuna
1058 1706 1167 1744 circa
1188 1704 1289 1743 ia'cm
1312 1710 1464 1756 tempus
1485 1704 1563 1742 cluo
1584 1703 1744 1756 fiinera

339 1769 604 1808 maximorum
633 1766 824 1811 virorum,
847 1762 1074 1810 Hannibal,
1098 1776 1124 1799 a
1145 1761 1301 1800 Prusia
1322 1761 1546 1814 Bithyniae
1567 1776 1667 1814 reqe,
1690 1760 1748 1800 ad

341 1840 467 1880 quem,
500 1825 600 1862 victo
631 1821 842 1868 Antiocho,
870 1820 1116 1874 0073fiaeqc²7·(zt,
1146 1833 1267 1872 quum
1295 1819 1502 1857 (lederetur
1532 1818 1742 1866 Romanis,

341 1884 410 1937 qui
426 1883 482 1921 acl
493 1880 774 1934 e.2720seendwn
793 1878 902 1916 illum
931 1877 978 1916 T.
1000 1877 1232 1926 Quinctium
1247 1876 1525 1915 Flamininum
1541 1877 1741 1924 miserant,

340 1954 483 1979 veneno
497 1939 571 1978 sibi
587 1943 748 1977 mortem
771 1936 967 1975 conscivit.
1011 1934 1292 1987 Philopoemen
1309 1948 1472 1988 quoque,
1489 1934 1570 1973 (lux
1584 1933 1744 1973 Aeliae-

341 2013 467 2045 orum,
492 1999 554 2036 vir
579 1996 789 2042 marimus,
812 2008 838 2032 a
861 1993 1072 2032 sslesseniis
1094 1994 1351 2045 interemptus
1371 2006 1526 2040 veneno,
1550 2005 1672 2046 quum
1693 1991 1743 2030 ab

341 2057 390 2095 iis
422 2055 518 2095 bello
559 2059 700 2107 captus
733 2057 839 2091 essct.
911 2050 1097 2090 Coloniae
1129 2049 1330 2097 Potentia,
1366 2055 1403 2088 et
1435 2049 1674 2097 Pisaurum,
1708 2055 1746 2088 et

324 2113 524 2160 „BIutincss
560 2117 597 2150 et
630 2111 788 2151 Parma
821 2109 1011 2148 deductae
1043 2113 1146 2147 sunt.
1208 2107 1428 2146 Praeterea
1462 2122 1523 2146 res
1554 2107 1744 2146 adversus

349 2171 560 2212 Celtiberos
574 2182 764 2222 prospere
774 2173 919 2221 fles-tus,
946 2172 983 2205 et
1003 2167 1118 2204 initia
1141 2179 1361 2218 causasque
1382 2165 1472 2203 belli
1488 2165 1746 2204 sslacedonici

343 2230 533 2276 contim›t;
567 2228 678 2265 cuius
695 2227 804 2278 orisso
820 2223 1060 2277 inclelflum't,
1080 2223 1186 2277 quod
1204 2223 1424 2276 I'lie'lippus
1440 2222 1740 2276 aeqrafhrebat,

343 2301 507 2341 refluum
529 2299 643 2324 suum
661 2284 844 2322 imminui
863 2297 889 2320 a
911 2282 1119 2329 Romanis,
1134 2287 1172 2320 et
1191 2281 1298 2335 quod
1318 2286 1532 2334 coqeretur,
1556 2295 1582 2319 a
1606 2280 1742 2318 Thra-

344 2345 452 2383 cibus
473 2343 640 2397 aliisque
661 2341 754 2380 locis
768 2340 978 2395 praesidia
1000 2339 1199 2378 (lccluccre.
