1960 3218
367 160 450 197 418
880 157 1027 199 ΤΙΤΙ
1067 157 1245 201 LIVII

164 255 209 288 U.
226 257 265 289 C.
288 255 360 298 5.68
373 248 570 298 ctatione,
592 257 783 290 senatum
812 249 1031 306 lege1·:unt
1065 259 1225 307 septem
1259 259 1479 292 moverunt
1509 259 1681 300 senatu3
1714 266 1765 292 ex

163 300 206 374 ἲ·
221 301 288 380 ἃ·
293 301 361 339 ¹84·
374 306 527 371 quibus
550 321 680 347 unum
702 307 910 364 insignem
932 318 975 349 et
995 308 1213 350 nobilitate
1235 317 1278 350 et
1298 309 1548 374 honoribus,
1564 308 1613 349 L.
1629 308 1769 374 Quin-

167 343 354 417 αξῃδέἰθῗη
376 364 505 405 etium
529 342 813 406 Flamininum
835 365 1108 407 consularem.
1170 366 1344 408 Patrum
1376 367 1578 408 memoria
1601 366 1797 410 insutu-5

167 432 203 460 tu
219 433 335 461 motus.
377 430 467 463 tum
502 422 645 473 fertur,
681 431 727 464 ut
759 438 950 465 censores
991 424 1114 465 motis
1153 433 1302 466 senatu
1342 425 1596 466 ascriberent
1635 433 1766 466 notas.

380 479 556 521 Catonis
587 489 629 521 et
659 480 763 522 aliae
785 481 958 546 quidem
989 483 1160 523 acerbae
1182 483 1389 524 orationes
1418 490 1583 524 exstant
1612 482 1656 522 in
1684 497 1767 532 eos,

377 553 483 594 quos
513 546 586 579 aut
616 539 824 580 senatorio
851 539 942 581 loco
974 540 1115 589 movit,
1143 548 1214 581 aut
1241 541 1394 596 quibus
1425 556 1555 597 equos
1586 539 1766 581 ademit.

377 595 501 652 longe
522 596 764 652 gravissima
784 596 828 637 in
850 597 899 639 L.
921 596 1170 645 Quinctium
1194 598 1324 639 oratio
1346 607 1420 647 est,
1443 613 1526 654 qua
1547 598 1580 639 si
1602 613 1770 639 aecusa-

379 662 444 695 tor
464 663 560 695 ante
582 663 738 704 notam,
760 669 847 695 non
868 670 1016 696 censor
1036 664 1130 710 post
1150 664 1307 705 notam,
1325 671 1423 697 usus
1444 664 1564 705 esset,
1586 655 1768 697 retinere

382 710 663 760 Quinctium
653 728 697 753 1n
719 721 867 753 senatu
888 727 941 753 ne
962 712 1088 753 frater
1104 712 1276 768 quidem
1299 713 1349 754 T.
1370 713 1608 762 Quinctius,
1627 713 1660 754 si
1678 722 1768 754 tum

377 785 525 811 censor
551 780 670 820 esset,
696 770 911 826 potuisset.
974 769 1092 811 Inter
1112 778 1251 812 cetera
1272 771 1427 811 obiecit
1447 771 1499 820 ei,
1521 771 1768 827 Philippum

378 827 584 876 Poenum,
614 842 755 868 carum
787 843 834 868 ac
863 827 1003 868 nobile
1034 837 1230 878 scortum,
1261 829 1312 869 ab
1339 828 1477 869 Roma
1509 828 1552 869 in
1587 827 1770 869 Galliam

376 885 634 941 provinciam
674 900 746 941 spe
793 885 1031 940 ingentium
1071 886 1278 927 donorum
1324 886 1588 942 perductum.
1658 885 1770 926 Eum

377 958 568 999 puelum,
601 958 677 999 per
706 942 915 984 lasciviam
937 959 1068 1000 quum
1096 944 1369 994 cavillaretur,
1392 944 1642 1000 exprobrare
1670 958 1771 985 con-

377 1000 456 1041 suli
486 1016 562 1057 per
564 1016 686 1057 saepe
708 1000 890 1050 solitum,
913 1001 1028 1058 quod
1049 1002 1157 1043 sub
1147 1017 1283 1058 ipsum
1306 1001 1589 1058 spectaculum
1610 1001 1770 1057 gladia-

377 1058 530 1099 torium
553 1058 757 1100 abductus
779 1060 830 1099 ab
852 1059 990 1100 Roma
1011 1068 1130 1110 esset,
1145 1068 1191 1100 ut
1209 1060 1456 1125 obsequium
1479 1059 1652 1101 amatori
1668 1074 1770 1100 ven—

376 1116 540 1157 ditaret.
594 1116 717 1158 Forte
740 1116 1038 1182 epulantibus
1028 1118 1090 1167 lis,
1110 1133 1238 1174 quum
1262 1118 1345 1158 iam
1366 1118 1464 1158 vino
1485 1117 1767 1167 incaluissent,

376 1175 617 1215 nuntiatum
653 1174 697 1215 in
731 1175 922 1216 convivio
958 1190 1060 1225 esse,
1092 1175 1277 1217 nobilem
1309 1175 1462 1217 Boium
1499 1190 1595 1216 cum
1628 1175 1769 1217 liberis

376 1232 631 1289 transfugam
663 1233 851 1282 venisse3
895 1233 1119 1274 convenire
1150 1233 1365 1274 consulem
1397 1233 1516 1283 velle,
1548 1241 1596 1275 ut
1631 1233 1682 1274 ab
1719 1248 1769 1275 eo

376 1290 505 1331 fidem
535 1305 730 1347 praesens
761 1290 980 1347 acciperet.
1043 1290 1337 1332 Introductum
1374 1291 1418 1332 in
1454 1290 1769 1332 tabernaculum

376 1363 452 1404 per
486 1348 759 1404 interpretem
791 1348 948 1404 alloqui
985 1349 1200 1390 consulem
1236 1349 1448 1430 coepisse.
1497 1348 1615 1390 Inter
1651 1348 1770 1390 cuius

376 1420 612 1447 sermonem
634 1406 861 1454 Quinctius
882 1415 1030 1456 scorto,
1051 1412 1062 1430 ⁶
1076 1406 1153 1447 Vis
1174 1407 1246 1456 tu,’
1267 1407 1448 1463 inquit,‘
1462 1407 1660 1462 quoniam
1681 1406 1770 1462 gla-

378 1463 631 1505 ‘diatorium
661 1463 947 1520 spectaculum
976 1464 1230 1520 reliquisti,
1219 1479 1299 1505 lam
1334 1464 1446 1505 hunc
1478 1463 1650 1505 Gallum
1680 1479 1770 1505 mo-

378 1527 390 1544 ‘
405 1521 584 1562 rientem
605 1521 770 1562 videre.
761 1522 796 1551 ‘³’
856 1521 912 1562 Et
934 1537 1067 1578 quum
1087 1522 1121 1562 is
1142 1522 1316 1562 vixdum
1338 1522 1445 1563 serio
1466 1522 1693 1571 annuisset,
1716 1521 1770 1562 ad

376 1589 527 1619 nutum
553 1579 677 1620 scorti
698 1578 913 1620 consulem
938 1579 1081 1620 stricto
1103 1579 1256 1644 gladio,
1279 1579 1353 1636 qui
1374 1595 1500 1636 super
1520 1588 1645 1635 caput
1665 1594 1771 1635 pen-

376 1636 515 1687 debat,
552 1636 743 1693 loquenti
779 1636 904 1679 Gallo
937 1646 1064 1693 caput
1097 1638 1279 1693 primum
1315 1637 1580 1694 percussisse,
1613 1636 1769 1678 deinde

375 1694 568 1751 fugienti,
600 1694 813 1750 fidemque
846 1694 993 1752 populi
1023 1694 1220 1745 Romani,
1249 1703 1375 1751 atque
1407 1710 1566 1745 eorum,
1596 1695 1669 1751 qui
1697 1694 1771 1736 ad-

376 1761 506 1803 erant,
540 1752 793 1808 imploranti,
826 1752 933 1794 latus
967 1752 1244 1794 transfodisse.
1307 1752 1501 1794 Valerius
1530 1752 1693 1802 Antias,
1723 1761 1771 1793 ut

376 1810 450 1867 qui
470 1826 550 1852 nec
572 1810 747 1852 Catonis
769 1810 1000 1851 orationem
1031 1810 1210 1866 legisset,
1233 1820 1276 1852 et
1295 1811 1459 1852 fabulae
1484 1819 1648 1851 tantum
1678 1810 1768 1851 sine
1782 1814 1802 1847 6

376 1876 544 1910 auctore
567 1867 704 1909 editae
727 1868 983 1918 credidisset,
1006 1867 1119 1909 aliud
1141 1876 1449 1924 argumentum,
1472 1867 1606 1909 simile
1628 1876 1771 1909 tamen

376 1934 419 1967 et
453 1925 628 1967 libidine
664 1934 707 1966 et
746 1925 1007 1975 erudelitate,
1048 1926 1221 1982 peragit.
1291 1925 1532 1967 Placentiae
1570 1925 1770 1967 famosam

375 1983 608 2033 mulierem,
630 1983 749 2024 cuius
777 1998 916 2025 amore
944 1983 1168 2047 deperiret,
1191 1984 1236 2024 in
1264 1983 1503 2025 convivium
1534 1983 1770 2024 arcessitam

377 2041 531 2083 scribit.
600 2041 665 2082 Ibi
699 2041 924 2083 iactantem
961 2057 1050 2082 sese
1085 2050 1220 2083 scorto
1254 2041 1364 2082 inter
1397 2050 1535 2082 cetera
1567 2040 1768 2091 retulisse,

377 2114 505 2155 quam
527 2099 676 2140 acriter
696 2099 962 2155 quaestiones
983 2099 1249 2149 exercuisset,
1271 2107 1313 2140 et
1334 2114 1460 2155 quam
1483 2099 1636 2140 multos
1657 2098 1770 2155 capi-

377 2157 430 2198 tis
458 2157 678 2198 damnatos
708 2157 753 2197 in
781 2156 959 2198 vinculis
991 2157 1176 2206 haberet,
1200 2172 1305 2213 quos
1332 2157 1466 2198 securi
1498 2171 1770 2213 percussurus

377 2223 495 2256 esset.
558 2215 672 2256 Tum
697 2214 810 2256 illam
831 2215 939 2256 infra
959 2230 1056 2256 eum
1077 2215 1351 2256 accubantem
1373 2229 1558 2271 negasse,
1581 2228 1769 2271 unquam

229 1762 299 1802 43.

422 2341 439 2372 5
462 2335 604 2363 Pawum
618 2334 786 2371 memoria]
814 2333 897 2364 Sunt
917 2334 972 2372 qui
993 2344 1050 2373 pu·

378 2379 449 2406 tant
474 2375 571 2405 huius
600 2375 698 2406 moris
723 2375 852 2406 initium
879 2387 899 2406 a
926 2376 1051 2407 Catone

379 2422 485 2448 ortum
501 2418 608 2449 fuisse.
646 2419 711 2449 Sed
725 2419 840 2449 horum
856 2419 1051 2449 sententiam

380 2470 444 2490 non
473 2461 587 2499 probat
611 2460 776 2498 Dukerus‚
793 2472 893 2500 quum
920 2462 1051 2492 ducenti

380 2502 457 2532 anni
473 2506 530 2532 aut
550 2504 624 2541 plus
639 2507 712 2542 post
727 2504 863 2534 Catonis
884 2514 1051 2535 censuram

380 2544 444 2575 iam
468 2545 678 2582 effluxissent,
697 2556 800 2585 neque
824 2547 931 2577 Latini
955 2547 1051 2586 scrip-

380 2591 465 2617 tores
491 2588 531 2617 de
557 2591 623 2617 tarn
651 2588 745 2627 longo
775 2589 929 2628 temporis
957 2589 1051 2619 inter-

380 2630 466 2660 vallo
484 2639 576 2660 voces
588 2634 722 2669 patrum
737 2633 886 2661 memoria
902 2642 1055 2670 usurpare

380 2673 514 2704 soleant.
562 2672 636 2702 Hoc
658 2683 731 2702 vero
754 2673 936 2703 institutum
960 2674 1055 2704 motis

381 2719 495 2746 senatu
522 2719 614 2745 notas
638 2715 816 2745 ascribendi
842 2715 905 2746 iam
929 2715 1053 2746 obtinu-

381 2758 442 2788 isse
465 2768 549 2788 anno
570 2756 641 2795 683.
661 2758 704 2788 U.
721 2758 772 2795 C„
793 2768 856 2797 quo
874 2758 1002 2788 Gellius
1023 2763 1054 2789 et

382 2800 543 2831 Lentulus
567 2810 713 2830 censores
737 2804 839 2836 erant,
864 2805 988 2831 constat
1013 2811 1051 2831 ex

383 2844 454 2873 loco
481 2842 611 2873 Asconii
638 2843 678 2872 ad
702 2843 911 2882 F1-agn1.Cie.
939 2846 992 2874 Or.
1021 2844 1052 2873 in

381 2889 455 2925 toga
468 2885 606 2916 candida
618 2886 657 2915 de
669 2885 707 2918 C.
720 2886 904 2923 A11t011i0‚a
918 2886 1053 2917 Dukero

381 2928 517 2966 laudati,
554 2932 587 2959 at
624 2938 709 2959 anno
749 2932 781 2959 ct
818 2929 1052 2969 septuagesimo

1096 2338 1208 2374 postea
1233 2333 1345 2365 Livius
1370 2333 1534 2364 historiam
1562 2332 1700 2363 edidisse
1725 2330 1769 2362 vi-

1096 2378 1199 2408 detur.
1267 2377 1368 2413 Hinc,
1403 2380 1439 2406 ut
1484 2374 1770 2406 Drakenborchius

1095 2423 1217 2456 monet,
1247 2419 1272 2449 si
1299 2419 1382 2449 circa
1409 2427 1574 2448 censuram
1607 2417 1708 2448 Gellii
1736 2421 1769 2448 et

1097 2462 1229 2493 Lentuli
1244 2461 1395 2500 ascriptio
1410 2464 1506 2490 notae
1522 2459 1669 2497 invaluit,
1682 2463 1768 2491 recte

1098 2504 1210 2534 Livius
1239 2503 1344 2533 dicere
1374 2503 1491 2542 potuit,

1096 2558 1162 2578 esse
1173 2551 1306 2586 patrum
1322 2547 1481 2576 memoria.

1139 2588 1159 2619 6
1181 2590 1227 2618 Et
1256 2589 1395 2626 fabulae
1425 2612 1432 2619 .
1450 2612 1457 2618 .
1476 2612 1482 2619 .
1500 2612 1507 2619 .
1537 2590 1608 2619 sine
1638 2592 1767 2620 auctore

1099 2632 1219 2669 editae]
1257 2631 1340 2660 Eam
1367 2634 1476 2661 tamen
1504 2631 1688 2670 opinionem
1720 2641 1766 2662 se-

1099 2677 1193 2703 cutus
1212 2677 1259 2703 est
1278 2673 1347 2704 Cic.
1364 2674 1404 2703 de
1420 2674 1545 2705 Senect.
1563 2683 1613 2713 42.
1658 2674 1767 2713 Atque

1099 2716 1196 2746 etiam
1226 2716 1421 2746 Plutarchus
1439 2716 1471 2746 in
1489 2716 1673 2747 Flaminino
1689 2716 1766 2747 veri-

1099 2758 1203 2789 simile
1233 2768 1300 2789 esse
1324 2762 1416 2798 putat
1440 2760 1598 2790 Catonem
1631 2758 1768 2789 voluisse.

1098 2811 1162 2831 rem
1190 2801 1377 2832 atrociorem
1407 2805 1438 2832 et
1462 2801 1697 2832 invidiosiorem
1722 2802 1766 2831 fa-

1099 2854 1180 2877 cere.
1197 2845 1273 2873 dum
1290 2846 1485 2883 transfugam
1504 2844 1621 2874 Boium
1641 2845 1681 2874 ab
1697 2843 1766 2882 ipso

1100 2886 1137 2917 L.
1155 2886 1311 2922 Quinctio
1342 2887 1545 2917 interfectum
1576 2887 1669 2923 dixit,
1702 2896 1765 2916 non

1099 2929 1184 2961 iussu
1201 2929 1268 2961 cius
1284 2939 1383 2960 unum
1401 2940 1440 2960 ex
1457 2929 1625 2961 damnatis.
1649 2929 1755 2961 CREv.

1520 2502 1554 2533 id
1583 2504 1768 2534 institutum
