1960 3218
168 239 213 271 U.
229 239 268 271 O.
290 237 362 278 560.

167 283 206 314 A.
230 283 268 314 C.
295 292 363 323 192.

172 936 352 968 Demetria-

170 981 243 1010 dem
261 991 352 1011 occu-

169 1026 259 1062 pant.

173 2433 314 2464 Mittunt

173 2476 282 2515 copias
300 2477 359 2509 La-

174 2520 340 2550 cedaemo-

174 2571 259 2593 nem.

370 142 454 182 210
881 137 1031 180 ΤΙΤΙ
1072 137 1138 180 LI
1151 137 1250 181 VII

375 237 618 287 exspectare
649 229 878 271 adventum
909 229 1155 270 viderentur
1184 229 1306 286 regis,
1338 229 1562 271 concilium
1595 229 1769 286 quidem

376 289 594 331 universae
625 288 763 345 gentis
792 296 886 344 post
917 287 1109 328 dimissos
1141 287 1356 329 Romanos
1386 303 1473 329 non
1504 287 1766 329 habuerunt:

375 362 452 404 per
472 346 682 404 apocletos
702 354 843 387 autem
864 345 943 402 (ita
963 353 1115 386 vocant
1135 345 1317 386 sanctius
1340 345 1560 387 consilium
1579 361 1588 386 ε
1622 361 1676 387 ex
1697 345 1801 386 de-12

375 405 494 447 lectis
513 412 677 446 constat
692 404 810 457 viris)
826 403 870 444 id
891 403 1116 459 agitabant,
1135 419 1319 459 quonam
1341 403 1466 445 modo
1488 418 1552 444 res
1574 403 1618 443 in
1637 403 1772 444 Grae-

377 463 442 504 cia
462 471 729 505 novarentur.
791 461 910 503 Inter
926 476 1071 502 omnes
1092 462 1320 511 constabat,
1338 461 1383 502 in
1404 461 1641 502 civitatibus
1656 461 1772 517 prin-

377 521 504 577 cipes,
523 520 729 577 optimum
749 534 976 576 quemque,
1001 519 1217 560 Romanae
1239 519 1446 560 societatis
1467 534 1568 569 esse,
1591 528 1634 560 et
1653 534 1773 575 prae-

380 580 489 620 senti
509 587 617 620 statu
640 578 852 634 gaudere:
886 577 1216 627 multitudinem,
1240 586 1282 618 et
1310 592 1489 633 quorum
1510 592 1575 618 res
1603 593 1690 618 non
1718 592 1772 618 ex
1787 598 1804 629 3

379 637 589 679 sententia
608 637 792 692 ipsorum
815 644 966 685 essent,
990 635 1132 676 omnia
1151 650 1304 677 novare
1325 635 1444 676 velle.
1508 635 1651 676 Aetoli
1673 651 1774 676 con-

379 695 519 736 silium
540 710 625 736 uno
654 694 722 735 die
750 693 839 750 spei
867 708 1036 749 quoque
1065 708 1151 734 non
1182 693 1350 734 audacis
1379 693 1518 742 modo,
1541 693 1614 734 sed
1646 694 1806 743 etiam4

379 753 651 810 impudentis,
675 761 890 808 ceperunt,
922 751 1254 801 Demetriadem,
1281 750 1543 800 Chalcidem,
1567 760 1609 792 et
1640 751 1774 792 Lace-

380 811 629 852 daemonem
671 810 919 866 occupandi.
1005 808 1166 865 Singuli
1208 809 1252 849 in
1299 809 1482 865 singulas
1522 809 1635 850 missi
1676 817 1775 850 sunt

379 869 612 925 principes:
648 868 790 909 Thoas
807 866 1069 916 Chalcidem,
1088 867 1377 908 Alexamenus
1394 867 1773 917 Lacedaemonem,

380 927 551 968 Diocles
580 925 910 967 Demetriadem.
974 924 1104 965 Hune
1132 925 1251 965 exsul
1281 924 1559 981 EurylochuS,
1581 925 1634 965 de
1655 925 1775 966 cuius

379 985 478 1040 fuga
498 1000 705 1040 causaque
718 984 841 1040 fugae
857 992 953 1024 ante
976 982 1135 1024 dictum
1160 991 1234 1032 est,
1250 983 1350 1038 quia
1362 982 1522 1024 reditus
1538 983 1582 1023 in
1598 983 1776 1039 patriam

379 1043 496 1084 nulla
525 1057 618 1098 spes
649 1042 728 1082 alia
756 1050 855 1091 erat,
889 1041 1059 1082 adiuvit.
1124 1040 1278 1082 Literis
1310 1040 1541 1097 Eurylochi
1571 1040 1776 1081 admoniti

379 1100 607 1157 propinqui
628 1099 849 1155 amicique,
873 1107 916 1140 et
943 1099 1016 1155 qui
1038 1098 1228 1139 eiusdem
1255 1098 1447 1139 factionis
1469 1106 1600 1148 erant,
1623 1098 1775 1140 liberos

379 1167 423 1200 et
455 1158 680 1214 coniugem
711 1158 799 1198 eius
830 1172 926 1198 cum
957 1156 1127 1197 sordida
1155 1165 1283 1206 veste,
1317 1164 1508 1197 tenentes
1539 1156 1776 1198 velamenta

380 1216 632 1273 supplicum,
670 1215 917 1257 concionem
947 1214 1214 1270 frequentem
1250 1214 1364 1255 adire
1396 1214 1556 1264 iubent,
1590 1214 1776 1271 singulos

380 1275 680 1330 universosque
703 1274 972 1322 obtestantes,
995 1288 1048 1313 ne
1071 1272 1293 1321 insontem,
1315 1272 1608 1313 indemnatum
1630 1287 1776 1314 conse-

380 1347 551 1374 nescere
573 1332 617 1373 in
642 1331 790 1372 exsilio
818 1331 1015 1372 sinerent.
1080 1329 1137 1371 Et
1164 1330 1373 1386 simplices
1401 1329 1593 1371 homines
1615 1330 1776 1371 miseri-

379 1391 534 1439 cordia,
564 1398 606 1431 et
633 1389 844 1445 improbos
872 1388 1172 1444 seditiososque
1201 1387 1466 1429 immiscendi
1493 1403 1558 1428 res
1590 1388 1805 1433 tumultus

380 1448 577 1490 Aetolico
610 1462 703 1503 spes
736 1447 889 1487 movit:
933 1462 1009 1502 pro
1042 1461 1084 1486 se
1117 1446 1295 1502 quisque
1332 1461 1525 1486 revocare
1557 1446 1771 1487 iubebant.

381 1505 462 1548 His
490 1505 755 1562 praeparatis,
779 1504 964 1553 Diocles,
987 1519 1083 1544 cum
1112 1503 1227 1544 omni
1258 1504 1451 1559 equitatu
1472 1503 1535 1558 (et
1563 1511 1652 1544 erat
1674 1512 1774 1545 tunc

379 1564 614 1620 praefectus
647 1562 860 1618 equitum)
893 1561 1031 1617 specie
1067 1561 1310 1601 reducentis
1340 1560 1530 1602 exsulem
1565 1561 1775 1618 hospitem

379 1622 603 1678 profectus,
636 1620 705 1662 die
734 1635 781 1661 ac
809 1628 932 1660 nocte
959 1619 1108 1675 ingens
1138 1619 1217 1659 iter
1244 1633 1451 1668 emensus,
1481 1634 1614 1674 quum
1644 1619 1777 1660 millia

378 1695 452 1721 sex
473 1680 524 1721 ab
547 1679 649 1720 urbe
672 1679 845 1727 abesset,
867 1677 961 1718 luce
982 1677 1118 1733 prima
1138 1677 1270 1718 tribus
1291 1676 1434 1717 electis
1455 1677 1615 1727 turmis,
1637 1685 1777 1718 cetera

379 1737 650 1779 multitudine
665 1736 857 1792 equitum
878 1735 1077 1790 subsequi
1099 1734 1220 1783 iussa,
1243 1735 1480 1790 praecessit.
1542 1734 1774 1791 Postquam

409 1804 523 1837 ortae
555 1794 930 1851 appropinquabat,
963 1792 1128 1833 desilire
1160 1807 1305 1833 omnes
1336 1807 1389 1833 ex
1422 1792 1540 1848 equis
1571 1792 1700 1842 iussit,
1733 1800 1776 1833 et

378 1811 478 1895 foris
499 1853 652 1894 ducere
675 1867 817 1907 equos,
836 1850 996 1892 itineris
1017 1850 1198 1891 maxime
1215 1849 1354 1899 modo,
1372 1850 1516 1891 solutis
1533 1849 1770 1891 ordinibus.

380 1919 429 1952 ut
456 1911 676 1952 comitatus
706 1909 839 1965 magis
869 1908 1064 1965 praefecti
1096 1907 1320 1957 videretur,
1351 1922 1477 1963 quam
1504 1907 1770 1964 praesidium.

382 1968 448 2010 Ibi
470 1984 554 2009 una
575 1983 627 2009 ex
649 1967 795 2009 turmis
816 1967 869 2008 ad
890 1974 1053 2022 portam
1073 1965 1231 2015 relicta,
1249 1980 1302 2006 ne
1325 1965 1494 2006 excludi
1515 1966 1774 2021 subsequens

383 2026 596 2082 equitatus
623 2033 775 2082 posset,
799 2024 939 2065 media
967 2024 1069 2065 urbe
1098 2039 1144 2064 ac
1169 2038 1245 2079 per
1265 2023 1413 2073 forum,
1437 2038 1564 2064 manu
1595 2023 1775 2080 Eurylo-

382 2084 510 2125 chum
527 2092 688 2133 tenens,
703 2082 843 2123 multis
857 2081 1171 2123 occurrentibus
1184 2081 1586 2137 gratulantibusque,
1601 2081 1774 2122 domum

381 2141 571 2183 deduxit.
635 2140 743 2182 Mox
765 2140 956 2196 equitum
977 2139 1103 2195 plena
1122 2139 1220 2180 urbs
1241 2147 1343 2188 erat,
1366 2147 1409 2180 et
1429 2138 1520 2180 loca
1540 2147 1775 2195 opportuna

382 2200 706 2255 occupabantur.
770 2198 884 2239 Tum
911 2197 956 2238 in
978 2197 1124 2238 domos
1151 2196 1278 2245 missi,
1300 2196 1373 2252 qui
1394 2196 1604 2252 principes
1629 2196 1774 2237 adver-

382 2272 450 2299 sae
472 2257 665 2299 factionis
686 2256 985 2297 interficerent.
1048 2254 1114 2295 Ita
1135 2253 1373 2295 Demetrias
1395 2254 1646 2295 Aetolorum
1666 2254 1774 2295 facta

383 2322 455 2356 est.

441 2372 762 2414 Lacedaemone
790 2386 877 2412 non
899 2370 992 2411 urbi
1013 2369 1074 2410 vis
1102 2368 1326 2418 afferenda,
1350 2368 1423 2410 sed
1452 2377 1653 2425 tyrannus
1675 2368 1772 2410 dolo

383 2430 612 2486 capiendus
637 2438 751 2471 erat:
786 2444 926 2484 quem,
948 2426 1171 2483 spoliatum
1200 2426 1417 2467 maritimis
1439 2426 1604 2481 oppidis
1632 2442 1656 2467 a
1685 2426 1774 2468 Ro-

382 2488 527 2538 manis,
551 2496 651 2529 tunc
679 2487 789 2528 intra
810 2485 977 2527 moenia
1004 2484 1130 2525 etiam
1155 2483 1485 2525 Lacedaemonis
1509 2484 1561 2525 ab
1592 2484 1776 2526 Achaeis

428 2619 445 2640 2
469 2608 653 2650 Apooletos]
682 2609 775 2644 Quos
796 2607 913 2639 Latine
934 2607 1056 2638 diceres
1100 2607 1124 2637 si
1142 2607 1212 2646 quis
1228 2617 1318 2647 spem
1338 2610 1465 2637 tantum
1486 2607 1594 2639 animo
1611 2609 1773 2649 concepis-

383 2654 529 2684 selectos:
565 2662 585 2682 a
616 2652 710 2682 verbo
737 2647 912 2688 ἀποκαλέω,
937 2660 1054 2682 sevoco.
1100 2653 1158 2687 set,
1193 2660 1257 2680 non
1294 2660 1361 2680 rem
1396 2650 1498 2689 ipsam
1533 2651 1774 2690 perficiendam,

385 2695 492 2726 CaEv.
1100 2693 1185 2731 quod
1213 2693 1316 2724 fecere
1342 2693 1462 2731 Aetoli,
1488 2703 1650 2733 aggressus
1679 2698 1772 2726 esset.

429 2747 446 2778 3
471 2740 614 2775 Quorum
643 2747 694 2767 res
723 2746 789 2767 non
823 2746 864 2767 ειν
896 2736 1056 2766 sententia
1101 2736 1207 2766 Cum.

384 2782 529 2821 ipsorum
548 2780 669 2817 essent]
697 2778 845 2814 Quorum
869 2788 917 2808 res
938 2788 1001 2807 non
1025 2777 1058 2808 in
1146 2784 1162 2816 5
1188 2778 1389 2809 Immiseemli
1423 2790 1475 2809 res
1507 2780 1649 2810 tumultu
1677 2780 1772 2810 Aeto-

383 2834 421 2854 eo
444 2826 530 2854 statu
553 2826 670 2859 essent,
686 2831 780 2861 quem
805 2823 954 2860 optarent
975 2820 1058 2860 ipsi;
1102 2821 1177 2859 lico]
1213 2820 1379 2851 Turbandi
1405 2831 1454 2852 res
1483 2832 1545 2862 ope
1572 2822 1772 2859 Aetolorum,

384 2876 519 2905 quorum
535 2875 584 2896 res
599 2865 684 2895 male
700 2874 734 2895 se
748 2864 913 2894 haberent.
937 2863 1043 2894 ΟΜΝ.
1103 2863 1156 2901 qui
1176 2863 1353 2894 tumultum
1378 2863 1410 2894 in
1432 2865 1510 2895 urbe
1532 2864 1702 2896 excitaturi
1726 2874 1771 2895 es-

427 2919 446 2946 4
468 2910 543 2949 Spei
561 2906 700 2949 quoque]
729 2906 838 2937 Etiam
855 2905 941 2946 spei:
960 2905 1056 2937 etiam
1103 2909 1182 2937 seut.
1206 2906 1310 2936 (ἷκεν.
