1960 3218
551 178 678 220 LIB.
712 177 911 219 XXXII.
959 176 1107 218 CAP.
1141 180 1208 218 23.
1524 179 1577 218 69

174 285 250 328 pro
272 270 371 320 filio,
386 269 460 311 sed
476 284 550 326 pro
571 269 705 319 hoste,
720 268 976 317 habiturum,
992 267 1118 308 minis
1133 266 1323 324 pervicit,
1341 275 1389 308 ut
1410 276 1576 323 postero
1593 278 1636 310 U.
1654 278 1692 309 C.
1715 287 1731 317 5
1737 288 1788 318 54·

174 329 244 370 die
258 329 534 384 coniungeret
547 327 596 368 iis
610 343 666 377 se,
681 327 756 384 qui
769 326 1017 368 referebant.
1075 325 1163 374 Qui
1177 340 1309 381 quum
1323 324 1464 381 plures
1477 325 1575 367 facti
1591 322 1630 353 Α·
1654 322 1692 353 C·
1718 321 1787 362 I93·

174 386 391 436 referrent,
421 385 615 427 omnibus
643 386 728 426 fere
755 384 920 441 populis
948 383 1063 424 haud
1091 383 1219 424 dubie
1247 383 1577 439 approbantibus

174 444 435 493 relationem,
454 459 501 485 ac
517 458 615 499 prae
632 458 674 484 sc
692 442 935 492 ferentibus,
952 441 1056 498 quid
1069 441 1279 482 decreturi
1296 448 1458 490 essent3
1483 441 1578 498 Dy-

174 502 284 543 maei
305 517 352 542 ac
382 501 744 558 Megalopolitani,
768 509 810 542 et
838 500 1012 556 quidam
1039 499 1309 555 Argivorum,
1332 499 1577 555 priusquam

175 560 392 601 decretum
421 559 552 608 fieret,
575 567 942 608 consurrexerunt,
973 573 1019 598 ac
1044 556 1309 613 reliquerunt
1336 557 1576 607 concilium,

144 635 161 656 2
175 633 313 674 neque
336 617 514 658 mirante
535 617 634 667 ullo,
657 633 797 673 neque
820 616 1096 672 improbante.
1160 614 1275 656 Nam
1297 614 1579 671 Megalopoli-

175 686 307 725 tanos,
333 690 505 717 avorum
537 675 738 716 memoria
764 674 904 731 pulsos
935 674 986 715 ab
1019 672 1381 722 Lacedaemoniis,
1410 673 1579 714 restitu-

175 743 264 775 erat
295 734 340 774 in
370 733 547 790 patriam
574 732 840 789 Antigonus:
875 740 918 773 et
946 731 1163 789 DymaeiS,
1187 731 1320 787 captis
1347 746 1484 787 nuper
1514 731 1579 772 di-

174 791 388 848 reptisque
411 791 462 832 ab
479 791 665 832 exercitu
692 791 901 840 Romano,
920 805 1050 846 quum
1068 789 1218 830 redimi
1236 804 1319 839 eos,
1334 789 1577 846 ubicunque

175 849 390 899 servirent,
425 849 648 906 Philippus
688 849 884 898 iussisset,
921 863 1008 889 non
1049 847 1286 889 libertatern
1328 846 1466 897 modo,
1504 847 1578 888 sed

175 908 301 949 etiam
323 907 514 964 patriam,
536 907 789 948 reddiderat.
852 906 943 948 Iam
966 905 1128 963 Argivi,
1152 914 1445 961 praeterquam
1463 904 1579 962 quod

145 965 466 1007 3Macedonum
494 980 613 1021 reges
645 966 696 1006 ab
727 980 770 1006 se
802 964 1002 1006 oriundos
1033 963 1224 1012 credunt,
1253 963 1425 1020 privatis
1450 964 1578 1004 etiam

177 1024 368 1080 hospitiis
406 1023 685 1079 familiarique
727 1023 910 1064 amicitia
955 1022 1146 1078 plerique
1188 1021 1336 1078 illigati
1377 1021 1579 1078 Philippo

177 1091 306 1123 erant.
373 1080 442 1123 Ob
470 1081 573 1122 haec
599 1081 790 1131 concilio,
814 1080 929 1136 quod
958 1080 1232 1121 inclinaverat
1256 1079 1310 1120 ad
1340 1079 1579 1120 Romanam

177 1140 420 1181 societatem
446 1139 687 1188 iubendam,
714 1147 1009 1180 excesserunt:
1043 1137 1250 1192 veniaque
1279 1137 1329 1178 iis
1359 1137 1485 1178 huius
1516 1152 1581 1178 se-

177 1197 374 1240 cessionis
404 1197 495 1246 fuit,
525 1205 568 1238 et
596 1197 758 1253 magnis
786 1205 829 1238 et
859 1196 1097 1238 recentibus
1128 1195 1320 1252 obligatis
1350 1195 1577 1236 beneficiis.

179 1255 323 1298 Ceteri
350 1255 496 1312 populi
523 1254 807 1304 Achaeorum,
831 1269 963 1310 quum
989 1253 1218 1294 sententias
1244 1262 1578 1310 perrogarentur,
1658 1262 1725 1300 23,

177 1313 420 1355 societatem
441 1328 538 1354 cum
559 1312 706 1354 Attalo
729 1328 775 1353 ac
803 1312 984 1353 Rhodiis
1005 1311 1215 1368 praesenti
1237 1311 1407 1352 decreto
1429 1311 1580 1352 confir·
1595 1318 1793 1348 Pactainter

178 1379 372 1412 marunt:
416 1386 513 1412 curn
546 1370 764 1420 Romanis,
797 1370 897 1426 quia
926 1369 1086 1410 iniussu
1121 1368 1268 1425 populi
1299 1384 1386 1409 non
1416 1377 1580 1425 poterat
1594 1361 1743 1434 sschaeos
1761 1363 1794 1390 Εἴ

177 1438 269 1470 rata
293 1444 394 1479 esse,
424 1429 468 1469 in
498 1428 542 1469 id
571 1437 749 1485 tempus,
776 1444 861 1484 quo
892 1428 1074 1469 Romam
1105 1426 1217 1467 mitti
1244 1426 1371 1483 legati
1396 1436 1578 1483 possent,
1594 1413 1763 1478 5021&ssOE

179 1487 307 1528 dilata
348 1497 420 1528 est.
484 1486 537 1527 In
569 1486 804 1542 praesentia
845 1494 928 1527 tres
964 1485 1122 1541 legatos
1159 1484 1213 1525 ad
1254 1484 1303 1526 L.
1327 1484 1581 1533 Quinctium

147 1545 291 1586 4mitti
317 1544 487 1601 placuit,
511 1553 553 1586 et
581 1544 814 1586 exercitum
845 1558 1016 1584 omnem
1047 1542 1316 1584 Achaeorum
1345 1543 1399 1583 ad
1430 1541 1583 1583 Corin-

149 1612 166 1642 5
181 1603 299 1644 thum
323 1603 560 1652 admoveri3
593 1602 726 1658 captis
745 1601 992 1651 Cenchreis,
1016 1601 1099 1642 iam
1121 1601 1269 1642 urbem
1291 1601 1423 1657 ipsam
1444 1600 1583 1649 Quin-
1596 1611 1773 1643 Corinthus

181 1661 265 1702 ctio
287 1669 573 1717 oppugnante.
1596 1665 1762 1715 oppugna-

241 1718 297 1759 Et
317 1719 361 1759 hi
383 1718 556 1774 quidem
585 1733 607 1760 e
629 1718 801 1774 regione
826 1725 984 1774 portae,
1009 1732 1117 1773 quae
1141 1717 1223 1758 fert
1246 1716 1485 1773 Sicyonem,
1507 1732 1584 1773 po-
1595 1701 1656 1729 tm.

182 1785 358 1818 suerunt
407 1784 551 1817 castra.
616 1776 800 1817 Romani
841 1775 894 1816 ad
938 1775 1180 1816 Cenchreas
1221 1790 1381 1815 versam
1421 1784 1583 1831 partem

182 1835 308 1884 urbis,
333 1834 517 1884 Attalus,
536 1834 729 1875 traducto
752 1849 827 1890 per
847 1833 1055 1874 Isthmum
1074 1833 1275 1882 exercitu,
1299 1834 1350 1874 ab
1373 1833 1583 1883 Lechaeo,

182 1892 351 1933 alterius
369 1892 494 1933 maris
507 1901 645 1949 portu,
661 1892 986 1948 oppugnabant3
1019 1891 1155 1947 primo
1170 1891 1351 1946 segnius,
1370 1900 1585 1947 sperantes

182 1950 433 1991 seditionem
455 1950 568 1991 intus
584 1950 670 1991 fore
693 1951 803 1990 inter
819 1948 1050 2005 oppidanos
1067 1964 1114 1990 ac
1131 1949 1294 2004 regium
1316 1949 1582 2005 praesidium.

183 2008 414 2064 Postquam
435 2023 520 2049 uno
543 2008 684 2048 animo
706 2022 865 2057 omnes,
889 2018 931 2048 ct
954 2006 1214 2047 Macedones
1237 2015 1437 2062 tanquam
1470 2021 1586 2047 com-

184 2080 357 2107 munem
387 2066 565 2121 patriam
602 2066 840 2114 tuebantur,
878 2073 920 2105 et
954 2063 1167 2104 Corinthii
1200 2064 1352 2104 ducem
1388 2064 1586 2120 praesidii

184 2123 544 2172 Androsthenem,
563 2122 677 2163 haud
694 2137 811 2163 secus
825 2137 951 2178 quam
970 2121 1104 2162 civem
1121 2129 1164 2162 et
1185 2121 1382 2176 suffragio
1399 2131 1585 2162 creatum

230 2234 246 2254 2
270 2225 572 2264 Illeffltlopolimnos,
595 2234 728 2254 avorum
752 2233 862 2254 memo-

185 2269 254 2306 ria]
281 2268 486 2304 Cleomenes,
504 2265 781 2297 Lacedaemonius
798 2276 864 2303 rex,

186 2309 423 2349 ll‘legalopolim
455 2309 541 2349 cepit
574 2320 613 2339 ac
643 2309 752 2345 diruit,
782 2312 864 2339 teste

187 2353 302 2393 Polyb.
327 2353 402 2383 libb.
422 2352 454 2384 ii.
473 2361 521 2391 55.
539 2356 571 2382 et
588 2362 616 2382 v,
633 2361 684 2392 93.
730 2351 863 2390 Antigo-

186 2407 246 2426 nus
269 2395 420 2432 restituit,
435 2395 522 2425 haud
546 2405 622 2425 sane
645 2394 785 2424 multum
809 2405 864 2424 an-

186 2442 317 2478 tequam
345 2442 447 2468 morte
471 2449 527 2468 sua
550 2447 683 2477 regnum
710 2436 864 2476 Philippo

186 2482 335 2512 traderet,
362 2481 478 2519 Itaque
490 2480 674 2519 Philippus,
685 2479 739 2518 qui
753 2479 864 2509 etiam-

187 2534 265 2554 num
293 2523 325 2553 in
351 2524 458 2553 medio
482 2524 594 2553 robore
618 2522 732 2552 virium
756 2526 815 2558 est,
833 2526 865 2552 et

189 2577 330 2596 eversam
362 2570 394 2596 ct
421 2565 601 2596 restitutam
630 2565 865 2604 Megalopolim

190 2609 321 2639 viderat.
371 2608 466 2639 Unde
494 2619 556 2638 non
582 2607 658 2637 satis
681 2611 865 2637 accuratam

191 2651 316 2681 videtur
346 2651 458 2681 Livius
490 2655 673 2689 temporum
710 2650 866 2679 rationem

190 2693 320 2729 habere,
336 2704 435 2732 quum
452 2693 484 2723 id
500 2693 622 2723 factum
639 2692 718 2723 dicit
733 2703 867 2723 (warum

190 2737 351 2767 memoria.
376 2737 482 2767 Cum.

235 2787 252 2816 3
278 2779 378 2816 lfs'ffffl
401 2779 440 2808 ab
462 2789 495 2809 se
518 2779 685 2816 oriundos]
717 2778 756 2808 ef.
775 2777 867 2817 Supr.

193 2820 292 2851 xxvii.
312 2830 361 2857 30.

236 2876 255 2902 4
278 2864 333 2893 Ad
355 2863 544 2893 (forintlmm
570 2864 747 2901 admoveri]
797 2863 870 2897 Hic,

195 2910 225 2936 et
244 2906 326 2935 infra
342 2907 384 2935 ml
400 2908 413 2932 (
422 2907 580 2936 &fut-lmus
599 2917 722 2935 versum
745 2911 869 2944 Imrtcm

197 2950 294 2982 urhis,
323 2948 466 2988 plerique
498 2947 605 2986 scripti
638 2948 791 2978 omittunt
819 2950 869 2978 ml.

909 2222 973 2253 Sed
997 2233 1144 2253 veremur
1169 2233 1210 2253 ne
1233 2222 1314 2253 haec
1338 2222 1524 2253 coniectura
1547 2222 1586 2252 sit

909 2266 1166 2301 emendatorum,
1192 2265 1318 2295 Liviani
1345 2265 1442 2295 moris
1464 2265 1585 2304 ignaro-

909 2318 992 2345 rum,
1008 2309 1062 2347 qui
1080 2309 1201 2338 vellent
1224 2307 1322 2338 nostri
1342 2308 1503 2347 scriptoris
1519 2318 1586 2338 ora-

909 2351 1030 2381 tionem
1058 2352 1099 2381 ad
1126 2351 1270 2390 vulgares
1297 2351 1444 2390 plebeiae
1471 2351 1588 2381 Gram-

909 2393 1047 2424 maticae
1074 2394 1159 2433 leges
1174 2393 1309 2433 exigere.
1366 2393 1477 2424 Livius
1502 2393 1588 2423 enim

909 2440 998 2466 amat
1022 2436 1277 2476 praepositiones
1304 2437 1356 2473 ad,
1383 2437 1434 2473 ab,
1461 2436 1588 2466 urbium

910 2479 1093 2509 nominibus
1116 2479 1302 2518 adiungere,
1325 2482 1361 2508 ut
1388 2479 1507 2518 passim
1535 2480 1588 2508 ob-

910 2532 1035 2552 servare
1054 2521 1150 2551 facile
1172 2525 1228 2552 est.
1276 2522 1375 2556 Quod
1399 2525 1524 2560 spectat
1547 2522 1589 2551 ad

911 2564 969 2594 hos
994 2565 1080 2594 locos
1102 2565 1142 2594 dc
1160 2564 1274 2603 quibus
1297 2574 1383 2594 nunc
1406 2564 1540 2603 agimus,
1558 2565 1589 2595 in

913 2607 1015 2647 primo
1043 2607 1201 2646 supprimi
1225 2606 1497 2645 praepositionem
1525 2617 1589 2636 nou

911 2660 1003 2687 aegre
1035 2654 1229 2689 pateremur,
1256 2649 1288 2679 in
1319 2649 1461 2679 secundo
1488 2653 1590 2679 reten-

912 2697 978 2722 tam
996 2692 1153 2731 cupimus.
1179 2692 1286 2722 (ΖΜΝ.

957 2744 973 2772 5
999 2736 1112 2774 (ss'nptix
1128 2735 1310 2767 (senem-eis,
1328 2736 1390 2764 iam
1414 2736 1524 2765 urbem
1543 2736 1589 2773 ip-

913 2779 997 2815 sam]
1032 2777 1182 2815 intellige
1199 2777 1405 2814 Corinthum,
1428 2777 1518 2807 cuius
1542 2788 1589 2806 ur-

915 2820 962 2849 bis
977 2820 1165 2851 Cenchreae
1186 2819 1365 2858 emporium
1382 2824 1472 2849 erant
1489 2824 1520 2849 ct
1538 2830 1591 2849 na-

917 2864 999 2899 vale,
1023 2862 1053 2892 in
1080 2862 1231 2892 Saronico
1255 2861 1338 2899 sinu,
1353 2863 1393 2892 ad
1419 2872 1505 2892 mare
1533 2862 1591 2891 Ac-

916 2916 1009 2945 gcum
1031 2916 1146 2936 versus.
1171 2906 1278 2936 Cuicv.
