1960 3218
151 237 196 269 U.
214 237 252 269 C.
277 238 347 278 562.

149 281 190 312 A.
215 281 253 312 C.
280 291 347 322 ¹90·

215 342 282 381 20.

148 396 273 427 Achaei

149 438 345 479 Pergamum

146 480 330 516 intromissi.

145 1727 271 1757 Achaei

147 1769 304 1809 Pergamo

145 1822 235 1842 0111111
238 1817 331 1852 punt

362 138 444 177 282
884 135 1032 178 ΤΙΤΙ
1074 135 1254 179 LIVII

362 228 455 270 urbi
475 227 683 285 praesidio
705 235 856 278 essent,
876 228 1051 270 navibus
1072 228 1355 279 circumvecti,
1379 228 1587 271 Aemilius
1608 238 1651 271 et
1671 229 1760 271 Eu-

362 301 509 328 menes
530 294 749 327 venerunt.

420 344 505 385 Per
534 343 704 385 eosdem
735 343 840 384 forte
872 343 962 385 dies
992 343 1166 385 Elaeam
1187 359 1241 385 ex
1264 344 1428 385 Achaia
1456 344 1569 385 mille
1595 344 1759 400 pedites

362 417 459 442 cum
482 410 652 443 centum
674 401 900 457 equitibUS,
924 401 1152 457 Diophane
1175 402 1369 443 omnibus
1400 402 1464 443 his
1489 402 1618 458 copiis
1639 417 1759 467 prae-

361 459 511 515 posito,
535 468 819 500 accesserunt:
855 475 959 515 quos
981 474 1164 515 egressos
1190 460 1365 501 navibus
1386 460 1550 501 obviam
1572 460 1685 500 missi
1706 460 1758 501 ab

363 516 510 558 Attalo
536 526 659 559 nocte
682 516 935 572 Peigamum
967 517 1247 558 deduxerunt.
1309 517 1512 559 Veterani
1540 532 1685 558 omnes
1716 525 1759 558 et

360 575 485 631 periti
518 574 617 616 belli
649 583 780 624 013111,
804 583 846 615 01
877 575 965 630 ipse
994 574 1082 615 dux
1110 574 1465 631 Philopoemenis,
1488 575 1639 616 summi
1668 583 1759 616 tum

361 632 552 673 omnium
577 632 764 673 Graecm
768 647 837 672 um
869 632 1143 688 imperatoris,
1166 633 1406 689 discipulus.
1473 633 1560 681 Qui
1581 632 1759 673 biduum

361 689 486 731 simul
518 689 572 731 ad
603 690 789 746 quietem
821 689 1041 730 hominum
1073 705 1376 746 equorumque,
1409 699 1451 732 et
1481 691 1533 731 ad
1565 690 1758 732 visendas

361 747 545 788 hostium
577 747 788 796 stationes,
821 746 973 803 quibus
1004 746 1105 788 locis
1136 748 1478 804 temporibusque
1510 748 1759 789 accederent

360 806 683 861 reciperentque
713 820 815 854 sese,
838 813 1116 869 sumpserunt.
1180 805 1252 846 Ad
1273 805 1433 846 radices
1454 805 1539 846 feie
1562 805 1723 855 collis,
1713 820 1758 845 111

359 878 445 918 quo
467 863 602 918 posita
623 871 684 903 est
705 863 815 911 urbs,
839 862 943 917 regli
972 862 1267 904 succedebant.
1330 862 1396 904 Ita
1416 862 1546 904 libera
1566 864 1617 903 ab
1640 872 1757 918 tergo

359 920 577 976 populatio
606 929 706 970 erat,
737 919 852 960 nullo
884 920 935 960 ab
966 920 1082 969 urbe,
1111 935 1164 961 ne
1196 920 1239 960 in
1269 920 1468 961 stationes
1489 920 1662 976 quidem
1684 920 1758 976 qui

358 977 507 1033 procul
537 977 800 1027 iacularetur,
825 986 1087 1019 excurrente.
1149 978 1380 1034 Postquam
1403 977 1532 1019 semel
1553 977 1758 1033 compulsi

359 1044 477 1076 metu
509 1050 551 1076 se
581 1035 803 1076 moenibus
829 1034 1101 1085 incluserunt,
1127 1044 1393 1092 contemptus
1415 1050 1572 1084 eorum,
1596 1044 1638 1076 et
1658 1034 1757 1076 inde

358 1092 632 1149 negligentia,
652 1092 765 1149 apud
786 1092 922 1148 regios
944 1093 1098 1142 oritur3
1131 1109 1217 1134 non
1240 1102 1399 1143 stratos,
1423 1108 1510 1134 non
1531 1092 1758 1133 infrenatos
1772 1105 1789 1138 5

359 1165 511 1206 magna
542 1166 636 1206 pars
667 1151 879 1192 habebant
907 1166 1048 1206 equos.
1112 1150 1263 1192 Paucis
1294 1151 1348 1192 ad
1379 1166 1493 1192 arma
1521 1159 1563 1191 et
1591 1149 1759 1191 ordines

358 1208 527 1258 relictis,
551 1208 701 1264 dilapsi
723 1208 850 1249 ceteri
878 1217 1112 1264 sparserant
1132 1223 1174 1249 se
1198 1218 1286 1250 toto
1308 1208 1460 1265 passim
1482 1223 1642 1264 campo,
1664 1222 1759 1264 pars

359 1265 402 1305 in
437 1266 650 1307 iuvenales
686 1265 801 1306 lusus
832 1265 1126 1322 lasciviamque
1159 1267 1278 1316 versi,
1311 1281 1404 1322 pars
1434 1274 1650 1307 vescentes
1680 1265 1758 1306 sub

359 1324 519 1373 umbra,
546 1323 719 1380 quidam
749 1338 895 1364 somno
925 1324 1050 1364 etiam
1079 1324 1207 1364 strati.
1271 1323 1390 1365 Haec
1424 1323 1672 1379 Diophanes
1703 1337 1758 1363 ex

359 1380 442 1422 3113
462 1381 564 1422 urbe
586 1381 795 1437 Pergamo
820 1380 1141 1446 contemplatus,
1171 1396 1285 1423 arma
1312 1397 1407 1423 suos
1436 1395 1599 1437 capere,
1631 1389 1672 1421 et
1703 1379 1759 1421 ad

359 1438 470 1480 iussa
499 1448 664 1495 praesto
697 1454 785 1481 esse
818 1438 958 1480 iubet:
992 1439 1080 1504 ipse
1110 1439 1303 1480 Attalum
1336 1439 1453 1488 adiit,
1477 1447 1519 1479 et
1543 1438 1587 1478 in
1615 1437 1757 1479 animo

359 1495 439 1537 sibi
461 1511 549 1538 esse
571 1496 692 1546 dixit,
715 1496 900 1538 hostium
928 1497 1152 1537 stationem
1177 1505 1351 1538 tentare.
1415 1497 1556 1552 Aegre
1588 1495 1632 1536 id
1662 1510 1758 1551 per-

360 1553 555 1595 mittente
593 1554 751 1604 Attalo,
789 1554 947 1610 quippe
985 1555 1059 1611 qui
1095 1563 1267 1596 centum
1307 1554 1519 1610 equitibus
1559 1553 1757 1594 adversus

359 1620 592 1662 sexcentos,
615 1611 730 1653 mille
759 1612 972 1668 peditibus
998 1627 1093 1652 cum
1116 1620 1315 1668 quattuor
1339 1612 1523 1652 millibus
1547 1619 1757 1667 pugnatu-

359 1684 452 1710 ium
474 1679 675 1719 cerneret,
695 1679 815 1734 porta
836 1684 1037 1725 egressus,
1055 1669 1170 1710 haud
1190 1669 1335 1726 procul
1357 1669 1534 1711 statione
1557 1668 1755 1719 hostium,

359 1728 621 1769 occasionem
659 1743 896 1792 opperiens,
931 1727 1131 1768 consedit.
1201 1727 1257 1768 Et
1288 1728 1360 1783 qui
1392 1726 1588 1783 Pergami
1624 1735 1755 1776 erant,

360 1785 587 1827 3111011113111
619 1800 764 1841 magis,
788 1800 915 1850 quam
944 1785 1174 1834 audaciam,
1198 1785 1367 1826 credere
1390 1799 1501 1826 0550;
1536 1792 1578 1825 et
1602 1784 1755 1833 1105105,

358 1842 619 1899 paullisper
609 1858 653 1882 111
682 1858 753 1883 005
781 1843 900 1891 versi,
928 1851 974 1883 ut
1003 1842 1109 1882 nihil
1137 1842 1293 1883 moveri
1325 1842 1534 1891 viderunt,
1563 1856 1641 1882 nec
1677 1841 1757 1896 ipsi

359 1915 586 1965 quicquam
623 1916 676 1941 ex
713 1900 833 1941 solita
865 1900 1134 1955 negligentia,
1169 1900 1340 1964 insuper
1374 1899 1501 1940 etiam
1537 1898 1757 1940 eludentes

358 1958 625 2013 paucitatem,
644 1967 872 1998 11111131·.11111
920 1932 1172 2014 Diophanes
1189 1957 1354 2013 quietos
1368 1956 1630 2022 aliquamdiu
1647 1971 1755 2006 suos,

358 2015 473 2056 velut
503 2015 557 2056 ad
585 2015 869 2071 spectaculum
896 2015 1022 2056 modo
1055 2015 1242 2064 eductos,
1265 2015 1497 2056 continuit:
1534 2023 1758 2070 postquam

358 2072 539 2129 dilapsos
570 2074 621 2114 ab
653 2073 869 2114 01(111111)115
899 2072 1040 2114 1105105
1061 2073 1179 2122 vidit,
1203 2072 1428 2138 peditibus,
1452 2081 1657 2128 quantum
1690 2086 1758 2111 ac-

358 2130 537 2171 celerare
570 2140 753 2186 possent,
786 2130 905 2186 sequi
937 2130 1069 2180 iussis,
1102 2131 1189 2186 ipse
1221 2130 1416 2186 princeps
1452 2130 1562 2170 inter
1593 2128 1757 2184 equites

358 2203 455 2229 cum
485 2198 551 2230 1111
554 2203 622 2229 mi
642 2203 728 2238 5113,
752 2203 879 2244 quam
910 2197 1049 2244 posset
1078 2188 1334 2229 effusissimis
1365 2187 1553 2236 habenis,
1576 2186 1757 2227 clamore

357 2246 408 2286 ab
431 2246 546 2286 omni
572 2245 695 2286 simul
726 2245 868 2301 pedite
898 2254 1024 2301 atque
1047 2246 1190 2301 equite
1216 2245 1393 2294 sublato,
1417 2244 1640 2285 stationem
1661 2243 1757 2283 hos-

359 2303 463 2343 tium
499 2303 723 2359 improviso
760 2303 930 2344 invadit.
996 2302 1097 2344 Non
1140 2302 1332 2343 homines
1367 2302 1514 2351 solum,
1547 2300 1621 2341 sed
1657 2299 1757 2356 equi

357 2360 482 2400 etiam
515 2361 662 2410 territi,
685 2376 818 2416 quum
848 2360 1017 2401 vincula
1047 2360 1322 2416 abrupissent,
1356 2358 1677 2415 trepidationem
1711 2365 1754 2398 et

359 2418 587 2458 tumultum
629 2418 739 2459 inter
779 2433 875 2459 suos
910 2417 1112 2458 fecerunt.
1179 2417 1309 2457 Pauci
1350 2417 1514 2457 stabmt
1554 2414 1757 2470 impavidi

357 2475 456 2530 equi
474 2491 482 2515 :
517 2490 588 2515 eos
609 2475 720 2530 ipsos
742 2491 828 2515 non
850 2484 1048 2524 sternere,
1072 2489 1158 2515 non
1189 2474 1412 2522 infrenare,
1435 2481 1507 2514 3111
1528 2471 1754 2513 ascendere

358 2531 476 2572 facilc
498 2540 704 2587 poterant,
724 2532 857 2573 multo
880 2532 1093 2581 maiorem,
1109 2546 1235 2587 quam
1258 2546 1333 2586 pro
1350 2545 1526 2571 numero
1548 2530 1754 2585 equitum,

359 2597 557 2629 terrorem
592 2589 775 2630 Achaeis
810 2589 1099 2630 inferentibus.
1162 2588 1334 2629 Pedites
1367 2603 1464 2629 vero
1500 2587 1681 2628 ordinati
1714 2594 1757 2628 et

402 2725 418 2754 5
444 2718 647 2756 Infrermtns]
680 2718 768 2747 Nota
785 2718 836 2747 1110
854 2719 1034 2756 infrenatos
1078 2719 1248 2757 infrenare
1271 2719 1341 2750 infr.
1365 2722 1472 2749 noster
1495 2718 1606 2755 utitur,
1629 2727 1755 2748 necnon

358 2760 471 2790 codem
499 2770 604 2796 5011511,
627 2771 690 2799 quo
715 2761 865 2795 frenatos,
888 2761 1034 2799 quamvis
1081 2761 1235 2799 Virgilius
1258 2762 1338 2793 Aen.
1362 2761 1415 2793 xii.
1440 2762 1510 2801 287.
1546 2761 1585 2793 cf.
1603 2760 1659 2791 Sil.
1678 2760 1755 2791 Ital.

359 2812 444 2841 supr.
458 2802 522 2832 xxi.
537 2814 586 2840 44.
620 2803 730 2833 Livius
745 2804 931 2842 opposuerit
946 2805 1033 2843 eqni-
1079 2803 1118 2835 iv.
1138 2812 1208 2844 315.

358 2850 403 2875 tes
413 2845 563 2883 frenatos
579 2849 611 2876 ct
628 2846 817 2884 infrenato-c.
858 2846 920 2876 Sed
938 2847 1033 2876 verbo
