1960 3218
362 163 446 203 214
875 157 1024 200 ΤΙΤΙ
1064 156 1247 200 LIVII

158 261 204 294 U.
221 261 259 293 C.
283 260 354 302 560.
367 248 569 307 oppidani
590 264 722 306 quum
744 247 1025 298 tradidissent,
1047 247 1127 304 ipsi
1147 247 1341 289 omnibus
1368 247 1499 304 copiis
1521 247 1762 304 transgressi

159 305 200 336 A·
223 305 262 337 C.
287 314 356 347 ¹9²·
370 308 592 364 Euripum,
616 307 668 348 ad
693 306 897 363 Salganea
916 313 1147 362 posuerunt
1178 314 1321 347 eastra.
1385 305 1492 347 Inde
1513 305 1764 347 caduceator

232 1420 299 1458 39.

170 1474 346 1511 Quinctius

168 1518 285 1548 frustra

169 1560 341 1599 Magnetas

170 1606 285 1634 tentat.

368 366 566 423 primum,
589 364 744 406 deinde
765 364 892 420 legati
914 364 967 405 ad
989 363 1166 405 Aetolos
1189 363 1303 404 missi
1323 372 1656 420 percunctatum,
1679 377 1764 419 quo

370 439 445 466 suo
467 423 581 464 dicto
608 423 768 464 factove
791 422 891 463 socii
913 430 1038 478 atque
1067 421 1190 463 amici
1211 421 1265 462 ad
1292 437 1334 463 se
1361 421 1667 478 oppugnandos
1693 436 1766 461 ve-

371 482 543 523 nirent?
594 480 835 537 Respondit
862 480 1004 521 Thoas
1032 479 1120 520 dux
1144 479 1407 529 Aetolorum,
1444 479 1571 520 ‘Non
1605 478 1659 520 ad
1692 493 1767 534 op-

374 539 665 596 ‘pugnandos,
688 538 763 580 sed
793 537 847 578 ad
877 537 1116 579 liberandos
1147 538 1198 578 ab
1232 537 1449 587 Romanis,
1486 537 1628 578 venire
1660 551 1762 577 sese.

373 604 385 622 ‘
401 596 696 654 Splendidiore
718 611 832 637 nune
855 610 925 636 eos
947 604 1106 645 catena,
1130 595 1203 636 sed
1226 594 1359 636 multo
1379 595 1581 651 graviore,
1603 595 1768 635 vinctos

372 661 384 680 ‘
397 671 500 705 esse,
524 670 651 711 quam
672 669 805 710 quum
832 653 1088 709 praesidium
1110 652 1398 694 Macedonum
1419 653 1462 693 in
1485 667 1578 693 aree
1599 652 1769 693 habuis-

374 719 508 755 ‘sena
570 712 622 754 Se
659 712 784 761 vero,'
814 726 967 767 negare
1003 710 1317 760 Chalcidenses,
1356 716 1453 751 ‘aut
1488 710 1642 752 servire
1678 709 1767 759 ulli,

374 777 387 795 ‘
400 780 472 812 aut
492 770 701 827 praesidio
722 769 969 825 cuiusquam
991 769 1139 825 egere.'
1198 768 1265 809 Ita
1285 768 1458 825 digressi
1484 783 1537 809 ex
1558 767 1769 823 colloquio

372 829 498 885 legati
520 828 574 869 ad
593 843 700 869 suos.
764 827 906 868 Thoas
923 835 965 868 et
987 826 1143 875 Aetoli,
1165 834 1210 867 ut
1229 826 1303 882 qui
1324 841 1441 882 spem
1458 841 1626 867 omnem
1645 825 1688 866 in
1705 840 1769 874 eo,

373 897 422 928 ut
452 886 676 942 improviso
712 885 1010 941 opprimerent,
1047 884 1303 933 habuissent,
1338 884 1391 924 ad
1423 884 1580 924 iustum
1612 883 1803 925 bellums

374 944 820 1001 oppugnationemque
846 942 959 983 urbis
990 942 1094 982 mari
1119 957 1166 982 ae
1198 949 1308 982 terra
1333 941 1520 982 munitae
1552 941 1772 997 haudqua-

374 1018 501 1059 quam
519 1017 650 1058 pares,
669 1001 843 1042 domum
859 1000 1032 1041 rediere.
1087 999 1380 1056 Euthymidas,
1395 1008 1616 1056 postquam
1639 1007 1773 1040 castra

374 1060 640 1117 popularium
663 1059 716 1100 ad
741 1058 945 1114 Salganea
966 1072 1066 1107 esse,
1089 1057 1382 1114 profectosque
1400 1057 1576 1098 Aetolos
1597 1056 1771 1106 audivit,

377 1127 419 1160 et
449 1119 537 1174 ipse
578 1134 603 1158 a
635 1117 795 1158 Thebis
833 1116 1024 1157 Athenas
1054 1115 1191 1156 rediit.
1256 1115 1313 1156 Et
1347 1114 1605 1164 Herodorus,
1640 1129 1772 1171 quum

375 1191 452 1233 per
479 1175 639 1232 aliquot
664 1175 754 1215 dies
781 1174 969 1215 intentus
994 1174 1045 1214 ab
1072 1173 1273 1214 Atalanta
1292 1173 1459 1229 signum
1488 1172 1773 1228 nequicquam

376 1241 671 1290 exspectasset,
693 1232 816 1273 missa
837 1231 1113 1288 speculatoria
1133 1246 1251 1281 nave,
1274 1239 1333 1281 ut,
1357 1231 1462 1287 quid
1489 1245 1629 1272 morae
1652 1238 1772 1280 esset,

376 1292 512 1341 sciret,
544 1299 766 1347 postquam
802 1305 891 1331 rem
927 1290 1121 1331 omissam
1157 1304 1181 1329 a
1213 1289 1334 1330 sociis
1369 1288 1486 1338 vidit,
1520 1288 1772 1337 Thronium,

376 1349 491 1390 unde
513 1356 697 1397 venerat,
719 1348 884 1404 repetit.

440 1406 667 1455 Quinctius
689 1420 871 1461 quoque,
889 1404 954 1445 his
975 1404 1140 1454 auditis,
1159 1404 1210 1444 ab
1235 1403 1443 1445 Corintho
1464 1404 1637 1444 veniens
1658 1403 1772 1444 navi-

379 1465 469 1514 bus,
498 1465 543 1504 in
575 1462 791 1504 Chalcidis
824 1462 983 1517 Euripo
1016 1461 1199 1503 Eumeni
1227 1462 1315 1517 regi
1342 1461 1531 1502 occurrit.
1594 1460 1773 1510 Placuit,

380 1522 635 1578 quingentos
675 1520 828 1561 milites
867 1519 1065 1576 praesidii
1101 1534 1225 1560 causa
1260 1519 1442 1574 relinqui
1482 1518 1687 1559 Chalcide
1724 1519 1775 1560 ab

381 1580 574 1621 Eumene
606 1594 730 1634 rege:
769 1578 906 1633 ipsum
939 1577 1131 1618 Athenas
1162 1577 1232 1617 ire.
1299 1576 1540 1626 Quinctius,
1566 1592 1650 1632 quo
1681 1591 1777 1632 pro-

379 1639 514 1679 fectus
534 1645 635 1686 erat,
658 1635 978 1677 Demetriadem
999 1634 1237 1683 contendit,
1270 1643 1383 1675 ratus
1403 1633 1652 1675 Chalcidem
1673 1634 1778 1675 libe-

380 1704 511 1737 ratam
534 1694 738 1736 momenti
759 1692 918 1749 aliquid
947 1692 1059 1749 apud
1089 1691 1312 1748 Magnetas
1334 1691 1386 1733 ad
1415 1691 1687 1748 repetendam
1713 1707 1778 1733 so-

381 1754 577 1794 cietatem
621 1752 858 1793 Romanam
898 1750 1113 1791 facturam.
1186 1749 1255 1799 Et,
1293 1760 1341 1791 ut
1381 1749 1577 1805 praesidii
1618 1749 1778 1805 aliquid

382 1819 490 1852 esset
511 1825 609 1851 suae
631 1809 760 1866 partis
780 1808 1033 1857 hominibus,
1058 1807 1254 1848 Eunomo
1275 1807 1456 1863 praetori
1479 1807 1778 1848 Thessalorum

383 1868 558 1924 scripsit,
582 1876 629 1908 ut
645 1874 823 1907 armaret
839 1866 1115 1915 iuventutem,
1131 1874 1173 1906 et
1190 1864 1365 1905 Villium
1384 1865 1436 1905 ad
1459 1864 1779 1906 Demetriadem

382 1925 597 1982 praemisit
618 1925 671 1965 ad
692 1923 915 1965 tentandos
943 1923 1130 1963 animos:
1164 1938 1250 1964 non
1272 1922 1403 1972 aliter,
1425 1923 1505 1963 nisi
1526 1937 1619 1978 pars
1640 1922 1780 1978 aliqua

383 1983 604 2025 inclinaret
625 1982 678 2023 ad
709 1990 946 2037 respectum
974 1981 1173 2037 pristinae
1202 1980 1424 2030 societatis,
1447 1995 1534 2022 rem
1565 1995 1780 2036 aggressu-

383 2056 464 2082 rus.
528 2040 682 2081 Villius
713 2039 1009 2096 quinqueremi
1040 2054 1145 2080 nave
1177 2038 1230 2079 ad
1261 2038 1413 2079 ostium
1446 2046 1590 2094 portus
1621 2047 1683 2079 est
1713 2038 1811 2083 in-9

383 2106 538 2140 vectus.
603 2097 667 2138 Eo
683 2096 910 2138 multitudo
929 2096 1181 2152 Magnetum
1195 2096 1330 2137 omnis
1344 2111 1475 2151 quum
1493 2111 1535 2136 se
1552 2095 1778 2145 effudisset,

385 2156 591 2212 quaesivit
618 2155 784 2203 Villius,
814 2163 956 2195 utrum
984 2154 1037 2195 ad
1065 2154 1232 2204 amicos,
1258 2169 1311 2194 an
1340 2154 1392 2194 ad
1418 2154 1569 2202 hostes,
1592 2168 1680 2194 sese
1709 2168 1776 2194 ve-

384 2214 494 2255 nisse
515 2212 719 2255 mallent?
761 2211 1000 2268 Respondit
1025 2211 1350 2266 hlagnetarehes
1381 2211 1657 2267 Eurylochus,
1682 2210 1780 2251 ‘Ad
1796 2227 1808 2248 1

387 2277 399 2295 ‘
412 2271 568 2312 amieos
588 2270 750 2311 venisse
773 2285 868 2310 eum
888 2285 896 2309 :
928 2269 1001 2310 sed
1023 2269 1250 2310 abstineret
1265 2277 1402 2325 portu,
1422 2277 1464 2310 et
1484 2269 1638 2309 sineret
1656 2267 1779 2324 Mag-

388 2334 534 2370 ‘netas
575 2328 619 2368 in
654 2327 881 2368 concordia
915 2336 956 2367 et
993 2327 1183 2368 libertate
1216 2342 1318 2375 esse,
1351 2341 1429 2367 nec
1466 2341 1541 2381 per
1580 2325 1779 2381 colloquii

387 2386 597 2442 ‘speciem
626 2384 941 2426 multitudinem
971 2383 1236 2425 sollicitaret.⁹
1296 2383 1528 2424 Altereatio
1558 2383 1671 2433 inde,
1693 2398 1780 2424 non

386 2458 535 2491 sermo,
557 2443 659 2484 fuit:
693 2457 824 2498 quun]
848 2442 1066 2483 Romanus
1082 2451 1128 2482 ut
1148 2442 1333 2496 ingratos
1350 2441 1581 2496 increparet
1602 2440 1781 2497 Magne-

386 2511 460 2549 tas,
487 2501 840 2555 imminentesque
869 2499 1130 2555 praediceret
1162 2495 1326 2539 clades:
1363 2498 1590 2539 multitudo
1621 2499 1780 2539 obstre-

385 2567 516 2613 peret,
557 2573 671 2598 nunc
711 2566 917 2606 senatum,
958 2571 1071 2597 nunc
1116 2556 1365 2603 Quinctium
1407 2555 1652 2597 accusando.
1716 2555 1780 2597 Ita

386 2615 502 2656 irrito
520 2615 687 2670 incepto
704 2614 858 2655 Villius
879 2614 933 2654 ad
950 2613 1200 2661 Quinctium
1223 2628 1310 2654 sese
1328 2614 1498 2669 recepit.
1561 2614 1623 2654 At
1643 2613 1780 2662 Quin-

428 2755 448 2785 8
468 2757 594 2785 Iustum
605 2754 738 2791 bellum]
758 2753 890 2783 Bellum
901 2755 1063 2791 apertum,
1107 2752 1147 2782 ad
1165 2751 1280 2781 ostium
1298 2751 1442 2782 accessit.

387 2799 473 2837 quod
505 2797 573 2828 sine
604 2797 716 2826 frande
747 2795 934 2834 insidiisque
962 2795 1061 2825 fieret.
1155 2804 1165 2823 1
1193 2796 1461 2833 Maynetarehes]
1488 2795 1527 2825 cf.
1546 2794 1639 2833 Supr.
1658 2804 1706 2833 31.
1724 2794 1778 2825 ubi

387 2842 494 2872 Cunv.
1108 2837 1356 2875 Magnetarches
1399 2847 1544 2868 sunnnus
1586 2838 1778 2877 Magnetum

431 2893 450 2922 9
475 2884 528 2913 Ad
550 2882 663 2912 ostium
685 2881 814 2920 portus]
846 2880 922 2910 Non
947 2879 1061 2919 ingres·
1106 2880 1309 2920 magistratus
1325 2879 1450 2910 dicitur.

387 2936 442 2956 sus
458 2930 503 2956 est
522 2927 649 2965 portum
667 2925 847 2960 Rornaan
863 2923 917 2953 sed
935 2925 1060 2952 tantum
