1960 3218
387 128 470 166 452
898 121 1047 163 TITI
1085 121 1264 163 LIVII

246 226 285 257 C.
307 214 508 266 571.0mni
539 222 656 271 parte
687 213 935 255 solitudines
965 213 1218 256 clauderent.
1281 214 1431 270 Itaque
1460 229 1591 255 unum
1618 223 1781 256 tantum

183 269 226 301 Α·
249 268 288 301 C·
313 270 579 315 ¹8¹·moratus
599 272 725 321 diem,
748 272 901 327 quietis
929 287 1074 313 eorum
1101 287 1235 321 causa,
1259 287 1364 329 quos
1394 272 1595 313 habuerat
1624 287 1780 322 secum,

396 331 545 372 itinere
567 329 665 371 inde
687 329 812 370 simili
832 330 954 386 fugae
976 330 1021 370 in
1042 330 1320 372 Dentheletos
1352 330 1604 371 transcurrit.
1671 329 1814 371 Sociis

397 396 538 430 erant:
572 387 647 429 sed
667 396 839 445 propter
854 387 1038 444 inopiam
1058 387 1172 429 haud
1193 403 1310 430 secus
1327 403 1452 443 quam
1473 387 1657 429 hostium
1677 388 1783 429 fines

398 445 656 488 Macedones
688 445 877 502 populati
912 454 1019 487 sunt.
1084 446 1305 502 Rapiendo
1339 446 1452 487 enim
1488 446 1639 501 passim
1667 445 1784 486 villas

397 504 594 561 primum,
626 503 725 544 dein
757 503 960 559 quosdam
991 504 1102 545 vicos
1134 504 1261 545 etiam
1293 513 1541 553 evastarunt,
1576 518 1662 543 non
1694 503 1783 543 sine

398 577 551 618 magno
586 561 747 617 pudore
780 561 900 617 regis,
932 576 1063 617 quum
1096 562 1302 602 sociorum
1332 576 1465 610 voceS,
1500 561 1785 617 nequicquam

399 620 500 661 deos
520 619 691 661 sociales
718 634 958 674 nomenque
989 634 1112 659 suum
1141 618 1422 674 implorantes,
1444 618 1618 660 audiret.
1682 618 1785 659 Fru-

399 686 542 719 mento
574 676 672 718 inde
703 676 878 726 sublato,
902 677 946 716 in
968 674 1207 717 Maedicam
1235 691 1454 732 regressus,
1477 677 1635 726 urbem,
1658 689 1785 732 quam

399 735 570 776 Petram
591 734 816 790 appellant,
835 749 1076 790 oppugnare
1099 742 1161 774 est
1182 733 1360 774 adortus.
1405 732 1500 789 Ipse
1522 748 1545 774 a
1565 733 1785 790 campestri

400 793 519 834 aditu
539 801 670 833 castra
689 792 850 848 posuit:
882 791 1082 832 Perseum
1104 791 1238 831 filium
1259 806 1355 832 cum
1376 790 1542 831 modica
1560 805 1688 831 manu
1708 791 1787 832 cir-

400 850 623 899 cummisit,
641 858 688 890 ut
709 864 733 890 a
753 849 1034 905 superioribus
1054 849 1156 890 locis
1177 849 1322 890 urbem
1343 848 1650 905 aggrederetur.
1697 847 1787 904 Op-

399 907 558 964 pidani,
588 922 719 963 quum
751 916 883 948 terror
912 907 1101 962 undique
1132 906 1316 956 instaret,
1349 906 1561 948 obsidibus
1591 905 1711 955 datis,
1743 906 1788 946 in

400 966 635 1022 praesentia
655 964 908 1006 dediderunt
929 980 1028 1006 sese.
1081 963 1230 1014 Iidem,
1252 973 1474 1020 postquam
1495 963 1702 1005 exercitus
1723 978 1788 1004 re-

401 1023 535 1073 cessit,
558 1023 676 1064 obliti
697 1022 902 1071 obsidum,
924 1022 1069 1063 relicta
1089 1023 1205 1072 urbe,
1228 1022 1273 1063 in
1302 1022 1393 1063 loca
1422 1021 1585 1063 munita
1605 1030 1648 1062 et
1668 1036 1788 1065 mone

402 1090 464 1122 tes
494 1081 749 1136 refugerunt.
811 1080 1046 1137 Philippus,
1072 1080 1188 1121 omni
1217 1095 1370 1136 genere
1401 1079 1551 1122 laboris
1581 1079 1670 1120 sine
1701 1078 1788 1120 ullo

402 1139 556 1180 effectu
585 1138 765 1195 fatigatis
796 1138 1011 1189 militibus,
1033 1146 1074 1179 et
1094 1137 1239 1179 fraude
1270 1138 1471 1194 praetoris
1492 1137 1631 1178 Didae
1657 1136 1789 1178 auctis

255 1209 322 1248 23,
402 1197 447 1237 in
467 1196 600 1237 filium
622 1196 938 1252 suspicionibus,
961 1196 1006 1236 in
1027 1195 1325 1237 Macedoniam
1346 1195 1481 1237 rediit.
1545 1194 1701 1235 Missus
1720 1194 1789 1236 hic

402 1270 554 1304 comes,
577 1263 624 1295 ut
644 1263 741 1295 ante
763 1254 923 1295 dictum
945 1262 1018 1303 est,
1041 1269 1172 1309 quum
1193 1253 1502 1309 simplicitatem
1532 1252 1695 1293 iuvenis
1724 1251 1790 1292 in·-

401 1312 527 1362 cauti,
554 1321 595 1354 et
623 1311 707 1353 suis
737 1311 852 1353 haud
878 1311 1088 1352 immerito
1119 1311 1413 1360 succensentis,
1445 1309 1694 1351 assentando
1725 1309 1790 1349 in-

401 1370 699 1426 dignandoque
731 1378 774 1410 et
803 1369 891 1425 ipse
921 1369 1055 1410 vicem
1085 1370 1188 1417 eius,
1210 1377 1409 1424 captaret,
1435 1368 1479 1408 in
1510 1367 1651 1408 omnia
1679 1366 1789 1408 ultro

402 1442 517 1468 suam
549 1427 727 1468 offerens
758 1442 940 1483 operam,
962 1426 1046 1467 fide
1072 1425 1181 1475 data,
1210 1441 1359 1467 arcana
1379 1426 1468 1466 eius
1489 1424 1644 1466 elicuit.
1696 1423 1790 1471 ,Fu-

401 1500 497 1541 gam
529 1485 582 1526 ad
619 1484 833 1526 Romanos
864 1484 1109 1525 Demetrius
1143 1483 1434 1524 meditabatur.
1499 1481 1584 1523 Cui
1617 1481 1790 1522 consilio

401 1542 567 1584 adiutor
588 1543 715 1583 deum
737 1542 942 1583 beneficio
963 1541 1125 1582 oblatus
1145 1541 1364 1582 videbatur
1382 1540 1590 1581 Paeoniae
1612 1547 1789 1595 praetor,

402 1615 478 1656 per
507 1600 625 1641 euius
654 1599 912 1655 provinciam
933 1613 1050 1655 spem
1071 1607 1238 1654 ceperat
1258 1598 1366 1639 elabi
1388 1607 1479 1639 tuto
1500 1612 1630 1653 posse.
1693 1596 1790 1638 Hoc

403 1657 623 1699 consilium
660 1656 872 1713 extemplo
905 1666 947 1698 et
975 1656 1090 1697 fratri
1122 1656 1323 1712 proditur,
1351 1664 1406 1705 et,
1435 1664 1602 1696 auctore
1634 1670 1696 1704 eo,
1726 1654 1791 1695 in-

403 1715 566 1756 dicatur
596 1715 714 1771 patri.
777 1714 945 1755 Literae
970 1714 1153 1770 primum
1175 1713 1228 1754 ad
1249 1713 1511 1755 obsidentem
1533 1712 1702 1754 Petram
1732 1711 1790 1753 al—

193 1787 382 1818 Demetrius
403 1773 510 1814 latae
542 1781 649 1814 sunt.
712 1772 818 1813 Inde
842 1771 1087 1813 Herodorus
1108 1771 1322 1827 (princeps
1353 1771 1421 1811 hic
1451 1770 1679 1811 amicorum
1700 1769 1789 1810 De-

191 1830 299 1870 fugam
315 1831 356 1861 ad
404 1830 542 1872 metrii
570 1830 678 1886 erat)
705 1830 749 1870 in
777 1829 1008 1871 custodiam
1039 1837 1101 1870 est
1130 1829 1356 1878 coniectus,
1379 1837 1421 1869 et
1443 1827 1684 1868 Demetrius
1705 1827 1789 1868 dis-

193 1873 377 1946 ξὲᾝῗᾶἳῖἶ
404 1888 649 1929 simulanter
688 1887 884 1929 asservari
923 1887 1067 1928 iussus.
1131 1885 1250 1927 Haec
1291 1901 1415 1942 super
1455 1894 1593 1926 cetera
1628 1885 1790 1926 tristem

404 1946 631 1987 adventum
656 1946 701 1986 in
723 1944 1020 1986 Macedoniam
1050 1944 1139 2001 regi
1167 1944 1367 1987 fecerunt.
1430 1942 1663 1984 Movebant
1692 1957 1790 1983 eum

403 2013 446 2045 et
465 2003 702 2060 praesentia
721 2003 921 2044 crimina:
955 2002 1258 2059 exspectandos
1279 2010 1433 2050 tamen,
1451 2015 1556 2056 quos
1573 2000 1626 2041 ad
1646 1999 1791 2055 explo-

402 2061 534 2103 randa
554 2061 696 2103 omnia
718 2061 899 2102 Romam
920 2060 1100 2110 miserat,
1123 2060 1329 2101 censebat.
1392 2058 1473 2099 His
1503 2058 1652 2099 anxius
1681 2056 1791 2098 curis

404 2135 534 2175 quum
557 2119 718 2175 aliquot
733 2133 897 2159 menses
918 2118 1081 2174 egisset,
1101 2117 1270 2158 tandem
1291 2117 1429 2173 legati,
1452 2116 1533 2157 iam
1555 2124 1651 2157 ante
1672 2129 1791 2171 prae-

404 2177 615 2218 meditatis
634 2177 679 2217 in
701 2176 967 2225 Macedonia,
985 2191 1092 2232 quae
1114 2176 1165 2217 ab
1184 2175 1322 2216 Roma
1341 2174 1643 2223 renuntiarent,
1665 2187 1791 2214 vene-

404 2244 525 2276 runt:
559 2234 646 2290 qui,
672 2249 796 2290 super
826 2243 965 2275 cetera
994 2233 1161 2283 scelera,
1190 2233 1310 2274 falsas
1340 2232 1466 2274 etiam
1496 2231 1647 2280 literas,
1672 2230 1791 2285 signo

405 2292 641 2334 adulterino
663 2292 714 2333 T.
734 2291 925 2340 Quinctii
946 2291 1138 2347 signatas,
1160 2290 1436 2332 reddiderunt
1465 2289 1564 2343 regi.
1626 2287 1822 2342 Depre-9

405 2350 513 2391 catio
544 2358 632 2390 erat
666 2349 710 2390 in
744 2349 888 2399 literis,
918 2349 951 2389 si
987 2349 1090 2405 quid
1126 2348 1377 2396 adolescens,
1411 2346 1639 2402 cupiditate
1671 2343 1791 2399 regni

406 2407 633 2463 prolapsus,
671 2422 812 2447 secum
848 2406 1009 2462 egisset.
1074 2405 1223 2447 ‘Nihil
1258 2420 1355 2446 eum
1391 2403 1586 2444 adversus
1620 2416 1791 2442 suorum

410 2470 692 2520 ‘quemquam
722 2464 954 2505 facturum:
998 2479 1136 2520 neque
1169 2478 1266 2504 eum
1301 2476 1388 2503 sese
1422 2475 1522 2509 esse,
1558 2459 1631 2515 qui
1667 2458 1791 2499 ullius

407 2522 554 2577 ‘impii
585 2521 746 2561 consilii
778 2531 923 2562 auctor
952 2521 1115 2562 futurus
1145 2520 1276 2560 videri
1311 2518 1465 2574 possit.’
1525 2516 1618 2557 Hae
1646 2516 1791 2557 literae

408 2578 535 2619 fidem
562 2578 704 2619 Persei
736 2578 978 2619 criminibus
1005 2578 1203 2618 fecerunt.
1267 2576 1415 2631 Itaque
1440 2574 1696 2623 Herodorus,
1718 2588 1792 2615 ex-

409 2635 564 2692 templo
587 2635 659 2675 diu
691 2635 965 2684 excruciatus,
988 2635 1075 2675 sine
1106 2633 1261 2674 indicio
1283 2634 1342 2674 rei
1364 2633 1488 2673 ullius
1509 2633 1554 2673 in
1575 2631 1792 2673 tormentis

450 2803 469 2833 8
494 2802 713 2839 Dentheletos]
740 2800 779 2831 cf.
794 2801 886 2839 Supr.
904 2800 1012 2831 xxxix.
1027 2809 1077 2838 53.
1123 2800 1204 2830 etius
1233 2799 1423 2839 Philippum
1450 2801 1572 2837 orabat,
1596 2804 1632 2830 ut
1659 2799 1724 2830 filio
1748 2799 1791 2839 ig-

451 2856 471 2886 9
494 2846 688 2884 Deprecatio
714 2844 801 2881 erat]
838 2844 877 2873 In
904 2843 992 2873 falsis
1017 2843 1080 2873 illis
1123 2848 1278 2880 nosceret,
1292 2843 1404 2882 siquid
1421 2853 1529 2873 secum
1547 2844 1586 2874 dc
1603 2853 1698 2883 regno
1715 2842 1791 2876 olim

410 2888 509 2918 literis
534 2898 643 2926 preces
666 2885 898 2925 erant,‹1uilms
921 2886 959 2916 T.
975 2886 1079 2921 Quin·
1123 2885 1329 2924 adipiscendo
1347 2885 1470 2925 egisset.
