1960 3218
528 184 654 225 LIB.
689 183 931 225 XXXVII.
977 183 1123 226 CAP.
1158 188 1225 225 53.
1480 187 1563 225 309

166 271 418 314 minuendas
448 273 537 315 eius
567 274 720 330 copias,
747 282 1028 323 censuerunt3
1062 282 1192 324 metu,
1222 289 1276 315 ne
1308 288 1406 315 cum
1430 273 1564 315 Gallis

165 329 273 371 foret
292 330 548 372 bellandum.

226 386 356 429 Haud
373 388 506 430 multo
522 397 623 454 post.
632 388 695 430 Μ.
713 389 916 431 Aurelius
935 389 1076 439 Cotta,
1093 389 1255 445 leo-atus
1273 388 1322 430 L.
1342 389 1562 445 Scipionis,

135 455 263 487 5cum
299 446 503 487 Antiochi
539 447 648 502 regis
683 447 843 502 legatis,
878 456 920 488 et
953 446 1169 488 Eumenes
1204 462 1279 488 rex
1318 447 1563 512 Rhodiique

169 502 350 544 Romam
386 514 604 546 venerunt
670 503 799 546 Cotta
834 505 878 545 in
914 514 1062 546 senatu
1097 505 1294 561 primum,
1331 504 1485 545 deinde
1519 505 1565 544 in

167 561 369 602 concione
399 562 513 602 iussu
535 562 723 612 Patrum,
747 578 854 619 quae
877 571 970 604 acta
989 563 1033 603 in
1056 562 1160 604 Asia
1180 574 1332 612 essent,
1355 561 1562 618 exposuit.

169 617 428 683 Supplicatio
464 620 563 661 inde
599 620 644 660 in
678 620 865 661 triduum
899 620 1068 662 decreta
1100 629 1175 670 est,
1210 629 1253 661 et
1286 620 1566 685 quadraginta

1580 283 1624 315 U.
1641 283 1679 315 C.
1703 281 1776 322 563.

1577 327 1617 358 A.
1642 327 1679 358 C.
1706 326 1775 366 189.

1641 394 1708 432 52.

166 676 342 717 maiores
370 677 528 718 hostiae
562 677 769 719 immolari
800 678 948 719 iussae.
1011 678 1124 719 Tum
1158 678 1348 719 omnium
1381 678 1564 742 primum
1578 690 1716 721 Senatus

168 732 352 775 Eumeni
385 744 553 776 senatus
588 735 710 776 datus
744 744 817 777 est.
880 735 922 777 Is
955 751 1088 792 quum
1121 736 1303 777 breviter
1335 744 1378 777 et
1414 735 1566 791 egisset
1579 731 1721 763 Eumeni

135 792 319 847 6gratias
340 791 548 842 Patribus,
574 799 585 817 ⁶
598 793 713 849 quod
734 793 951 835 obsidione
973 809 1016 835 se
1038 809 1086 835 118
1106 793 1275 835 ᾗη11118111
1297 793 1564 842 exemissent,

169 855 457 906 ‘regnumque
499 852 550 892 ab
586 851 749 892 iniuriis
785 851 990 892 Antiochi
1026 851 1355 893 vindicassent.’
1390 860 1433 892 et
1473 866 1567 907 gra-

169 906 324 948 tulatus
345 916 464 957 esset,
499 914 510 932 ⁶
527 909 642 965 quod
664 909 767 950 mari
793 917 984 965 terraque
1011 924 1207 965 prospere
1230 925 1295 950 185
1316 909 1564 965 gessissent3

172 965 397 1030 ‘quod-que
419 981 562 1022 regern
585 966 861 1016 Antiochum,
879 967 1018 1008 fusum
1035 967 1310 1023 fugatumque
1328 976 1370 1008 et
1391 976 1567 1008 exutum

172 1028 183 1046 ⁶
197 1023 352 1072 castris,
374 1024 489 1079 prius
513 1024 694 1080 Europa,
713 1034 808 1080 post
829 1034 870 1065 et
892 1025 1008 1074 Asia,
1027 1040 1134 1081 quae
1157 1025 1215 1066 cis
1238 1025 1426 1065 Taurum
1448 1039 1570 1065 mon-

173 1086 285 1122 ⁶tem
315 1091 390 1130 est,
421 1081 706 1137 expulissent:
741 1083 832 1123 sua’
863 1082 1017 1123 deinde
1051 1083 1228 1123 ‘merita
1259 1081 1381 1123 malle
1414 1097 1484 1123 eos
1515 1097 1569 1122 ex

174 1138 517 1194 ‘imperatoribus
554 1140 637 1180 suis
673 1139 918 1195 legatisque,
953 1155 1079 1196 quam
1116 1154 1184 1181 58
1197 1148 1567 1189 commemmante,

175 1198 481 1251 ‘cognosceres
503 1197 622 1238 dixit.
687 1197 806 1239 Haec
829 1198 1156 1263 appiobantibus
1178 1198 1352 1247 cunctis,
1379 1197 1564 1238 iubenti-

143 1254 334 1310 7busque
360 1254 500 1296 (118818
533 1255 682 1311 ipsum,
706 1255 857 1296 omissa
887 1256 932 1295 in
963 1255 1007 1296 id
1033 1255 1299 1305 verecundia,
1334 1255 1466 1311 ⁶quid
1491 1255 1570 1296 sibi

175 1317 187 1335 ⁶
203 1327 227 1352 a
243 1320 390 1353 senatu
412 1312 654 1368 populoque
674 1313 869 1354 Romano
891 1313 1018 1354 tribui
1035 1328 1218 1378 aequum
1236 1322 1449 1354 censeret:
1473 1328 1571 1369 pro-

141 1370 370 1426 8⁶pensius
401 1370 752 1427 cumulatiusque,
785 1371 818 1412 si
850 1386 934 1427 quo
965 1371 1109 1427 possit,
1141 1380 1267 1427 prout
1300 1371 1389 1412 eius
1422 1371 1572 1411 merita

174 1433 186 1451 ⁶
198 1427 293 1477 sint,
316 1437 508 1469 senatum
529 1428 782 1478 facturumg’
803 1428 856 1469 ad
878 1444 926 1470 ea
947 1444 1045 1470 rex:
1075 1434 1087 1452 ⁶
1103 1428 1145 1470 Si
1169 1429 1220 1470 ab
1242 1428 1331 1469 aliis
1353 1429 1431 1470 sibi
1452 1443 1573 1485 prae-

174 1490 187 1509 ⁶
199 1485 378 1526 miorum
421 1486 535 1542 optio
571 1486 816 1536 deferretur,
853 1486 1046 1536 libenter,
1083 1486 1181 1528 data
1216 1486 1342 1527 modo
1374 1486 1572 1527 facultate

176 1543 449 1585 ‘consulendi
471 1553 661 1585 senatum
682 1544 938 1594 Romanum,
957 1544 1130 1586 consilio
1152 1544 1396 1600 amplissimi
1414 1543 1572 1585 ordinis

176 1606 374 1641 ‘usurum
406 1601 544 1651 fuisse,
574 1617 627 1643 ne
655 1603 759 1658 quid
791 1612 863 1644 11111
891 1602 1164 1643 immoderate
1199 1602 1374 1658 cupisse,
1402 1613 1473 1643 aut
1498 1617 1573 1658 pe-

177 1664 189 1682 ⁶
202 1659 297 1699 11558
314 1674 462 1714 parum
484 1659 670 1701 modeste
688 1660 821 1701 videri
842 1669 1004 1716 posset:
1029 1675 1175 1701 verum
1193 1660 1420 1709 enimvero,
1439 1674 1572 1715 quum

178 1716 281 1772 ‘ipsi
307 1717 445 1757 daturi
470 1718 566 1767 sint,
594 1717 726 1758 multo
752 1719 884 1774 magis
911 1718 1245 1758 munificentiam
1276 1733 1421 1758 eorum
1453 1718 1497 1757 in
1529 1731 1572 1757 se

144 1774 432 1830 9⁶fratresque
461 1790 556 1816 suos
582 1775 767 1831 ipsorum
798 1776 956 1817 arbitrii
986 1776 1138 1817 debere
1168 1775 1282 1817 esse.’
1342 1774 1465 1816 Nihil
1495 1775 1574 1815 hac

177 1832 363 1873 oratione
398 1832 486 1873 eius
520 1833 666 1874 Patres
699 1833 925 1889 conscripti
957 1833 1145 1875 deterriti
1179 1842 1289 1883 sunt,
1317 1848 1401 1889 quo
1435 1832 1575 1873 minus

177 1889 317 1931 dicere
349 1890 486 1945 ipsum
517 1891 737 1932 iuberent:
772 1900 814 1932 et
845 1907 976 1947 quum
1005 1891 1277 1947 aliquamdiu,
1304 1891 1404 1932 hinc
1436 1889 1577 1931 indul-

150 1947 332 2003 1gentia,
364 1948 464 1989 hinc
501 1948 720 1998 modestia,
758 1949 867 1990 inter
901 1949 1190 2005 permittentes
1226 1949 1270 1988 in
1306 1949 1453 1997 vicem,
1489 1962 1576 1988 non

148 2020 165 2040 2
180 2005 310 2060 magis
332 2015 490 2055 mutua,
514 2021 641 2061 quam
671 2007 957 2062 inexplicabili
987 2006 1199 2055 facilitate,
1223 2014 1429 2047 certatum
1454 2014 1574 2054 esset,

148 2076 165 2106 3
181 2061 395 2103 Eumenes
417 2064 574 2119 templo
596 2065 784 2105 excessit.
841 2064 1051 2105 Senatus
1041 2079 1085 2104 m
1107 2063 1256 2104 cadem
1277 2071 1461 2119 perstare
1483 2077 1578 2103 sen-

181 2120 326 2169 tentia,
350 2129 397 2161 ut
429 2121 683 2162 ‘absurdum
713 2137 800 2162 esse
810 2121 1012 2171 ’dicerct,
1047 2122 1266 2177 ‘ignorare
1295 2135 1451 2177 regem,
1475 2119 1579 2176 quid

183 2182 391 2233 ‘spei-anS,
418 2187 490 2219 aut
523 2187 671 2234 petens
704 2179 876 2220 venerit.
943 2178 1064 2227 Quae
1101 2178 1416 2220 accommodata
1447 2192 1579 2233 regno

183 2240 195 2258 ⁶
210 2250 285 2276 suo
307 2235 402 2284 51111,
426 2236 560 2292 ipsum
584 2237 740 2292 optime
770 2237 899 2278 scire:
935 2236 1082 2277 Asiam
1112 2236 1235 2291 longe
1265 2236 1428 2285 melius,
1451 2250 1578 2291 quam

183 2298 415 2342 ‘senatum,
439 2308 570 2334 nosse.
637 2294 942 2335 Revocandum
971 2294 1099 2350 igitur
1126 2303 1168 2335 et
1196 2293 1447 2350 cogendum,
1471 2307 1578 2348 quae

184 2350 348 2399 ‘vellet,
375 2366 569 2407 quaeque
601 2352 786 2401 sentIret,
819 2352 1092 2408 expromere.’
1152 2351 1374 2392 Reductus
1406 2366 1429 2391 a
1459 2365 1579 2407 prae-

1578 777 1682 807 datus.

1656 2351 1723 2389 53.

184 2416 272 2449 tore
306 2408 350 2448 in
384 2409 588 2464 templum
622 2424 710 2459 rex,
745 2418 787 2450 et
820 2409 959 2450 dicere
993 2410 1152 2450 iussus:
1190 2409 1566 2457 ‘Perseverassem,
1571 2406 1705 2438 ’Oratio
1723 2406 1788 2437 Eu-

184 2465 335 2521 mquit,
370 2471 544 2516 ‘tacere,
568 2466 714 2508 Patres
743 2467 981 2523 conscripti,
1004 2467 1085 2508 nisi
1112 2466 1379 2508 Rhodiorum
1407 2465 1582 2522 legatio-

230 2617 246 2647 5
272 2609 467 2649 Rhodiique]
493 2610 555 2640 Vel
573 2610 728 2649 intellige,
742 2611 791 2641 vel
809 2611 861 2640 ad-
908 2614 987 2640 trem
1002 2610 1165 2640 Eumenes
1177 2608 1300 2639 habuit.
1326 2607 1584 2639 cfiinfrmxxvifi.

188 2652 227 2681 de
243 2652 350 2689 lenate.
375 2652 480 2682 CnEv.
913 2662 947 2681 12
966 2656 998 2683 et
1019 2661 1064 2690 13·
1091 2653 1217 2683 RAscn.

231 2692 250 2723 6
274 2694 438 2734 Fratrem]
466 2695 624 2725 Attalum.
956 2705 965 2724 1
993 2697 1085 2725 Inter
1102 2695 1320 2734 permittentes
1341 2695 1377 2724 in
1397 2692 1512 2733 vicem]
1542 2703 1584 2723 sc.

235 2744 250 2774 7
275 2737 316 2766 In
333 2737 381 2773 id]
403 2736 441 2766 In
460 2747 618 2775 praesens,
629 2738 714 2776 quod
727 2737 768 2767 ad
781 2737 865 2767 hanc
912 2738 1093 2767 Eumenem
1112 2741 1143 2767 et
1160 2741 1318 2767 senatum.

190 2789 255 2808 rem
273 2778 398 2808 attinet.
426 2779 534 2809 Uol-211„
956 2790 970 2809 z
996 2779 1242 2819 Ineoeplicabili]
1275 2779 1336 2810 Cui
1353 2779 1463 2809 nullus
1479 2777 1585 2808 termi-

233 2822 251 2849 8
275 2823 310 2850 Si
327 2821 404 2861 quo]
436 2821 596 2860 Intellige,
614 2823 708 2852 modo.
727 2822 766 2853 cf.
780 2833 864 2861 supr.
912 2833 982 2859 nus,
1009 2823 1100 2852 nulla
1131 2822 1291 2852 finiendae
1318 2822 1362 2851 rei
1390 2821 1440 2851 via
1470 2819 1585 2859 reperi-

191 2863 232 2894 iv.
250 2873 274 2894 1.
292 2865 318 2893 si
336 2875 397 2903 qno
413 2865 569 2894 inlentius
584 2865 692 2903 poss-il.
911 2870 1006 2896 retur.

234 2916 253 2946 9
277 2907 473 2946 Fratres-qne
495 2907 583 2943 suos]
621 2906 752 2937 Scilicet
777 2917 865 2946 prae-
957 2918 973 2947 3
1000 2906 1142 2948 Templo]
1171 2918 1212 2938 sc.
1227 2906 1334 2938 Curia.
1367 2907 1404 2936 cf.
1423 2915 1508 2943 supr.
1526 2915 1575 2944 49.

192 2952 240 2978 ter
260 2949 407 2978 Attalum
433 2949 635 2979 Athenaeum
657 2959 784 2988 quoqne
808 2951 865 2979 fra—

1594 2449 1705 2480 menis.
