1960 3218
332 145 415 184 384
851 142 1002 185 ΤΙΤΙ
1043 142 1222 188 LIVII

122 239 168 271 U.
186 241 225 272 C.
247 241 319 281 565
332 242 631 284 conservatam,
649 249 930 276 successorem
951 235 1090 291 ipsum
1111 235 1226 276 omni
1247 249 1401 290 genere
1423 233 1616 275 licentiae
1638 248 1729 275 cor-

122 284 162 314 A.
187 284 224 315 C·
250 284 320 325 Ῐ87·
332 291 491 348 rupisse
512 291 623 333 fama
643 292 850 334 attulerat.
899 292 1054 348 Neque
1077 307 1126 334 ea
1146 292 1233 334 sola
1252 292 1447 333 infamiae
1469 299 1601 341 erant,
1619 306 1727 348 quae

123 473 235 505 Luxus
246 474 322 506 inde
334 472 412 505 tUI'-

122 516 285 547 Romam
277 528 323 548 ¹¹¹
334 521 501 563 invecta
530 523 574 563 in
607 523 755 563 urbem
788 532 860 564 est.

121 563 242 591 vectus.

314 1957 731 1998 ‘senatusconsultum
769 1958 925 1998 factum
963 1966 1037 2007 est,

333 364 377 389 m
410 350 626 405 provincia
657 349 804 406 procul
837 350 889 392 ab
922 350 1052 391 oculis
1087 350 1195 391 facta
1229 351 1530 391 narrabantur:
1571 349 1646 390 sed
1679 364 1728 390 ea

334 407 459 447 etiam
484 408 626 463 magis,
650 423 758 463 quae
782 408 827 448 in
850 407 1054 449 militibus
1079 408 1169 449 eius
1196 407 1385 464 quotidie
1412 406 1728 472 conspicieban-

476 464 691 506 Luxuriae
713 465 825 506 enim
851 465 1095 521 peregrinae
1118 466 1234 522 origo
1255 466 1306 506 ab
1328 465 1517 506 exercitu
1539 463 1727 505 Asiatico

924 522 961 563 Ii
992 523 1174 578 primum
1180 500 1335 564 ζ1100105
1366 531 1538 572 aeratOS,
1567 531 1760 564 vestem6

332 579 558 636 stragulam
580 580 818 636 pretiosam,
841 579 1041 635 plagulas,
1064 589 1107 621 et
1128 580 1208 620 alia
1230 579 1403 629 textilia,
1426 589 1481 629 et,
1504 594 1612 635 quae
1635 588 1726 620 tum
1743 591 1759 623 7

331 637 580 693 magnificae
614 637 882 693 supellectilis
912 637 1185 686 habebantur,
1218 637 1473 693 monopodia
1502 646 1545 678 et
1577 637 1758 677 abacos8

332 694 514 736 Romam
540 695 812 736 advexerunt.
876 694 1000 735 Tunc
1029 694 1220 750 psaltriae
1249 694 1660 750 sambucistriaeque,
1683 703 1758 744 et9

331 752 565 793 convivalia
600 752 821 792 ludionum
856 751 1164 792 oblectamenta
1195 752 1338 793 addita
1371 751 1530 808 epulis:
1576 751 1724 807 epulae

332 825 501 865 quoque
526 810 637 865 ipsae
660 818 702 850 et
730 824 829 850 cuia
856 817 898 849 et
925 818 1096 864 sumptu
1124 809 1278 850 maiore
1307 824 1496 865 apparari
1523 818 1722 874 coeptae:

333 875 423 907 tum
440 882 612 932 coquus,
629 866 875 907 vilissimum
893 866 1076 922 antiquis
1093 867 1350 931 mancipium
1373 875 1415 907 et
1436 866 1724 907 aestimatione

332 933 375 964 et
408 940 498 973 usu,
533 925 576 964 in
610 924 745 980 pletio
775 939 889 972 esse3
935 932 989 973 et,
1024 924 1138 979 quod
1171 924 1448 965 ministerium
1481 924 1627 973 fuerat,
1662 939 1726 964 ars

332 981 477 1022 haberi
498 990 657 1037 coepta.
720 980 807 1021 Vix
833 990 975 1022 tamen
999 980 1081 1031 illa,
1105 997 1212 1037 quae
1236 990 1324 1022 tum
1347 981 1724 1036 conspiciebantur,

333 1039 493 1080 semina
513 1048 630 1080 erant
648 1039 809 1079 futurae
831 1038 1033 1079 luxuriae.
1087 1038 1139 1079 In
1158 1039 1369 1095 triumpho
1387 1039 1482 1080 tulit
1501 1039 1581 1080 Cn.
1600 1038 1726 1079 Man-

332 1096 412 1137 lius
453 1112 626 1138 coronas
662 1112 822 1146 aureaS,
860 1096 1044 1137 ducenta
1083 1096 1309 1137 duodecim
1345 1096 1513 1152 pondo:
1563 1096 1725 1152 argenti

329 1154 472 1210 pondo
501 1154 684 1195 ducenta
711 1154 861 1209 viginti
889 1153 1043 1194 millia:
1079 1154 1168 1194 auri
1188 1154 1331 1210 pondo
1357 1153 1441 1195 duo
1469 1153 1600 1195 millia
1627 1169 1725 1195 een-

331 1220 420 1252 tum
447 1212 549 1252 tria:
584 1211 940 1252 teir-adiachmum
964 1211 1156 1252 Atticum
1185 1221 1357 1252 centum
1385 1211 1534 1267 xiginti
1563 1221 1724 1267 septem

330 1269 483 1310 millia:
518 1269 802 1324 cistophorum
828 1268 1011 1309 ducenta
1036 1269 1368 1325 quinquaginta:
1403 1269 1723 1334 Philippeorum

329 1342 477 1367 ’1111001
482 1341 549 1367 nm
572 1341 842 1367 nummorum
863 1325 1076 1366 sexdecim
1098 1327 1228 1367 millia
1249 1335 1457 1382 trecentos
1478 1326 1651 1382 viginti:
1682 1335 1724 1367 et

330 1399 444 1424 arma
460 1384 676 1440 spoliaque
694 1384 826 1424 multa
845 1383 1021 1432 Gallica,
1041 1384 1249 1439 carpentis
1274 1380 1515 1425 transvecta.
1579 1383 1723 1425 Duces

328 1441 510 1482 hostium
534 1441 618 1482 duo
640 1450 682 1482 et
699 1441 1006 1496 quinquaginta
1027 1441 1142 1482 ducti
1164 1450 1259 1482 ante
1282 1457 1462 1482 currum.
1513 1440 1723 1482 Militibus

329 1498 618 1554 quadragenos
646 1499 766 1540 binos
797 1498 989 1539 denarios
1015 1498 1168 1548 divisit,
1195 1499 1353 1555 duplex
1385 1498 1646 1547 centurioni3
1681 1507 1723 1540 et

327 1556 585 1612 stipendium
621 1556 779 1611 duplex
815 1556 859 1595 in
900 1555 1064 1611 pedites
1100 1556 1230 1605 dedit,
1269 1556 1421 1612 triplex
1461 1557 1505 1596 in
1546 1556 1720 1611 equites.

327 1612 458 1654 Multi
490 1614 676 1654 omnium
710 1613 920 1662 ordinum,
944 1613 1088 1654 donati
1121 1614 1367 1654 militaribus
1393 1613 1525 1663 donis,
1553 1629 1722 1654 currum

326 1671 459 1711 secuti
480 1679 588 1711 sunt.
656 1670 940 1726 Carminaque
975 1686 999 1710 a
1032 1671 1234 1712 militibus
1268 1687 1317 1712 ea
1350 1671 1394 1711 in
1427 1671 1722 1727 imperatorem

326 1728 450 1777 dicta,
474 1738 520 1769 ut
547 1728 666 1769 facile
699 1738 929 1784 appareret,
957 1728 999 1767 in
1029 1728 1177 1769 ducem
1208 1728 1501 1784 indulgentem
1530 1729 1723 1770 ambitio-

326 1801 502 1841 sumque
540 1801 589 1826 ea
624 1786 734 1834 dici3
782 1785 1041 1841 triumphum
1080 1801 1166 1826 esse
1204 1786 1372 1826 militari
1406 1786 1536 1842 magis
1568 1786 1720 1835 favore,

326 1859 450 1898 quam
474 1842 678 1898 populari,
702 1843 921 1883 celebrem.
989 1842 1073 1883 Sed
1101 1843 1153 1883 ad
1181 1843 1326 1899 populi
1349 1859 1570 1899 quoquot,
1546 1859 1593 1883 (ri
1595 1844 1721 1884 atiani

326 1900 631 1941 conciliandam
659 1900 782 1941 amici
806 1900 958 1940 Manlii
980 1900 1226 1941 valuerunt:
1261 1901 1412 1956 quibus
1434 1901 1721 1942 annitentibus

1087 1958 1178 1999 ‘Ut
1213 1974 1266 1999 ex
1302 1959 1493 2014 pecunia,
1527 1974 1634 2014 quae
1676 1959 1720 1999 in

327 2015 568 2072 ‘triumpho
601 2015 798 2056 translata
830 2025 949 2065 esset,
979 2015 1251 2071 stipendium,
1282 2015 1479 2057 collatum
1511 2031 1534 2057 a
1564 2016 1719 2072 populo

368 2137 387 2168 6
412 2140 520 2169 Lectos
540 2137 682 2177 aeratos]
712 2138 863 2177 Intellige
889 2139 1000 2175 lectos,

325 2181 357 2210 in
375 2181 489 2220 quibus
510 2181 672 2219 epulaturi
695 2181 946 2218 discumberent,
964 2185 997 2210 ut

1046 2148 1085 2168 ex
1101 2138 1272 2179 Porphyrii
1288 2139 1381 2169 dietis
1394 2139 1425 2169 in
1442 2139 1623 2170 Ptolemaei
1636 2140 1720 2170 Har-

1045 2181 1173 2211 moniea
1202 2185 1350 2221 apparet,
1377 2182 1573 2221 triangulum
1604 2182 1719 2212 instru-

325 2227 414 2262 patet
432 2234 470 2253 ex
490 2223 573 2253 Plin.
594 2224 638 2253 H.
658 2223 701 2253 N.
718 2223 827 2253 xxxiv.
844 2233 871 2262 3.
889 2224 943 2262 qui
960 2224 999 2253 de

326 2265 387 2295 hoe
417 2266 486 2305 ipso
519 2265 645 2295 Manlio
676 2275 784 2304 agens,
815 2266 893 2295 dicit
924 2276 997 2296 eum

325 2308 464 2347 primum
490 2308 629 2338 triclinia
653 2312 761 2338 aerata
787 2309 927 2339 Romam
954 2308 999 2338 in-

326 2350 456 2381 vexisse.
481 2350 587 2381 Cnssv.

372 2401 386 2431 7
412 2394 587 2431 Pla-mdclx]
616 2393 701 2423 Vela
723 2397 754 2423 et
775 2393 915 2430 textilia,
932 2394 999 2432 qui-

325 2436 384 2464 bus
401 2436 534 2465 lecticae
547 2440 578 2465 et
592 2435 667 2465 lecti
681 2435 933 2466 intendebantur
944 2440 999 2465 aut

323 2477 582 2515 involvebantur,
612 2478 642 2507 h.
672 2478 692 2507 l.
723 2478 857 2516 intelligi
890 2482 998 2508 censet

326 2519 495 2549 Turnebus
512 2520 643 2549 Advers.
662 2520 680 2550 i.
700 2530 749 2560 ²9·
771 2521 826 2550 sed
844 2520 998 2550 Dukerus

325 2562 450 2591 mavult
472 2562 588 2591 aulaea
611 2562 658 2591 rel
684 2566 821 2600 tapetas,
837 2572 919 2601 quae
944 2573 997 2601 pa-

325 2604 456 2634 rietibus
469 2607 499 2633 et
517 2604 607 2633 lectis
619 2604 887 2641 obtendebantur,
900 2615 996 2643 qumn

326 2647 397 2676 vela
414 2646 610 2676 lecticarum.

368 2690 386 2718 8
417 2688 631 2727 illonnpnrlia]
667 2700 708 2719 se.
742 2689 887 2725 Mensae,
918 2699 999 2727 quae

325 2742 390 2761 uno
408 2732 489 2770 pede
505 2731 754 2767 sustinebantur,
767 2742 849 2769 quae
866 2742 904 2760 ea
919 2735 998 2761 tem-

326 2778 449 2813 pestate
478 2773 714 2813 pulcherrimae
744 2777 775 2803 et
801 2773 998 2804 lautissimae

325 2817 546 2847 censebantur.
570 2816 722 2846 Tenum.

383 2869 401 2899 9
439 2857 768 2898 Sambacis-tristeque]
843 2858 999 2889 Mulieres

325 2901 517 2932 Sambucam
548 2902 721 2941 pulsantes.
766 2902 936 2938 sambuca,
963 2907 996 2931 ut

1044 2229 1190 2253 mentum
1217 2228 1296 2261 erat,
1321 2225 1406 2263 quod
1432 2235 1471 2255 ex
1496 2225 1720 2263 inaequalibus

1045 2266 1257 2305 longitudine,
1273 2267 1355 2296 sicut
1372 2271 1403 2297 et
1417 2267 1637 2305 crassitudine,
1650 2278 1718 2297 ner-

1046 2308 1093 2338 vis
1109 2309 1316 2339 efficiebatur.

1092 2361 1103 2380 1
1130 2353 1279 2382 Ducenta
1304 2353 1558 2392 quinquaqinta]
1594 2352 1718 2392 Supple

1045 2393 1159 2424 millia.
1184 2394 1290 2424 0111113

1089 2445 1104 2465 ‘z
1127 2437 1345 2474 Slipendium]
1366 2436 1550 2473 Tributum,
1563 2447 1580 2466 a
1595 2438 1717 2476 populo

1043 2478 1074 2507 in
1092 2478 1286 2516 stipendium
1307 2478 1446 2507 militum
1468 2479 1635 2516 collatum,
1652 2479 1671 2510 i.
1689 2490 1715 2511 e.

1043 2530 1081 2550 ex
1103 2530 1166 2558 quo
1183 2524 1249 2550 erat
1266 2520 1475 2559 stipendium,
1490 2521 1520 2551 h.
1540 2522 1559 2552 l.
1582 2522 1716 2562 intelligi

1043 2566 1151 2592 censet
1170 2563 1333 2599 Dukmus,
1347 2574 1445 2601 quum
1463 2573 1546 2602 supr.
1562 2564 1650 2594 xxiii.
1665 2567 1715 2603 48.

1042 2606 1234 2644 stipendium
1253 2605 1313 2635 1100
1330 2616 1424 2635 sensu
1438 2611 1617 2645 usurpetur.
1652 2607 1715 2637 Sed

1046 2647 1227 2677 Crevierius
1244 2651 1273 2677 et
1293 2648 1579 2679 Drakenborcliius
1594 2650 1715 2680 nodum

1044 2689 1305 2728 inexplicabilem
1340 2700 1407 2720 esse
1437 2691 1590 2728 fatentur,
1615 2702 1715 2730 quum

1045 2731 1201 2770 pecuniae
1233 2742 1290 2771 per
1319 2733 1439 2762 bellum
1474 2734 1635 2764 Punicum
1669 2745 1715 2765 se-

1045 2775 1184 2804 eundum
1202 2785 1220 2804 a
1238 2775 1369 2813 privatis
1390 2776 1527 2806 collatae
1547 2776 1610 2806 iam
1631 2777 1715 2807 solu-

1044 2820 1097 2846 tae
1113 2821 1217 2847 essent
1233 2828 1316 2857 supr.
1331 2818 1444 2849 xxxiii.
1459 2828 1508 2856 42.
1524 2829 1629 2857 neque
1643 2823 1714 2858 post

1046 2859 1170 2889 finitum
1196 2860 1274 2890 illud
1297 2861 1420 2890 bellum
1441 2860 1497 2890 tali
1519 2861 1640 2891 auxilio
1656 2872 1714 2891 un-

1043 2912 1138 2941 quam
1157 2903 1337 2941 respublica
1355 2903 1476 2942 eguisse
1492 2908 1698 2934 memoretur.
