1960 3218
564 149 692 191 LIB.
722 149 990 194 XXXVIII.
1035 152 1183 195 GAP.
1208 157 1276 196 38.
1538 157 1621 196 355

190 252 203 277 1
220 241 232 261 ‘
243 252 316 294 gas
332 249 674 296 armamentaque
692 255 835 281 earum
850 257 859 282 :
891 257 997 283 neve
1013 242 1166 298 plures,
1182 259 1309 299 quam
1325 243 1474 286 decem
1491 260 1619 286 naves
1635 255 1679 287 U.
1696 256 1736 288 C.
1757 256 1833 297 564·

219 300 233 318 ‘
245 297 473 338 actuarias:
509 312 684 353 quarum
718 298 834 339 nulla
852 298 947 354 plus
968 315 1095 355 quam
1119 302 1290 358 triginta
1310 302 1435 343 remis
1456 311 1618 359 agatur,
1630 299 1671 330 A·
1695 300 1735 332 C·
1760 301 1830 332 188.

219 353 420 395 ‘habetoz
454 370 559 396 neve
586 370 801 396 monerem
824 371 877 397 ex
898 356 998 398 belli
1020 373 1156 408 causa,
1179 359 1296 415 quod
1316 360 1404 416 ipse
1426 359 1617 402 illaturus

219 411 333 452 ‘erit.
403 412 524 453 Neve
560 413 754 468 navigato
786 413 890 454 citra
922 414 1230 471 Calycadnum,
1262 432 1368 458 neve
1409 416 1617 474 Sarpedo-

219 468 375 518 ‘nium,
397 471 709 525 promontoria:
743 481 862 512 extra
883 487 1024 527 quam,
1051 473 1084 513 si
1113 489 1198 529 qua
1227 475 1345 515 navis
1375 476 1614 530 pecuniam,

218 526 513 582 ‘stipendium,
551 536 623 568 aut
662 527 834 583 legatos,
876 539 948 570 aut
989 530 1154 572 obsides
1194 532 1388 587 portabit.
1453 532 1615 574 Milites

218 584 436 625 ‘mercede
473 585 740 626 conducendi
777 601 829 627 ex
866 587 915 627 iis
949 588 1160 643 gentibus,
1195 605 1302 645 quae
1339 589 1416 631 sub
1451 590 1613 641 ditione

217 641 387 697 ‘populi
406 642 590 683 Romani
611 652 722 692 sunt,
739 643 954 685 Antiocho
975 646 1063 701 regi
1084 646 1147 687 ius
1169 662 1222 687 ne
1244 656 1356 688 esto:
1391 662 1444 688 ne
1466 647 1615 689 volun-

217 699 367 740 ‘tarios
395 700 569 756 quidem
602 700 847 756 recipiendi.
912 702 1178 744 Rhodiorum
1212 705 1472 746 sociorumve
1505 720 1613 761 quae

216 756 366 797 ‘aedes
401 757 676 814 aedificiaque
710 758 820 800 intra
855 758 961 800 fines
993 762 1113 816 regni
1150 761 1356 803 Antiochi
1388 771 1498 812 sunt,
1529 778 1614 819 quo

215 813 330 855 ‘iure
353 825 450 856 ante
472 815 629 857 bellum
647 816 830 866 fuerunt,
845 832 896 858 eo
914 817 1179 860 Rhodiorum
1198 820 1457 861 sociorumve
1475 829 1611 862 sunto.

216 876 228 894 ‘
244 870 288 912 Si
310 887 418 928 quae
446 874 651 929 pecuniae
678 874 899 924 debentur,
922 890 1065 916 earum
1091 877 1255 918 exactio
1276 887 1376 919 esto.
1443 877 1487 920 Si
1509 878 1615 934 quid

216 929 425 971 ‘ablatum
459 939 532 980 est,
567 931 611 972 id
647 932 939 987 conquirendi,
974 935 1269 989 cognoscendi,
1306 935 1613 992 repetendique

216 987 304 1028 ‘ius
326 987 427 1029 item
450 998 549 1030 esto.
604 988 649 1030 Si
670 1004 773 1045 quas
794 990 929 1040 urbes,
945 1006 1048 1047 quas
1070 991 1177 1033 tradi
1199 1002 1377 1048 oportet,
1400 993 1430 1033 ii
1451 1001 1612 1043 tenent,

216 1045 393 1100 ‘quibus
415 1046 656 1088 Antiochus
677 1047 809 1097 dedit,
832 1057 874 1088 et
896 1063 948 1089 ex
970 1049 1019 1089 iis
1040 1050 1247 1105 praesidia
1267 1050 1494 1100 deducit03
1530 1051 1613 1092 uti-

216 1108 228 1126 ‘
241 1118 324 1158 que
360 1112 472 1145 recte
509 1104 738 1154 tradantur,
776 1114 932 1147 curato.
1004 1107 1184 1162 Argenti
1225 1108 1346 1164 probi
1385 1108 1612 1149 duodecim

216 1160 372 1202 ‘millia
393 1162 539 1203 Attica
561 1162 718 1203 talenta
738 1162 836 1204 dato
858 1163 968 1204 intra
989 1163 1215 1205 duodecim
1237 1181 1369 1206 annos
1399 1166 1614 1222 pensioni-

183 1236 200 1256 ἰ
217 1218 318 1260 ‘bus
340 1219 497 1275 aequis,
521 1220 748 1275 (talentum
769 1236 822 1261 ne
845 1221 984 1262 minus
1004 1222 1149 1278 pondo
1171 1226 1386 1279 octoginta
1410 1224 1614 1265 Romanis

216 1276 497 1332 ‘ponderibus
518 1278 696 1333 pendat)
717 1287 759 1319 et
781 1278 909 1319 tritici
930 1279 1163 1335 quingenta
1184 1281 1463 1337 quadraginta
1483 1281 1615 1323 millia

216 1339 228 1357 ‘
240 1334 442 1375 modium.
506 1335 690 1377 Eumeni
711 1336 800 1392 regi
823 1336 981 1377 talenta
1002 1346 1190 1378 trecenta
1211 1339 1522 1395 quinquaginta
1548 1340 1614 1380 in-

182 1409 199 1439 3
215 1397 303 1432 ‘tra
323 1390 665 1449 quinquennium
687 1393 808 1434 dato:
843 1403 886 1435 et
912 1409 988 1450 pro
1018 1395 1244 1446 frumento,
1274 1397 1390 1451 quod
1422 1397 1614 1438 aestima-

215 1455 227 1473 ‘
241 1449 354 1491 tione
375 1450 460 1500 fiat,
484 1450 642 1492 talenta
662 1461 832 1497 centum
856 1451 1004 1508 viginti
1026 1462 1198 1509 septem.
1253 1452 1434 1496 Obsides
1456 1454 1615 1496 Roma-

215 1507 304 1548 ‘nis
324 1508 475 1564 viginti
495 1508 607 1558 dato,
630 1518 673 1550 et
694 1509 876 1550 triennio
905 1518 1066 1551 mutato
1084 1526 1094 1559 3
1128 1526 1181 1552 ne
1208 1511 1391 1553 minores
1413 1522 1613 1554 octonum

261 1684 272 1704 1
298 1677 390 1707 Neve
409 1677 534 1716 plures,
549 1687 645 1717 quam
666 1677 769 1708 decem
793 1687 892 1707 *naves

214 1720 397 1757 actuarias]
421 1719 487 1749 Hic
504 1719 650 1749 dissentit
665 1719 776 1749 Livius
791 1729 811 1749 a
828 1720 888 1749 Po-

981 1687 996 1707 2
1026 1678 1193 1708 Talentum
1214 1688 1256 1709 ne
1280 1679 1389 1709 minus
1407 1679 1513 1718 pondo
1535 1682 1613 1709 octo-

932 1720 1044 1760 ffl'nlu]
1073 1720 1140 1750 Hic
1163 1721 1252 1751 locus
1272 1721 1353 1751 mire
1369 1721 1495 1751 criticos
1511 1722 1613 1759 torsit,

214 1761 314 1800 lybio‚
345 1762 399 1800 qui
434 1763 546 1792 decern
582 1772 680 1792 nares
714 1766 892 1792 constratas

214 1804 378 1834 Antiocho
395 1814 560 1835 concessas
576 1815 643 1835 esse
660 1804 748 1842 dicit,
765 1805 889 1835 nullam

214 1847 403 1879 actuariam.
461 1847 647 1878 Gronovius
678 1847 763 1878 Livii
797 1848 891 1878 verba

214 1890 256 1919 ad
281 1890 453 1930 Polybiani
477 1894 649 1921 contextus
672 1900 819 1920 normam
844 1900 889 1920 re-

215 1931 335 1972 fingere
364 1933 488 1964 nititur.
542 1933 606 1964 Sed
632 1933 686 1963 hic
715 1934 890 1973 Polybium

215 1975 324 2014 potius
348 1979 535 2016 corruptum
561 1986 628 2006 esse
653 1976 890 2006 crediderimus.

218 2018 334 2057 Itaque
358 2019 439 2049 haec
465 2019 591 2049 videtur
615 2029 682 2049 csse
708 2018 804 2048 huius
828 2018 890 2049 loci

215 2061 384 2092 sententia.
418 2061 586 2092 Monerem
600 2061 767 2100 distinguit
780 2061 891 2091 Livius

215 2112 234 2132 a
264 2113 346 2133 nave
376 2104 530 2135 actuaria.
577 2105 746 2134 Monerem
779 2104 890 2142 itaque

215 2145 426 2185 intelligimus
446 2157 561 2177 navem
585 2147 714 2186 longam
737 2146 891 2176 minimae

214 2188 347 2225 formae,
364 2193 399 2218 ut
416 2200 498 2228 quae
515 2199 578 2219 uno
597 2189 708 2219 ordine
728 2199 889 2219 remorum

216 2235 346 2270 agatur:
372 2233 427 2262 sed
448 2236 558 2262 tamen
583 2232 732 2262 altiorem
757 2236 789 2262 et
814 2231 889 2262 vali-

217 2274 338 2304 diorem
368 2275 523 2311 actuaria,
554 2285 636 2313 quac
669 2278 783 2313 aperta
813 2278 890 2304 erat·

218 2317 354 2347 Iubetur
369 2328 442 2357 ergo
460 2317 640 2347 Antiochus
654 2318 780 2347 tradere
794 2327 893 2347 naves

217 2369 328 2389 omncs
359 2361 481 2399 longas,
512 2371 592 2399 quas
626 2364 702 2389 tunc
737 2359 891 2399 temporis

216 2402 344 2432 habeat.
390 2403 623 2433 Conceduntur
649 2402 677 2432 ei
703 2403 814 2433 decem
840 2413 890 2432 ac-

216 2445 340 2475 tuariae
356 2456 453 2476 naves
473 2456 583 2485 pacem
604 2445 722 2482 agenti.
768 2445 801 2475 Si
822 2446 888 2475 bel-

219 2487 284 2517 lum
307 2487 376 2527 ipse
396 2488 522 2525 inferat,
538 2488 640 2518 nihilo
662 2489 735 2527 plus
758 2488 889 2518 narium

218 2529 336 2560 habere
363 2530 391 2560 ei
418 2531 625 2570 permittitur.
672 2531 704 2561 Si
731 2531 818 2561 bello
846 2531 889 2560 la-

218 2577 369 2609 cessatur,
387 2573 460 2603 licet
477 2574 506 2603 ei
527 2584 625 2604 naves
640 2574 751 2611 longas
767 2584 890 2613 parare„

217 2616 272 2645 sed
311 2625 468 2652 moneres,
498 2627 556 2646 nec
595 2616 747 2647 delinitur
780 2626 889 2647 earum

217 2667 378 2688 numerus.
426 2659 519 2689 Haec
542 2659 633 2689 nobis
654 2659 795 2689 maxime
821 2670 890 2699 pro-

219 2700 340 2730 babilia
393 2700 550 2732 ridentur.
626 2702 778 2733 Ceterum
835 2701 889 2741 qui

219 2743 326 2772 locum
352 2742 438 2772 hune
458 2744 560 2773 fusius
582 2747 755 2774 tractatum
784 2745 891 2775 videre

220 2785 368 2821 voluerit,
386 2786 468 2825 legat
485 2787 566 2816 bene
583 2787 708 2823 longam
730 2788 795 2818 Iac.
810 2788 890 2817 Gro-

219 2827 303 2857 uovii
337 2828 590 2858 diss-*citatioiwm
623 2829 822 2867 epistolicam
851 2830 891 2859 ad

222 2871 269 2901 Io.
288 2870 462 2909 Georgium
482 2871 670 2907 Graevium,
691 2875 767 2902 tom.
785 2872 816 2902 ii.
840 2872 890 2903 Li-

220 2913 324 2944 viano.
349 2914 453 2944 Ciu-:xz

936 1773 1035 1801 quum
1067 1764 1227 1793 talentum
1260 1763 1408 1794 Atticum
1441 1766 1612 1803 seoeayinta

937 1806 1160 1836 Romanarum
1185 1806 1350 1843 librarum,
1373 1807 1533 1836 talentum
1557 1817 1611 1837 au-

935 1852 1001 1878 tem
1033 1850 1190 1888 octoyz'nta
1222 1849 1375 1879 librarum
1414 1849 1612 1888 ponderibus

936 1891 1094 1921 Romanis
1114 1891 1313 1931 Aegyptium
1338 1896 1432 1929 esset,
1455 1898 1491 1922 ut
1516 1896 1612 1922 testa-

935 1938 988 1964 tur
1010 1934 1113 1964 Varro
1135 1944 1187 1974 ap.
1211 1934 1295 1965 Plin.
1321 1935 1365 1965 H.
1384 1935 1429 1966 N.
1451 1935 1564 1966 xxxiii.
1582 1944 1610 1973 3.

938 1976 1038 2007 Unde
1060 1976 1244 2007 Gronovius
1264 1977 1304 2008 de
1322 1978 1398 2008 Pec.
1417 1978 1492 2008 Vet.
1514 1977 1558 2008 iii.
1581 1987 1610 2017 3.

936 2021 1063 2057 amenti
1084 2021 1177 2059 probi
1197 2021 1299 2050 Attici
1322 2021 1484 2051 duodecim
1508 2021 1611 2051 millia

936 2063 1092 2092 talentum
1106 2062 1301 2093 emendavit.
1335 2063 1398 2093 Sed
1411 2073 1510 2102 quum
1524 2073 1610 2103 supr.

934 2104 1056 2134 xxxvii.
1075 2112 1125 2142 45.
1143 2109 1173 2134 et
1193 2115 1212 2134 a
1230 2105 1344 2144 Polyb.
1364 2105 1445 2136 Exc.
1464 2105 1541 2145 Leg.
1559 2114 1610 2143 45.

934 2147 966 2176 in
987 2146 1225 2177 conditionibus
1243 2157 1262 2177 a
1278 2147 1431 2187 Scipione
1448 2148 1611 2178 Antiocho

934 2190 1008 2219 latis
1040 2189 1187 2219 Euboica
1217 2191 1351 2227 talenta,
1376 2201 1459 2229 quac
1486 2190 1610 2221 minora

935 2232 998 2262 sint
1012 2232 1141 2269 Atticis,
1152 2232 1309 2271 imperata
1321 2233 1417 2263 fuisse
1430 2238 1610 2270 narrentur,

937 2275 1108 2305 verisimile
1125 2279 1171 2305 est
1193 2279 1249 2304 aut
1270 2280 1417 2305 senatum
1437 2276 1608 2315 populum-

937 2328 1000 2356 que
1020 2318 1205 2348 Romanum
1228 2318 1267 2348 de
1290 2318 1458 2355 industria,
1475 2319 1556 2348 sicut
1577 2319 1609 2349 in

937 2360 1111 2390 Lutatiano
1139 2360 1278 2397 foedere,
1305 2361 1427 2400 aliquid
1456 2361 1495 2390 ad
1524 2362 1609 2401 leges

936 2403 976 2432 ab
1005 2403 1198 2442 imperatore
1227 2413 1284 2433 suo
1315 2403 1418 2433 dictas
1444 2403 1610 2441 adiecisse,

933 2449 988 2475 aut
1010 2445 1145 2482 incuria,
1160 2450 1275 2485 utpote
1293 2445 1475 2485 ignorantes
1495 2447 1608 2486 quanti

935 2488 1085 2527 ponderis
1107 2488 1253 2518 Euboica
1276 2489 1401 2519 talenta
1423 2494 1539 2525 essent,
1556 2491 1608 2520 dc-

937 2531 1085 2567 finivisse,
1110 2541 1150 2560 ne
1174 2532 1297 2561 talenta
1323 2532 1478 2571 promissa
1503 2532 1610 2562 minus

937 2574 1044 2613 pondo
1064 2574 1228 2613 octoginta
1246 2574 1402 2605 Romanis
1424 2575 1512 2605 libris
1533 2586 1608 2616 pen-

936 2618 1057 2647 dereut.

979 2668 995 2698 3
1014 2660 1106 2696 Quod
1116 2660 1424 2699 aeslinmtionefiat]
1450 2660 1609 2691 Mendum

936 2702 1035 2733 latere
1060 2702 1092 2731 in
1115 2712 1190 2732 voce
1205 2704 1272 2742 fiat
1299 2703 1480 2733 Crevit-rius
1509 2704 1609 2742 suspi-

935 2749 1035 2775 catur.
1066 2746 1279 2776 Aestimntnm
1289 2747 1361 2784 fuit
1377 2746 1513 2776 coniecit
1530 2747 1609 2775 Dra—

936 2788 1111 2817 kenborch.
1146 2788 1357 2818 Frumentum
1386 2789 1426 2818 ab
1452 2788 1520 2826 ipso
1546 2789 1609 2817 An-

936 2830 1045 2861 tiocho
1069 2829 1273 2860 aestimatum
1299 2831 1394 2860 fuisse
1417 2834 1522 2860 narrat
1552 2831 1610 2859 Po-

937 2874 1000 2912 lyb.
1021 2873 1100 2904 Exc.
1121 2872 1194 2912 Leg.
1216 2882 1263 2910 24.

1354 2961 1377 2997 te

1258 2970 1285 2997 A
1310 2972 1329 2996 il
