1960 3218
386 131 436 168 18
901 127 1049 170 ΤΙΤΙ
1086 128 1267 171 LIVII

179 225 224 258 U.
241 226 278 258 C.
302 234 372 266 55²-
385 217 511 274 pacis,
553 217 770 274 iussusque
811 218 864 259 ad
904 234 995 260 eam
1036 219 1365 261 confirmandam
1405 221 1569 263 mittere
1614 221 1771 277 legatos

178 271 218 301 A.
243 270 280 301 C.
304 279 374 300 200.
391 276 582 317 Romam·

244 338 310 376 20.
448 334 531 375 Per
560 334 671 375 idem
702 342 866 390 tempus
892 334 940 375 L.
964 334 1185 376 Cornelius
1206 335 1413 378 Lentulus
1433 352 1508 392 pro
1529 335 1698 378 consule
1719 351 1773 377 ex

181 393 322 442 Lentulo
339 404 378 424 ex
392 391 598 448 Hispania
618 391 753 433 rediit.
815 392 901 441 Qui
923 409 1053 449 quum
1075 394 1120 434 in
1141 402 1286 435 senatu
1307 410 1371 435 res
1392 396 1442 436 ab
1464 410 1505 435 se
1527 409 1602 451 per
1622 393 1774 434 multos

180 435 378 510 {gffl'gnssn
392 465 522 491 annos
538 450 697 491 fortiter
712 450 971 506 feliciterque
993 461 1126 507 gestas
1143 452 1412 507 exposuisset,
1430 452 1772 509 postulassetque,

182 532 270 552 cessa
286 533 357 553 ova-
392 517 439 548 ut
461 508 732 563 triumphanti
757 508 834 549 sibi
856 508 997 550 invehi
1019 509 1162 550 liceret
1182 510 1225 550 in
1247 511 1416 560 urbem;
1452 516 1463 533 ‘
1478 526 1542 551 res
1563 509 1775 566 triumpho

182 564 237 596 tio.
394 566 568 621 ‘dignas
603 566 710 607 esse’
745 567 940 608 censebat
975 576 1166 608 senatus:
1217 568 1317 608 ‘sed
1353 567 1593 624 exemplum
1629 583 1653 608 a
1688 582 1776 608 ma-

394 624 576 664 ‘ioribus
615 639 702 664 non
742 625 961 680 accepisse,
1003 634 1060 674 ut,
1103 625 1176 681 qui
1215 641 1353 681 neque
1400 626 1588 675 dictator,
1635 640 1774 681 neque

394 681 578 730 ‘consul,
615 696 754 737 neque
794 691 960 737 praetor
998 698 1062 724 res
1101 683 1302 739 gessisset,
1340 684 1627 740 triumpharet.
1691 683 1805 725 Pro3

394 738 590 780 ‘consule
619 738 736 779 illum
767 739 1014 795 Hispaniam
1043 741 1311 797 provinciam,
1340 757 1426 783 non
1454 741 1680 791 consulem,
1703 748 1776 782 aut

394 803 406 820 ⁶
421 805 667 853 praetorem,
690 797 943 838 obtinuisse.9
1002 798 1314 840 Decurrebatur
1334 809 1475 840 tamen
1495 815 1557 849 eo,
1580 808 1627 840 ut
1649 813 1775 840 ovans

393 855 539 895 urbem
572 855 708 904 iniret,
738 855 1022 897 intercedente
1057 856 1122 897 Ti.
1150 856 1396 913 Sempronio
1426 857 1575 913 Longo
1607 857 1774 898 tribuno

392 912 551 969 plebis3
591 912 664 968 qui
694 912 826 953 nihilo
857 913 985 969 magis
1016 914 1059 954 id
1092 928 1205 954 more
1239 915 1454 964 maiorum,
1485 924 1557 956 aut
1586 915 1672 955 ullo
1702 929 1776 955 ex-

394 970 532 1025 emplo
553 970 739 1010 futurum
762 970 929 1011 diceret.
984 971 1201 1012 Postremo
1222 972 1355 1012 victus
1376 987 1580 1013 consensu
1601 972 1774 1013 Patrum

393 1028 585 1068 tribunus
616 1027 762 1069 cessit:
796 1036 838 1068 et
869 1043 921 1068 ex
953 1029 1313 1070 senatusconsulto
1344 1029 1392 1070 L.
1413 1029 1620 1071 Lentulus
1651 1044 1777 1070 ovans

393 1085 539 1126 urbem
561 1094 623 1126 est
642 1085 861 1140 ingressus.
925 1085 1104 1142 Argenti
1133 1087 1227 1128 tulit
1256 1102 1309 1128 ex
1329 1087 1482 1144 praeda
1503 1087 1779 1144 quadraginta

393 1151 591 1198 quattuor
611 1143 741 1184 millia
760 1143 901 1199 pondo
918 1159 928 1192 3
961 1144 1050 1184 auri
1071 1144 1155 1185 duo
1180 1145 1309 1185 millia
1329 1145 1635 1201 quadringenta
1655 1144 1778 1200 quin-

394 1200 605 1256 quaginta.
654 1200 864 1242 Militibus
885 1217 937 1242 ex
959 1202 1114 1257 praeda
1134 1211 1304 1243 centum
1325 1203 1473 1259 viginti
1495 1218 1602 1244 asses
1623 1202 1775 1243 divisit.

248 1260 315 1298 21.
453 1258 543 1299 Iam
564 1259 770 1299 exercitus
791 1259 1017 1300 consularis
1038 1260 1089 1300 ab
1112 1260 1281 1301 Arretio
1299 1260 1540 1301 Ariminum
1562 1260 1777 1301 traductus

394 1324 493 1365 erat,
517 1323 559 1357 et
580 1316 767 1372 quinque
796 1316 924 1358 millia
951 1317 1107 1358 socium
1130 1317 1272 1358 Latini
1296 1318 1476 1359 nominis
1498 1333 1550 1359 ex
1575 1317 1714 1359 Gallia
1733 1317 1778 1358 in

396 1373 607 1414 Etruriam
629 1374 886 1415 transierant.
949 1375 1097 1431 Itaque
1121 1375 1170 1416 L.
1190 1375 1349 1425 Furius,
1373 1376 1533 1432 magnis
1560 1375 1778 1417 itineribus

395 1431 446 1472 ab
477 1431 671 1472 Arimino
704 1431 898 1473 adversus
934 1432 1089 1482 Gallos,
1115 1432 1369 1475 Cremonam
1404 1442 1491 1474 tum
1525 1433 1776 1482 obsidentes,

394 1489 616 1545 profecmS,
639 1498 771 1530 castra
791 1490 903 1531 mille
926 1491 1252 1547 quingentorum
1272 1506 1467 1547 passuum
1488 1491 1705 1532 intervallo
1727 1491 1777 1532 ab

395 1547 513 1588 hoste
546 1547 695 1602 posuit.
761 1547 936 1589 Occasio
969 1548 1133 1605 egregie
1166 1549 1227 1590 rei
1257 1549 1464 1605 gerendae
1494 1549 1586 1599 fuit,
1617 1549 1651 1590 si
1682 1563 1779 1605 pro-

395 1604 508 1645 tinus
529 1604 581 1645 de
602 1605 669 1646 via
689 1604 741 1646 ad
762 1614 893 1647 castra
913 1606 1195 1662 oppugnanda
1214 1606 1411 1648 duxisset.
1473 1606 1608 1648 Palati
1627 1606 1779 1663 passim

394 1662 651 1718 vagabantur
682 1678 757 1719 per
788 1678 919 1719 agros,
951 1664 1067 1705 nullo
1099 1664 1195 1705 satis
1228 1665 1347 1705 firmo
1381 1664 1525 1706 relicto
1557 1664 1776 1721 praesidio.

396 1719 651 1761 Lassitudini
686 1720 866 1761 militum
902 1722 1053 1772 timuit,
1089 1722 1204 1778 quod
1238 1722 1389 1778 raptim
1422 1722 1595 1763 ductum
1628 1737 1779 1778 agmen

395 1786 494 1819 erat.
559 1777 684 1827 Galli,
726 1778 904 1820 elamore
945 1794 1114 1821 suorum
1156 1795 1209 1821 ex
1249 1780 1356 1836 agris
1396 1780 1587 1829 revocati,
1630 1779 1780 1820 omissa

395 1835 561 1891 praeda,
584 1851 691 1891 quae
719 1836 763 1876 in
791 1837 982 1878 manibus
1007 1846 1105 1887 erat,
1128 1846 1260 1879 castra
1285 1838 1528 1894 repetivere,
1551 1846 1593 1878 et
1612 1845 1779 1894 postero

396 1892 464 1933 die
493 1893 536 1933 in
565 1893 696 1934 aciem
723 1894 938 1950 progressi.
1002 1895 1095 1936 Nec
1122 1895 1340 1937 Romanus
1372 1910 1529 1937 moram
1562 1894 1780 1952 pugnandi

190 1954 369 2002 Proelium,
395 1950 505 1991 fecit.
571 1950 655 1992 Sed
675 1951 746 1992 vix
766 1952 944 2008 spatium
973 1952 1206 1994 instruendi
1226 1953 1329 1994 fuit:
1363 1968 1413 1994 eo
1434 1968 1556 1994 cursu
1576 1953 1715 1994 hostes
1736 1952 1780 1992 in

188 1997 386 2071 Ξὲπὸὲἓῖξε
397 2008 603 2064 proelium
626 2019 840 2050 venerunt.
902 2010 1065 2051 Dextra
1092 2010 1157 2051 ala
1181 2011 1244 2067 (in
1274 2011 1355 2052 alas
1380 2011 1559 2052 divisum
1586 2010 1813 2057 socialem4

188 2092 273 2114 nam.
398 2066 628 2107 exercitum
654 2066 854 2123 habebat)
881 2067 926 2108 in
956 2069 1089 2124 prima
1119 2068 1205 2110 acie
1237 2068 1372 2110 locata
1398 2078 1484 2110 est:
1518 2068 1563 2109 in
1588 2067 1781 2110 subsidiis

398 2123 505 2165 duae
535 2123 751 2166 Romanae
780 2125 976 2182 legiones.
1039 2125 1101 2167 M.
1122 2126 1270 2167 Furius
1298 2126 1470 2168 dextrae
1498 2125 1599 2177 alae,
1622 2126 1782 2182 legion-

397 2181 490 2222 ibus
530 2180 592 2223 M.
620 2180 842 2232 Caecilius,
883 2183 1094 2239 equitibus
1130 2184 1179 2224 L.
1198 2183 1392 2226 Valerius
1428 2184 1599 2225 Flaccus
1635 2182 1781 2239 (legati

399 2254 544 2280 omnes
584 2240 722 2294 erant)
761 2241 996 2296 praepositi.
1074 2241 1246 2283 Praetor
1284 2257 1426 2283 secum
1466 2241 1571 2282 duos
1609 2241 1780 2297 legatos,

401 2295 452 2337 C.
476 2296 717 2338 Laetorium
748 2305 791 2338 et
827 2297 874 2338 P.
899 2297 1120 2348 Titinium,
1152 2299 1355 2340 habebat:
1395 2314 1490 2339 cum
1521 2298 1672 2354 quibus
1702 2297 1781 2339 cir-

398 2354 654 2410 cumspicere
691 2363 733 2395 et
768 2355 882 2395 obire
918 2355 970 2396 ad
1007 2370 1150 2396 omnes
1190 2356 1372 2397 hostium
1412 2356 1568 2397 subitos
1607 2363 1781 2397 conatus

398 2419 546 2466 posset.
608 2411 751 2453 Primo
786 2411 911 2462 Galli,
945 2412 1059 2454 omni
1092 2413 1362 2454 multitudine
1399 2413 1442 2454 in
1480 2428 1610 2454 unum
1642 2413 1781 2455 locum

443 2546 460 2575 3
487 2538 729 2576 Triumpharet]
766 2539 804 2569 cf.
833 2539 926 2578 Supr.
956 2539 1065 2570 xxviii.
1110 2543 1218 2570 autem
1243 2541 1421 2571 sollennem
1444 2544 1626 2580 temporum
1651 2540 1780 2570 illorum

401 2579 450 2617 38.
488 2581 644 2610 neminem
674 2582 716 2610 ad
744 2592 815 2611 eum
845 2583 925 2613 diem
956 2584 1065 2612 trizmz-
1111 2583 1375 2613 consuetudinem
1388 2584 1530 2620 denotet,
1542 2593 1637 2622 quam
1653 2582 1780 2613 Livium

397 2621 526 2660 phasse,
550 2623 605 2661 qui
627 2624 696 2654 sine
716 2625 906 2663 mayislratu
932 2635 982 2654 res
999 2635 1066 2664 yes—
1112 2625 1164 2655 hic
1196 2626 1278 2656 velle
1304 2625 1481 2665 significare
1506 2626 1677 2656 existimat.
1712 2625 1780 2656 Du-

401 2665 500 2694 sisset.
1112 2668 1218 2705 kerus,
1229 2678 1327 2707 quum
1339 2669 1471 2698 dextrae
1485 2672 1611 2698 tantum
1625 2668 1780 2699 sociorum

446 2717 465 2743 4
480 2708 523 2736 In
534 2708 603 2737 alas
615 2708 750 2738 divisum
765 2732 772 2739 .
784 2732 791 2739 .
803 2733 809 2739 .
823 2709 973 2746 hahebat]
1000 2711 1067 2739 Ila·
1112 2710 1183 2740 alac
1199 2711 1320 2741 mentio
1340 2712 1408 2748 fiat,
1423 2711 1581 2741 sinistram
1599 2721 1663 2741 non
1679 2711 1711 2741 in
1727 2721 1779 2741 ex-

403 2749 516 2779 bebmzt
539 2750 708 2788 legendum
736 2752 849 2781 suadet
877 2751 1005 2790 Lipsius
1029 2753 1069 2782 de
1113 2753 1213 2783 ercitu
1230 2753 1383 2792 praetoris
1398 2753 1506 2791 fuisse,
1521 2754 1576 2784 sed
1592 2754 1624 2784 in
1642 2752 1780 2790 Etruria,

403 2790 475 2821 Mil.
489 2792 583 2822 Rom.
597 2791 625 2822 6.
642 2800 668 2831 7.
685 2803 783 2831 quum
800 2804 858 2823 vox
871 2794 1003 2825 habehat
1016 2804 1069 2824 no-
1114 2805 1155 2824 ne
1174 2806 1211 2826 ea
1232 2796 1316 2834 regio
1332 2796 1399 2826 sine
1422 2796 1579 2836 praesidio
1601 2799 1693 2833 esset,
1709 2796 1779 2825 sub-

403 2843 475 2863 vam
502 2835 663 2872 quandam
690 2846 708 2865 a
736 2840 881 2874 praetore
906 2836 1068 2867 inventam
1114 2837 1230 2868 stitisse
1247 2842 1363 2869 censet.

402 2875 503 2906 aciem
525 2877 701 2908 instruendi
726 2878 895 2916 rationem,
911 2880 1070 2910 habebant
