1960 3218
549 134 676 177 LIB.
709 134 882 177 XXXI.
929 135 1076 177 CAP.
1110 139 1177 177 32.
1493 138 1546 178 29

164 226 471 269 ‘Hannibalem
501 226 767 268 defecerunt:
801 226 968 276 deinde,
1000 226 1207 283 indignati
1238 241 1281 267 se
1312 226 1492 268 obsideri
1523 234 1606 268 aU.
1622 235 1659 266 C.
1684 244 1756 274 552.

163 286 320 335 ‘nobis,
354 284 637 326 Hannibalem
672 284 726 326 ad
757 284 1082 342 oppugnandam
1092 262 1299 326 ”Romam
1330 284 1542 326 miseiunt.
1559 279 1598 309 A.
1623 278 1661 309 C.
1684 287 1755 308 ²00·

162 348 174 366 ⁶
190 342 355 385 Horum
383 343 416 384 51
437 358 575 399 neque
601 342 728 384 urbs
718 358 817 399 lpsa,
840 358 977 399 neque
999 342 1124 383 homo
1153 342 1374 399 quisquam
1402 357 1545 398 super-

161 406 304 451 ‘esset,
327 401 420 457 quis
446 400 491 442 id
515 400 672 450 durius,
694 416 819 457 quam
847 415 923 456 pro
948 400 1097 441 merito
1122 400 1319 465 ipsorum,
1342 408 1544 441 statutum

162 459 395 515 ‘indignari
416 459 583 515 posset?
614 458 760 500 Plures
781 459 976 500 sibimet
966 458 1044 514 ipsi
1062 458 1320 500 conscientia
1340 458 1544 499 scelerum

161 522 360 558 ‘mortem
382 516 683 566 consciverunt,
707 531 832 572 quam
854 531 879 557 3
901 517 1021 557 nobis
1049 516 1252 572 supplicio
1273 516 1410 557 affecti
1432 525 1540 557 sunt.

161 580 173 598 ‘
188 574 350 616 Ceteris
371 574 429 615 ita
449 574 664 631 oppidum,
686 574 743 615 ita
763 589 880 631 agros
897 574 1141 624 ademimus,
1157 582 1203 615 ut
1223 589 1367 630 agrum
1384 574 1544 615 locum-

161 637 173 656 ‘
186 648 268 689 que
289 632 343 673 ad
362 632 636 674 habitandum
652 632 866 673 daremus:
900 633 1047 673 urbem
1068 632 1282 673 innoxiam
1304 640 1410 673 stare
1428 632 1543 673 inco-

161 690 339 732 ‘lumem
367 699 625 747 pateremur3
659 699 717 740 ut,
741 690 814 747 qui
835 690 961 732 hodie
982 690 1121 731 videat
1148 705 1252 739 eam,
1278 690 1440 731 nullum
1468 705 1542 746 op-

161 753 393 805 ‘pugnatae
416 757 611 804 captaeve
639 748 697 789 ibi
717 748 939 805 vestigium
966 748 1163 789 inveniat.
1228 747 1313 789 Sed
1340 748 1443 804 quid
1464 763 1542 804 ego

159 812 172 830 ‘
190 806 380 863 Capuam
403 806 531 848 dieo?
561 822 691 863 quum
716 806 963 862 Carthagini
983 806 1117 847 victae
1142 821 1287 862 pacem
1309 821 1356 847 ac
1376 806 1542 847 liberta-

159 870 268 907 ‘tem
308 864 557 906 dederimus.
621 864 759 921 Magis
793 864 897 906 illud
938 873 1000 905 est
1034 864 1280 920 periculum,
1316 879 1382 914 ne,
1419 864 1542 905 nimis

159 928 171 946 ‘
185 923 304 964 facile
319 923 438 964 victis
454 923 722 979 ignoscendo,
740 922 878 979 plures
894 922 947 964 ob
964 922 1006 963 id
1022 922 1157 978 ipsum
1175 922 1228 963 ad
1244 922 1542 979 experiendam

159 980 377 1022 ‘adversus
403 996 479 1021 nos
510 981 719 1022 fortunam
749 980 846 1022 belli
872 981 1105 1022 incitemus.
1169 980 1287 1021 Haec
1317 995 1392 1037 pro
1423 981 1543 1021 nobis

159 1044 171 1062 ‘
185 1039 297 1080 dicta
316 1039 411 1088 sint,
433 1038 536 1080 haec
557 1039 751 1080 adversus
772 1038 1035 1095 Philippum:
1070 1038 1187 1080 cuius
1207 1038 1434 1080 domestica
1450 1054 1543 1094 par-

160 1097 339 1146 ‘ricidia,
366 1106 408 1138 et
434 1105 704 1153 cognatorum
733 1097 1044 1152 amicorumque
1071 1096 1230 1146 caedes,
1254 1106 1296 1138 et
1323 1096 1542 1138 libidinem

127 1173 144 1203 5
160 1160 171 1178 ‘
187 1155 521 1195 inhumanimem
542 1170 684 1210 prope,
708 1169 833 1210 quam
859 1154 1161 1204 crudelitatem,
1184 1170 1268 1203 vos,
1292 1170 1375 1210 quo
1402 1155 1543 1220 propi-

160 1218 274 1254 ‘ores
302 1211 579 1253 Macedoniae
601 1212 710 1261 estis,
735 1212 883 1253 melius
914 1212 1052 1253 nostis.
1119 1211 1248 1277 Quod
1275 1212 1327 1253 ad
1355 1227 1426 1253 vos
1447 1213 1543 1253 atti-

159 1276 267 1320 ‘net,
301 1269 456 1319 Aetoli,
493 1285 568 1311 nos
607 1285 682 1326 pro
718 1269 835 1311 vobis
867 1269 1024 1311 bellum
1055 1270 1312 1326 suscepimus
1346 1269 1542 1311 adversus

157 1302 455 1384 ‘Philippumz
497 1343 569 1369 vos
599 1328 687 1369 sine
718 1327 838 1369 nobis
870 1343 965 1369 cum
998 1343 1048 1369 eo
1081 1343 1226 1384 pacem
1259 1328 1422 1369 fecistis.
1487 1328 1543 1369 Et

158 1385 350 1427 ‘forsitan
372 1385 530 1451 dicatis,
547 1385 657 1427 bello
679 1385 841 1427 Punico
862 1386 1074 1443 occupatis
1095 1386 1226 1436 nobis,
1244 1395 1406 1427 coactos
1427 1396 1541 1427 metu

158 1449 256 1485 ‘vos
286 1443 399 1500 leges
434 1444 546 1500 pacis
581 1444 631 1485 ab
667 1459 730 1493 eo,
762 1443 836 1500 qui
869 1453 957 1485 tum
988 1444 1081 1500 plus
1113 1453 1288 1500 poterat,
1321 1445 1539 1501 accepisse.

158 1501 241 1543 ‘Et
279 1517 368 1551 nos,
400 1517 531 1558 quum
563 1501 643 1543 alia
674 1502 830 1543 maiora
860 1514 1069 1559 urgerent,
1101 1502 1337 1558 depositum
1371 1517 1395 1543 a
1425 1502 1542 1543 vobis

157 1559 337 1601 ‘bellum
358 1569 400 1601 et
420 1560 498 1616 ipsi
519 1560 742 1601 omisimus.
806 1536 935 1601 Nunc
955 1569 997 1601 et
1023 1576 1110 1610 nos,
1134 1560 1260 1602 deum
1282 1560 1540 1615 benignitate

158 1623 170 1641 ‘
185 1617 348 1659 Punico
369 1618 553 1674 perfecto
573 1617 696 1667 bello,
718 1618 814 1659 totis
835 1618 990 1659 viribus
1010 1618 1158 1660 nostris
1179 1619 1224 1659 in
1245 1618 1542 1660 Macedoniam

158 1681 170 1699 ‘
185 1675 471 1717 incubuimus:
505 1684 548 1717 et
567 1676 683 1717 vobis
704 1675 950 1717 restituendi
965 1692 1037 1717 vos
1056 1677 1102 1717 in
1123 1676 1347 1718 amicitiam
1367 1676 1541 1717 societa-

158 1739 351 1790 ‘temque
376 1743 559 1775 nostram
583 1734 748 1775 fortuna
775 1734 912 1775 oblata
931 1743 1015 1783 est3
1048 1734 1128 1775 nisi
1154 1735 1288 1791 perire
1316 1749 1412 1775 cum
1439 1733 1541 1775 Phi-

156 1791 307 1848 ‘lippo,
329 1807 455 1848 quam
475 1792 641 1833 vincere
663 1807 756 1833 cum
782 1792 996 1842 Romanis,
1018 1792 1235 1834 mavultis]

214 1849 332 1891 Haec
360 1849 472 1891 dicta
497 1850 548 1891 ab
572 1850 764 1891 Romano
786 1865 918 1906 quum
943 1859 1093 1900 essent,
1116 1850 1324 1892 inclinatis
1351 1850 1540 1891 omnium
1618 1857 1684 1896 32,

154 1908 303 1949 animis
332 1907 386 1949 ad
422 1908 647 1957 Romanos,
681 1908 949 1949 Damocritus
978 1919 1144 1965 praetor
1175 1907 1436 1958 Aetolorum,
1467 1923 1541 1965 pe·
1555 1911 1736 1944 Damocriti

155 1966 291 2016 cunia,
314 1975 360 2008 ut
388 1965 497 2007 fama
522 1975 596 2015 051,
619 1966 670 2007 ab
697 1981 794 2022 rege
822 1975 1004 2022 accepta,
1027 1966 1134 2007 nihil
1161 1975 1233 2007 aut
1262 1965 1360 2007 huic
1389 1975 1460 2007 aut
1481 1966 1540 2007 1111
1554 1956 1657 2029 tpgssertl
1661 1957 1734 2029 ΪηΑθ·

125 2024 263 2080 6parti
298 2039 498 2074 assensus,
536 2024 673 2065 ‘Rem
709 2024 849 2080 magni
884 2024 1135 2065 discriminis
1166 2024 1348 2065 consiliis
1383 2024 1541 2065 nullam
1554 2042 1721 2073 sententia

158 2087 170 2105 (
186 2096 272 2122 0550
304 2090 386 2122 13111
418 2082 642 2130 inimicam,
672 2096 798 2137 quam
829 2081 1109 2131 celeritatem,'
1123 2082 1257 2135 (dixit.
1321 2081 1541 2123 ‘Celerem

158 2139 295 2180 ‘enim
316 2139 628 2196 poenitentiam,
651 2139 725 2180 sed
746 2139 921 2180 eandem
944 2154 1075 2180 seram
1103 2148 1228 2196 atque
1250 2139 1456 2189 inutilem,
1479 2155 1542 2181 se-

157 2197 278 2253 ‘qui;
321 2212 453 2253 (11111111
484 2197 755 2262 praecipitat-a
788 2198 938 2262 raptim
972 2197 1144 2238 consilia
1176 2212 1313 2253 neque
1344 2198 1540 2247 revocari,

157 2260 169 2279 (
184 2270 322 2311 neque
343 2255 388 2295 in
409 2255 619 2311 integrum
640 2254 801 2296 restitui
821 2255 990 2311 possint.
1053 2254 1380 2296 Deliberationis
1400 2264 1541 2297 autem

158 2318 170 2337 (
184 2313 284 2378 eius,
301 2313 418 2354 cuius
434 2313 521 2369 ipse
538 2313 818 2354 maturitatem
836 2313 1159 2369 exspectandam
1180 2321 1358 2369 putaret,
1376 2321 1541 2370 tempus

158 2371 240 2412 ‘ita
260 2371 342 2411 iam
363 2386 476 2411 nunc
497 2370 621 2412 statui
636 2386 785 2436 posse:
820 2386 952 2427 quum
972 2371 1133 2427 legibus
1154 2380 1322 2412 cautum
1346 2380 1464 2421 esset,
1488 2387 1540 2413 ne

105 2428 237 2483 ,7‘dc
267 2444 368 2485 pace
400 2428 574 2478 bellove,
603 2429 682 2469 nisi
713 2428 757 2469 in
788 2428 1056 2470 Panaetolico
1082 2438 1124 2470 et
1148 2428 1318 2486 Pylaico
1349 2404 1539 2480 concilio,

201 2577 217 2607 5
234 2571 512 2609 Inhumam'orem]
536 2570 752 2610 Indigniorem
768 2571 826 2601 ho·
871 2571 972 2610 signat
989 2571 1130 2611 profecto
1145 2571 1255 2602 Livius
1270 2571 1441 2602 concilium
1455 2573 1541 2611 quod

158 2611 254 2643 mine.
870 2615 911 2644 ad
927 2614 1163 2653 Thermopylas
1179 2614 1356 2645 haberetur.
1399 2615 1461 2645 Sed
1477 2615 1542 2645 alia

202 2654 221 2685 6
236 2657 354 2694 sslaynz'
370 2657 562 2687 discriminis
577 2657 732 2694 consiliis]
761 2657 825 2687 De-
870 2667 960 2687 mens
976 2657 1035 2687 fuit
1054 2657 1243 2692 Damocriti,
1260 2668 1355 2696 quem
1373 2657 1542 2688 verisimile

159 2697 398 2728 liberationibus
418 2709 500 2738 quae
523 2703 721 2729 versarentur
744 2699 827 2730 circa
870 2703 917 2729 est
942 2700 1047 2739 potius
1071 2701 1213 2730 locutum
1229 2700 1326 2730 fuisse
1341 2700 1381 2730 dc
1405 2701 1540 2730 5011011111

160 2751 207 2770 res
224 2740 390 2777 eiusmodi,
406 2746 441 2771 ut
457 2742 496 2771 (le
517 2742 554 2772 iis
574 2742 655 2772 bene
677 2752 718 2772 an
742 2743 826 2773 male
871 2742 1005 2772 concilio
1023 2743 1209 2773 Aetolorum
1234 2742 1265 2773 111
1286 2744 1362 2773 urbe
1379 2743 1538 2774 Thermo:

159 2787 313 2813 statueres
328 2784 466 2814 multum
483 2785 667 2821 interesset3
691 2789 725 2815 ut
742 2784 773 2814 in
790 2785 826 2815 iis
869 2784 914 2814 ita
937 2790 972 2815 ut
995 2796 1097 2816 errore
1120 2785 1256 2816 nominis
1273 2786 1427 2825 deceptus
1446 2785 1540 2816 fuisse

160 2826 283 2865 peccari
300 2825 367 2855 sine
383 2837 496 2865 magno
514 2827 654 2867 periculo
671 2838 733 2857 non
754 2827 826 2858 licc-
872 2827 982 2858 Livius
1012 2828 1165 2860 videatur.
1200 2829 1238 2859 cf.
1260 2828 1330 2859 infr.
1354 2828 1465 2859 xxxiii.
1491 2838 1539 2867 35.

160 2872 216 2899 ret.
241 2869 346 2899 ΟΜΝ.
872 2872 976 2901 Cnssv.

205 2919 221 2950 7
244 2912 376 2950 Pylaico
391 2913 538 2950 concilio]
580 2912 642 2943 His
657 2912 759 2943 verbis
774 2914 826 2943 de-
