<?xml version="1.0" encoding="UTF-8"?>
<!DOCTYPE html PUBLIC "-//W3C//DTD XHTML 1.0 Transitional//EN"
    "http://www.w3.org/TR/xhtml1/DTD/xhtml1-transitional.dtd">
<html xmlns="http://www.w3.org/1999/xhtml" xml:lang="en" lang="en">
 <head>
  <title>
</title>
<meta http-equiv="Content-Type" content="text/html;charset=utf-8" />
  <meta name='ocr-system' content='tesseract 3.04.00' />
  <meta name='ocr-capabilities' content='ocr_page ocr_carea ocr_par ocr_line ocrx_word'/>
</head>
<body>
  <div class='ocr_page' id='page_1' title='image "./historiarumli03livyuoft_0035.png"; bbox 0 0 1960 3218; ppageno 0'>
   <div class='ocr_carea' id='block_1_1' title="bbox 534 114 1532 162">
    <p class='ocr_par' dir='ltr' id='par_1_1' title="bbox 534 114 1532 162">
     <span class='ocr_line' id='line_1_1' title="bbox 534 114 1532 162; baseline 0.006 -7"><span class='ocrx_word' id='word_1_1' title='bbox 534 114 660 156; x_wconf 87' lang='lat' dir='ltr'><strong>LIB.</strong></span> <span class='ocrx_word' id='word_1_2' title='bbox 694 114 866 156; x_wconf 91' lang='lat' dir='ltr'>XXXI.</span> <span class='ocrx_word' id='word_1_3' title='bbox 915 115 1059 157; x_wconf 84' lang='lat' dir='ltr'><strong>CAP.</strong></span> <span class='ocrx_word' id='word_1_4' title='bbox 1094 120 1160 158; x_wconf 88' lang='lat'>31.</span> <span class='ocrx_word' id='word_1_5' title='bbox 1481 121 1532 162; x_wconf 84' lang='lat'>27</span> 
     </span>
    </p>
   </div>
   <div class='ocr_carea' id='block_1_2' title="bbox 114 204 1745 2515">
    <p class='ocr_par' dir='ltr' id='par_1_2' title="bbox 117 204 1744 428">
     <span class='ocr_line' id='line_1_2' title="bbox 117 204 1743 262; baseline 0.004 -16"><span class='ocrx_word' id='word_1_6' title='bbox 117 220 135 250; x_wconf 87' lang='lat'>5</span> <span class='ocrx_word' id='word_1_7' title='bbox 150 205 226 246; x_wconf 90' lang='lat' dir='ltr'>‘de</span> <span class='ocrx_word' id='word_1_8' title='bbox 248 204 433 247; x_wconf 86' lang='lat' dir='ltr'>eiusdem</span> <span class='ocrx_word' id='word_1_9' title='bbox 455 204 641 261; x_wconf 88' lang='lat' dir='ltr'>Philippi</span> <span class='ocrx_word' id='word_1_10' title='bbox 662 220 763 261; x_wconf 90' lang='lat' dir='ltr'>pace</span> <span class='ocrx_word' id='word_1_11' title='bbox 786 205 967 246; x_wconf 89' lang='lat' dir='ltr'>triennio</span> <span class='ocrx_word' id='word_1_12' title='bbox 993 214 1088 247; x_wconf 90' lang='lat' dir='ltr'>ante</span> <span class='ocrx_word' id='word_1_13' title='bbox 1110 206 1362 257; x_wconf 81' lang='lat' dir='ltr'>decrevistis,</span> <span class='ocrx_word' id='word_1_14' title='bbox 1385 208 1534 250; x_wconf 89' lang='lat' dir='ltr'>iisdem</span> <span class='ocrx_word' id='word_1_15' title='bbox 1549 221 1593 253; x_wconf 89' lang='lat' dir='ltr'>U.</span> <span class='ocrx_word' id='word_1_16' title='bbox 1610 221 1648 253; x_wconf 88' lang='lat' dir='ltr'>C.</span> <span class='ocrx_word' id='word_1_17' title='bbox 1671 229 1743 262; x_wconf 80' lang='lat'>552.</span> 
     </span>
     <span class='ocr_line' id='line_1_3' title="bbox 150 262 1744 321; baseline 0.003 -17"><span class='ocrx_word' id='word_1_18' title='bbox 150 263 502 320; x_wconf 86' lang='lat' dir='ltr'>‘improbantibus</span> <span class='ocrx_word' id='word_1_19' title='bbox 523 278 614 304; x_wconf 89' lang='lat' dir='ltr'>eam</span> <span class='ocrx_word' id='word_1_20' title='bbox 642 278 788 319; x_wconf 82' lang='lat' dir='ltr'>pacem</span> <span class='ocrx_word' id='word_1_21' title='bbox 821 262 1035 314; x_wconf 86' lang='lat' dir='ltr'>Romanis,</span> <span class='ocrx_word' id='word_1_22' title='bbox 1059 264 1132 320; x_wconf 91' lang='lat' dir='ltr'>qui</span> <span class='ocrx_word' id='word_1_23' title='bbox 1158 280 1272 306; x_wconf 90' lang='lat' dir='ltr'>nunc</span> <span class='ocrx_word' id='word_1_24' title='bbox 1300 274 1465 321; x_wconf 90' lang='lat' dir='ltr'>pactam</span> <span class='ocrx_word' id='word_1_25' title='bbox 1493 276 1536 308; x_wconf 91' lang='lat' dir='ltr'>et</span> <span class='ocrx_word' id='word_1_26' title='bbox 1551 265 1587 296; x_wconf 84' lang='grc' dir='ltr'>Α·</span> <span class='ocrx_word' id='word_1_27' title='bbox 1612 265 1650 297; x_wconf 87' lang='lat' dir='ltr'>C.</span> <span class='ocrx_word' id='word_1_28' title='bbox 1673 274 1744 296; x_wconf 76' lang='lat'>²00·</span> 
     </span>
     <span class='ocr_line' id='line_1_4' title="bbox 149 320 1535 378; baseline 0.002 -16"><span class='ocrx_word' id='word_1_29' title='bbox 149 321 448 378; x_wconf 79' lang='lat' dir='ltr'>‘compositam</span> <span class='ocrx_word' id='word_1_30' title='bbox 483 321 646 362; x_wconf 89' lang='lat' dir='ltr'>turbare</span> <span class='ocrx_word' id='word_1_31' title='bbox 679 320 836 361; x_wconf 85' lang='lat' dir='ltr'>volunt.</span> <span class='ocrx_word' id='word_1_32' title='bbox 899 320 948 361; x_wconf 88' lang='lat' dir='ltr'>In</span> <span class='ocrx_word' id='word_1_33' title='bbox 981 337 1065 377; x_wconf 89' lang='lat' dir='ltr'>qua</span> <span class='ocrx_word' id='word_1_34' title='bbox 1095 322 1398 364; x_wconf 86' lang='lat' dir='ltr'>consultatione</span> <span class='ocrx_word' id='word_1_35' title='bbox 1429 324 1535 365; x_wconf 91' lang='lat' dir='ltr'>nihil</span> 
     </span>
     <span class='ocr_line' id='line_1_5' title="bbox 149 378 1219 428; baseline 0.001 -8"><span class='ocrx_word' id='word_1_36' title='bbox 149 384 162 402; x_wconf 93' lang='lat'>‘</span> <span class='ocrx_word' id='word_1_37' title='bbox 176 379 342 420; x_wconf 88' lang='lat' dir='ltr'>fortuna</span> <span class='ocrx_word' id='word_1_38' title='bbox 362 379 549 428; x_wconf 87' lang='lat' dir='ltr'>mutavit,</span> <span class='ocrx_word' id='word_1_39' title='bbox 573 393 647 420; x_wconf 90' lang='lat' dir='ltr'>cur</span> <span class='ocrx_word' id='word_1_40' title='bbox 666 393 737 420; x_wconf 88' lang='lat' dir='ltr'>vos</span> <span class='ocrx_word' id='word_1_41' title='bbox 759 378 940 428; x_wconf 87' lang='lat' dir='ltr'>mutetis,</span> <span class='ocrx_word' id='word_1_42' title='bbox 964 394 1049 420; x_wconf 88' lang='lat' dir='ltr'>non</span> <span class='ocrx_word' id='word_1_43' title='bbox 1073 379 1219 421; x_wconf 82' lang='lat' dir='ltr'>video.’</span> 
     </span>
    </p>

    <p class='ocr_par' dir='ltr' id='par_1_3' title="bbox 146 435 1725 727">
     <span class='ocr_line' id='line_1_6' title="bbox 209 435 1678 492; baseline 0.002 -15"><span class='ocrx_word' id='word_1_44' title='bbox 209 436 451 478; x_wconf 86' lang='lat' dir='ltr'>Secundum</span> <span class='ocrx_word' id='word_1_45' title='bbox 477 435 746 485; x_wconf 88' lang='lat' dir='ltr'>Macedonas,</span> <span class='ocrx_word' id='word_1_46' title='bbox 769 436 869 492; x_wconf 88' lang='lat' dir='ltr'>ipsis</span> <span class='ocrx_word' id='word_1_47' title='bbox 897 435 1101 477; x_wconf 83' lang='lat' dir='ltr'>Romanis</span> <span class='ocrx_word' id='word_1_48' title='bbox 1128 438 1186 479; x_wconf 84' lang='lat' dir='ltr'>ita</span> <span class='ocrx_word' id='word_1_49' title='bbox 1207 438 1535 480; x_wconf 83' lang='lat' dir='ltr'>concedentibus</span> <span class='ocrx_word' id='word_1_50' title='bbox 1611 447 1678 485; x_wconf 83' lang='lat'>30,</span> 
     </span>
     <span class='ocr_line' id='line_1_7' title="bbox 148 493 1536 551; baseline 0.002 -16"><span class='ocrx_word' id='word_1_51' title='bbox 148 494 485 550; x_wconf 88' lang='lat' dir='ltr'>iubentibusque,</span> <span class='ocrx_word' id='word_1_52' title='bbox 509 494 804 544; x_wconf 80' lang='lat' dir='ltr'>Athenienses,</span> <span class='ocrx_word' id='word_1_53' title='bbox 829 493 902 550; x_wconf 86' lang='lat' dir='ltr'>qui</span> <span class='ocrx_word' id='word_1_54' title='bbox 926 494 1048 536; x_wconf 87' lang='lat' dir='ltr'>foeda</span> <span class='ocrx_word' id='word_1_55' title='bbox 1068 496 1176 551; x_wconf 89' lang='lat' dir='ltr'>passi</span> <span class='ocrx_word' id='word_1_56' title='bbox 1200 496 1348 538; x_wconf 90' lang='lat' dir='ltr'>iustius</span> <span class='ocrx_word' id='word_1_57' title='bbox 1375 497 1420 537; x_wconf 92' lang='lat' dir='ltr'>in</span> <span class='ocrx_word' id='word_1_58' title='bbox 1442 512 1536 538; x_wconf 87' lang='lat' dir='ltr'>cru-</span> 
     </span>
     <span class='ocr_line' id='line_1_8' title="bbox 148 551 1536 609; baseline 0.002 -16"><span class='ocrx_word' id='word_1_59' title='bbox 148 551 362 593; x_wconf 88' lang='lat' dir='ltr'>delitatem</span> <span class='ocrx_word' id='word_1_60' title='bbox 398 552 694 608; x_wconf 80' lang='lat' dir='ltr'>saevitiamque</span> <span class='ocrx_word' id='word_1_61' title='bbox 735 552 843 608; x_wconf 80' lang='lat' dir='ltr'>regis</span> <span class='ocrx_word' id='word_1_62' title='bbox 883 552 1025 593; x_wconf 86' lang='lat' dir='ltr'>invehi</span> <span class='ocrx_word' id='word_1_63' title='bbox 1064 561 1269 609; x_wconf 83' lang='lat' dir='ltr'>poterant,</span> <span class='ocrx_word' id='word_1_64' title='bbox 1306 554 1536 596; x_wconf 83' lang='lat' dir='ltr'>introducti</span> 
     </span>
     <span class='ocr_line' id='line_1_9' title="bbox 147 609 1537 668; baseline 0.003 -18"><span class='ocrx_word' id='word_1_65' title='bbox 147 618 255 651; x_wconf 88' lang='lat' dir='ltr'>sunt.</span> <span class='ocrx_word' id='word_1_66' title='bbox 318 609 655 666; x_wconf 88' lang='lat' dir='ltr'>Deploraverunt</span> <span class='ocrx_word' id='word_1_67' title='bbox 680 610 951 651; x_wconf 86' lang='lat' dir='ltr'>vastationem</span> <span class='ocrx_word' id='word_1_68' title='bbox 982 610 1381 668; x_wconf 83' lang='lat' dir='ltr'>populationemque</span> <span class='ocrx_word' id='word_1_69' title='bbox 1414 613 1537 654; x_wconf 88' lang='lat' dir='ltr'>mise-</span> 
     </span>
     <span class='ocr_line' id='line_1_10' title="bbox 146 667 1725 727; baseline 0.001 -19"><span class='ocrx_word' id='word_1_70' title='bbox 146 667 318 709; x_wconf 87' lang='lat' dir='ltr'>rabilem</span> <span class='ocrx_word' id='word_1_71' title='bbox 349 683 552 724; x_wconf 83' lang='lat' dir='ltr'>agrorum.</span> <span class='ocrx_word' id='word_1_72' title='bbox 616 667 795 723; x_wconf 85' lang='lat' dir='ltr'>‘Neque</span> <span class='ocrx_word' id='word_1_73' title='bbox 826 667 871 708; x_wconf 89' lang='lat' dir='ltr'>id</span> <span class='ocrx_word' id='word_1_74' title='bbox 900 683 942 709; x_wconf 89' lang='lat' dir='ltr'>se</span> <span class='ocrx_word' id='word_1_75' title='bbox 976 669 1107 724; x_wconf 91' lang='lat' dir='ltr'>queri,</span> <span class='ocrx_word' id='word_1_76' title='bbox 1141 669 1256 725; x_wconf 88' lang='lat' dir='ltr'>quod</span> <span class='ocrx_word' id='word_1_77' title='bbox 1290 670 1456 712; x_wconf 87' lang='lat' dir='ltr'>hostilia</span> <span class='ocrx_word' id='word_1_78' title='bbox 1485 671 1536 712; x_wconf 86' lang='lat' dir='ltr'>ab</span> <span class='ocrx_word' id='word_1_79' title='bbox 1550 678 1725 727; x_wconf 54' lang='lat' dir='ltr'>Athenien-</span> 
     </span>
    </p>

    <p class='ocr_par' dir='ltr' id='par_1_4' title="bbox 115 725 1714 842">
     <span class='ocr_line' id='line_1_11' title="bbox 115 725 1714 794; baseline 0.003 -28"><span class='ocrx_word' id='word_1_80' title='bbox 115 733 135 766; x_wconf 91' lang='lat'><strong>6</strong></span> <span class='ocrx_word' id='word_1_81' title='bbox 149 725 291 767; x_wconf 88' lang='lat' dir='ltr'>‘hoste</span> <span class='ocrx_word' id='word_1_82' title='bbox 312 726 416 782; x_wconf 86' lang='lat' dir='ltr'>passi</span> <span class='ocrx_word' id='word_1_83' title='bbox 440 726 599 767; x_wconf 88' lang='lat' dir='ltr'>forent:</span> <span class='ocrx_word' id='word_1_84' title='bbox 633 741 720 768; x_wconf 86' lang='lat' dir='ltr'>esse</span> <span class='ocrx_word' id='word_1_85' title='bbox 738 725 851 767; x_wconf 88' lang='lat' dir='ltr'>enim</span> <span class='ocrx_word' id='word_1_86' title='bbox 873 726 1079 781; x_wconf 84' lang='lat' dir='ltr'>quaedam</span> <span class='ocrx_word' id='word_1_87' title='bbox 1095 727 1194 768; x_wconf 87' lang='lat' dir='ltr'>belli</span> <span class='ocrx_word' id='word_1_88' title='bbox 1215 728 1306 769; x_wconf 89' lang='lat' dir='ltr'>iura</span> <span class='ocrx_word' id='word_1_89' title='bbox 1318 744 1328 777; x_wconf 81' lang='lat'><em>3</em></span> <span class='ocrx_word' id='word_1_90' title='bbox 1362 744 1469 785; x_wconf 88' lang='lat' dir='ltr'>quae</span> <span class='ocrx_word' id='word_1_91' title='bbox 1490 739 1537 770; x_wconf 88' lang='lat' dir='ltr'>ut</span> <span class='ocrx_word' id='word_1_92' title='bbox 1549 732 1631 794; x_wconf 54' lang='lat' dir='ltr'>{ium</span> <span class='ocrx_word' id='word_1_93' title='bbox 1647 732 1714 753; x_wconf 80' lang='lat' dir='ltr'>ora-</span> 
     </span>
     <span class='ocr_line' id='line_1_12' title="bbox 148 775 1605 842; baseline 0.003 -17"><span class='ocrx_word' id='word_1_94' title='bbox 148 783 320 834; x_wconf 84' lang='lat' dir='ltr'>‘facere,</span> <span class='ocrx_word' id='word_1_95' title='bbox 351 784 409 825; x_wconf 90' lang='lat' dir='ltr'>ita</span> <span class='ocrx_word' id='word_1_96' title='bbox 438 784 525 840; x_wconf 90' lang='lat' dir='ltr'>pati</span> <span class='ocrx_word' id='word_1_97' title='bbox 559 784 612 825; x_wconf 88' lang='lat' dir='ltr'>sit</span> <span class='ocrx_word' id='word_1_98' title='bbox 641 784 712 825; x_wconf 91' lang='lat' dir='ltr'>fas.</span> <span class='ocrx_word' id='word_1_99' title='bbox 778 783 875 825; x_wconf 84' lang='lat' dir='ltr'>Sata</span> <span class='ocrx_word' id='word_1_100' title='bbox 905 784 1037 834; x_wconf 83' lang='lat' dir='ltr'>exuri,</span> <span class='ocrx_word' id='word_1_101' title='bbox 1070 784 1180 826; x_wconf 88' lang='lat' dir='ltr'>dirui</span> <span class='ocrx_word' id='word_1_102' title='bbox 1211 794 1332 836; x_wconf 88' lang='lat' dir='ltr'>tecta,</span> <span class='ocrx_word' id='word_1_103' title='bbox 1364 786 1539 842; x_wconf 85' lang='lat' dir='ltr'>praedas</span> <span class='ocrx_word' id='word_1_104' title='bbox 1563 775 1605 796; x_wconf 61' lang='grc' dir='ltr'>ω’</span> 
     </span>
    </p>

    <p class='ocr_par' dir='ltr' id='par_1_5' title="bbox 117 841 1539 1239">
     <span class='ocr_line' id='line_1_13' title="bbox 117 841 1536 901; baseline 0.003 -19"><span class='ocrx_word' id='word_1_105' title='bbox 117 841 395 891; x_wconf 82' lang='lat' dir='ltr'>7‘hominum</span> <span class='ocrx_word' id='word_1_106' title='bbox 422 857 706 898; x_wconf 89' lang='lat' dir='ltr'>pecorumque</span> <span class='ocrx_word' id='word_1_107' title='bbox 738 841 817 896; x_wconf 76' lang='lat' dir='ltr'>agi,</span> <span class='ocrx_word' id='word_1_108' title='bbox 841 842 992 883; x_wconf 87' lang='lat' dir='ltr'>misera</span> <span class='ocrx_word' id='word_1_109' title='bbox 1019 843 1161 899; x_wconf 81' lang='lat' dir='ltr'>magis,</span> <span class='ocrx_word' id='word_1_110' title='bbox 1192 859 1318 900; x_wconf 89' lang='lat' dir='ltr'>quam</span> <span class='ocrx_word' id='word_1_111' title='bbox 1349 844 1536 901; x_wconf 81' lang='lat' dir='ltr'>indigna,</span> 
     </span>
     <span class='ocr_line' id='line_1_14' title="bbox 148 899 1534 959; baseline 0.003 -19"><span class='ocrx_word' id='word_1_112' title='bbox 148 899 348 955; x_wconf 89' lang='lat' dir='ltr'>‘patienti</span> <span class='ocrx_word' id='word_1_113' title='bbox 369 915 468 941; x_wconf 89' lang='lat' dir='ltr'>esse.</span> <span class='ocrx_word' id='word_1_114' title='bbox 529 899 689 941; x_wconf 80' lang='lat' dir='ltr'>Verum</span> <span class='ocrx_word' id='word_1_115' title='bbox 712 900 825 941; x_wconf 88' lang='lat' dir='ltr'>enim</span> <span class='ocrx_word' id='word_1_116' title='bbox 846 915 944 941; x_wconf 89' lang='lat' dir='ltr'>vero</span> <span class='ocrx_word' id='word_1_117' title='bbox 971 900 1017 941; x_wconf 89' lang='lat' dir='ltr'>id</span> <span class='ocrx_word' id='word_1_118' title='bbox 1037 915 1080 941; x_wconf 88' lang='lat' dir='ltr'>se</span> <span class='ocrx_word' id='word_1_119' title='bbox 1103 902 1235 957; x_wconf 91' lang='lat' dir='ltr'>queri,</span> <span class='ocrx_word' id='word_1_120' title='bbox 1258 902 1374 958; x_wconf 91' lang='lat' dir='ltr'>quod</span> <span class='ocrx_word' id='word_1_121' title='bbox 1393 903 1440 953; x_wconf 88' lang='lat' dir='ltr'>is,</span> <span class='ocrx_word' id='word_1_122' title='bbox 1464 903 1534 959; x_wconf 89' lang='lat' dir='ltr'>qui</span> 
     </span>
     <span class='ocr_line' id='line_1_15' title="bbox 149 957 1538 1014; baseline 0.003 -16"><span class='ocrx_word' id='word_1_123' title='bbox 149 962 162 980; x_wconf 91' lang='lat'>‘</span> <span class='ocrx_word' id='word_1_124' title='bbox 178 957 393 999; x_wconf 85' lang='lat' dir='ltr'>Romanos</span> <span class='ocrx_word' id='word_1_125' title='bbox 414 957 667 1014; x_wconf 77' lang='lat' dir='ltr'>alienigenas</span> <span class='ocrx_word' id='word_1_126' title='bbox 689 967 731 998; x_wconf 90' lang='lat' dir='ltr'>et</span> <span class='ocrx_word' id='word_1_127' title='bbox 758 958 950 999; x_wconf 88' lang='lat' dir='ltr'>barbaros</span> <span class='ocrx_word' id='word_1_128' title='bbox 971 967 1103 1008; x_wconf 86' lang='lat' dir='ltr'>vocet,</span> <span class='ocrx_word' id='word_1_129' title='bbox 1128 958 1232 1001; x_wconf 88' lang='lat' dir='ltr'>adeo</span> <span class='ocrx_word' id='word_1_130' title='bbox 1253 960 1394 1001; x_wconf 86' lang='lat' dir='ltr'>omnia</span> <span class='ocrx_word' id='word_1_131' title='bbox 1414 960 1538 1002; x_wconf 89' lang='lat' dir='ltr'>simul</span> 
     </span>
     <span class='ocr_line' id='line_1_16' title="bbox 149 1014 1536 1074; baseline 0.003 -18"><span class='ocrx_word' id='word_1_132' title='bbox 149 1014 319 1056; x_wconf 88' lang='lat' dir='ltr'>‘divina</span> <span class='ocrx_word' id='word_1_133' title='bbox 352 1015 618 1071; x_wconf 88' lang='lat' dir='ltr'>humanaque</span> <span class='ocrx_word' id='word_1_134' title='bbox 650 1016 741 1056; x_wconf 88' lang='lat' dir='ltr'>iura</span> <span class='ocrx_word' id='word_1_135' title='bbox 772 1015 980 1071; x_wconf 86' lang='lat' dir='ltr'>polluerit,</span> <span class='ocrx_word' id='word_1_136' title='bbox 1013 1025 1060 1057; x_wconf 87' lang='lat' dir='ltr'>ut</span> <span class='ocrx_word' id='word_1_137' title='bbox 1094 1017 1230 1073; x_wconf 90' lang='lat' dir='ltr'>priore</span> <span class='ocrx_word' id='word_1_138' title='bbox 1266 1017 1536 1074; x_wconf 89' lang='lat' dir='ltr'>populatione</span> 
     </span>
     <span class='ocr_line' id='line_1_17' title="bbox 149 1073 1534 1130; baseline 0.002 -16"><span class='ocrx_word' id='word_1_139' title='bbox 149 1078 271 1114; x_wconf 88' lang='lat' dir='ltr'>‘cum</span> <span class='ocrx_word' id='word_1_140' title='bbox 300 1073 472 1115; x_wconf 87' lang='lat' dir='ltr'>infernis</span> <span class='ocrx_word' id='word_1_141' title='bbox 500 1074 592 1123; x_wconf 83' lang='lat' dir='ltr'>diis,</span> <span class='ocrx_word' id='word_1_142' title='bbox 622 1073 806 1115; x_wconf 88' lang='lat' dir='ltr'>secunda</span> <span class='ocrx_word' id='word_1_143' title='bbox 833 1089 929 1114; x_wconf 90' lang='lat' dir='ltr'>cum</span> <span class='ocrx_word' id='word_1_144' title='bbox 957 1074 1116 1130; x_wconf 85' lang='lat' dir='ltr'>superis</span> <span class='ocrx_word' id='word_1_145' title='bbox 1143 1075 1300 1116; x_wconf 92' lang='lat' dir='ltr'>bellum</span> <span class='ocrx_word' id='word_1_146' title='bbox 1329 1076 1534 1117; x_wconf 88' lang='lat' dir='ltr'>nefarium</span> 
     </span>
     <span class='ocr_line' id='line_1_18' title="bbox 149 1131 1537 1188; baseline 0.004 -17"><span class='ocrx_word' id='word_1_147' title='bbox 149 1131 370 1185; x_wconf 84' lang='lat' dir='ltr'>‘gesserit:</span> <span class='ocrx_word' id='word_1_148' title='bbox 414 1132 554 1173; x_wconf 89' lang='lat' dir='ltr'>omnia</span> <span class='ocrx_word' id='word_1_149' title='bbox 589 1131 778 1187; x_wconf 90' lang='lat' dir='ltr'>sepulcra</span> <span class='ocrx_word' id='word_1_150' title='bbox 814 1141 1170 1188; x_wconf 88' lang='lat' dir='ltr'>monumentaque</span> <span class='ocrx_word' id='word_1_151' title='bbox 1201 1132 1339 1175; x_wconf 86' lang='lat' dir='ltr'>diruta</span> <span class='ocrx_word' id='word_1_152' title='bbox 1369 1149 1456 1176; x_wconf 89' lang='lat' dir='ltr'>esse</span> <span class='ocrx_word' id='word_1_153' title='bbox 1492 1135 1537 1175; x_wconf 90' lang='lat' dir='ltr'>in</span> 
     </span>
     <span class='ocr_line' id='line_1_19' title="bbox 149 1188 1539 1239; baseline 0.004 -11"><span class='ocrx_word' id='word_1_154' title='bbox 149 1188 324 1230; x_wconf 88' lang='lat' dir='ltr'>‘finibus</span> <span class='ocrx_word' id='word_1_155' title='bbox 359 1189 455 1238; x_wconf 83' lang='lat' dir='ltr'>suis,</span> <span class='ocrx_word' id='word_1_156' title='bbox 488 1189 675 1230; x_wconf 91' lang='lat' dir='ltr'>omnium</span> <span class='ocrx_word' id='word_1_157' title='bbox 712 1188 890 1230; x_wconf 88' lang='lat' dir='ltr'>nudatos</span> <span class='ocrx_word' id='word_1_158' title='bbox 927 1188 1091 1239; x_wconf 79' lang='lat' dir='ltr'>Manes,</span> <span class='ocrx_word' id='word_1_159' title='bbox 1123 1190 1278 1232; x_wconf 89' lang='lat' dir='ltr'>nullius</span> <span class='ocrx_word' id='word_1_160' title='bbox 1309 1207 1399 1233; x_wconf 88' lang='lat' dir='ltr'>ossa</span> <span class='ocrx_word' id='word_1_161' title='bbox 1428 1201 1539 1233; x_wconf 86' lang='lat' dir='ltr'>terra</span> 
     </span>
    </p>

    <p class='ocr_par' dir='ltr' id='par_1_6' title="bbox 114 1246 1538 2287">
     <span class='ocr_line' id='line_1_20' title="bbox 114 1246 1538 1305; baseline 0.003 -18"><span class='ocrx_word' id='word_1_162' title='bbox 114 1246 283 1301; x_wconf 75' lang='lat' dir='ltr'>s‘tegi:</span> <span class='ocrx_word' id='word_1_163' title='bbox 327 1246 500 1288; x_wconf 91' lang='lat' dir='ltr'>delubra</span> <span class='ocrx_word' id='word_1_164' title='bbox 530 1246 607 1288; x_wconf 85' lang='lat' dir='ltr'>sibi</span> <span class='ocrx_word' id='word_1_165' title='bbox 638 1247 775 1297; x_wconf 88' lang='lat' dir='ltr'>fuisse,</span> <span class='ocrx_word' id='word_1_166' title='bbox 808 1262 915 1302; x_wconf 89' lang='lat' dir='ltr'>quae</span> <span class='ocrx_word' id='word_1_167' title='bbox 952 1247 1167 1303; x_wconf 90' lang='lat' dir='ltr'>quondam</span> <span class='ocrx_word' id='word_1_168' title='bbox 1200 1250 1383 1305; x_wconf 84' lang='lat' dir='ltr'>pagatim</span> <span class='ocrx_word' id='word_1_169' title='bbox 1418 1249 1538 1291; x_wconf 84' lang='lat' dir='ltr'>habi-</span> 
     </span>
     <span class='ocr_line' id='line_1_21' title="bbox 148 1304 1537 1361; baseline 0.003 -17"><span class='ocrx_word' id='word_1_170' title='bbox 148 1308 160 1327; x_wconf 94' lang='lat'>‘</span> <span class='ocrx_word' id='word_1_171' title='bbox 176 1311 311 1345; x_wconf 85' lang='lat' dir='ltr'>tantes</span> <span class='ocrx_word' id='word_1_172' title='bbox 341 1305 386 1345; x_wconf 91' lang='lat' dir='ltr'>in</span> <span class='ocrx_word' id='word_1_173' title='bbox 416 1304 550 1361; x_wconf 82' lang='lat' dir='ltr'>parvis</span> <span class='ocrx_word' id='word_1_174' title='bbox 580 1304 660 1346; x_wconf 93' lang='lat' dir='ltr'>illis</span> <span class='ocrx_word' id='word_1_175' title='bbox 691 1304 868 1346; x_wconf 88' lang='lat' dir='ltr'>castellis</span> <span class='ocrx_word' id='word_1_176' title='bbox 898 1305 1083 1361; x_wconf 84' lang='lat' dir='ltr'>vicisque</span> <span class='ocrx_word' id='word_1_177' title='bbox 1117 1316 1369 1357; x_wconf 82' lang='lat' dir='ltr'>consecrata,</span> <span class='ocrx_word' id='word_1_178' title='bbox 1402 1323 1456 1349; x_wconf 92' lang='lat' dir='ltr'>ne</span> <span class='ocrx_word' id='word_1_179' title='bbox 1492 1308 1537 1348; x_wconf 89' lang='lat' dir='ltr'>in</span> 
     </span>
     <span class='ocr_line' id='line_1_22' title="bbox 148 1362 1538 1419; baseline 0.004 -17"><span class='ocrx_word' id='word_1_180' title='bbox 148 1367 299 1402; x_wconf 87' lang='lat' dir='ltr'>‘unam</span> <span class='ocrx_word' id='word_1_181' title='bbox 330 1363 476 1404; x_wconf 90' lang='lat' dir='ltr'>urbem</span> <span class='ocrx_word' id='word_1_182' title='bbox 505 1362 676 1419; x_wconf 86' lang='lat' dir='ltr'>quidem</span> <span class='ocrx_word' id='word_1_183' title='bbox 702 1363 928 1404; x_wconf 89' lang='lat' dir='ltr'>contributi</span> <span class='ocrx_word' id='word_1_184' title='bbox 954 1364 1130 1405; x_wconf 88' lang='lat' dir='ltr'>maiores</span> <span class='ocrx_word' id='word_1_185' title='bbox 1157 1364 1221 1405; x_wconf 88' lang='lat' dir='ltr'>sui</span> <span class='ocrx_word' id='word_1_186' title='bbox 1250 1365 1414 1406; x_wconf 90' lang='lat' dir='ltr'>deserta</span> <span class='ocrx_word' id='word_1_187' title='bbox 1441 1365 1538 1406; x_wconf 88' lang='lat' dir='ltr'>reli-</span> 
     </span>
     <span class='ocr_line' id='line_1_23' title="bbox 148 1419 1538 1478; baseline 0.004 -18"><span class='ocrx_word' id='word_1_188' title='bbox 148 1420 351 1476; x_wconf 89' lang='lat' dir='ltr'>‘querint.</span> <span class='ocrx_word' id='word_1_189' title='bbox 417 1419 543 1462; x_wconf 89' lang='lat' dir='ltr'>Circa</span> <span class='ocrx_word' id='word_1_190' title='bbox 571 1436 620 1462; x_wconf 88' lang='lat' dir='ltr'>ea</span> <span class='ocrx_word' id='word_1_191' title='bbox 641 1420 780 1462; x_wconf 89' lang='lat' dir='ltr'>omnia</span> <span class='ocrx_word' id='word_1_192' title='bbox 808 1420 965 1477; x_wconf 90' lang='lat' dir='ltr'>templa</span> <span class='ocrx_word' id='word_1_193' title='bbox 992 1421 1238 1478; x_wconf 87' lang='lat' dir='ltr'>Philippum</span> <span class='ocrx_word' id='word_1_194' title='bbox 1266 1422 1437 1464; x_wconf 88' lang='lat' dir='ltr'>infestos</span> <span class='ocrx_word' id='word_1_195' title='bbox 1458 1424 1538 1464; x_wconf 89' lang='lat' dir='ltr'>cir-</span> 
     </span>
     <span class='ocr_line' id='line_1_24' title="bbox 148 1478 1535 1535; baseline 0.003 -16"><span class='ocrx_word' id='word_1_196' title='bbox 148 1478 415 1520; x_wconf 90' lang='lat' dir='ltr'>‘cumtulisse</span> <span class='ocrx_word' id='word_1_197' title='bbox 451 1479 592 1535; x_wconf 82' lang='lat' dir='ltr'>ignes:</span> <span class='ocrx_word' id='word_1_198' title='bbox 636 1479 833 1520; x_wconf 86' lang='lat' dir='ltr'>semiusta</span> <span class='ocrx_word' id='word_1_199' title='bbox 863 1488 905 1520; x_wconf 92' lang='lat' dir='ltr'>et</span> <span class='ocrx_word' id='word_1_200' title='bbox 937 1487 1126 1521; x_wconf 86' lang='lat' dir='ltr'>truncata</span> <span class='ocrx_word' id='word_1_201' title='bbox 1157 1480 1375 1522; x_wconf 90' lang='lat' dir='ltr'>simulacra</span> <span class='ocrx_word' id='word_1_202' title='bbox 1407 1481 1535 1523; x_wconf 90' lang='lat' dir='ltr'>deum</span> 
     </span>
     <span class='ocr_line' id='line_1_25' title="bbox 148 1535 1535 1593; baseline 0.004 -17"><span class='ocrx_word' id='word_1_203' title='bbox 148 1540 160 1559; x_wconf 97' lang='lat'>‘</span> <span class='ocrx_word' id='word_1_204' title='bbox 174 1535 285 1576; x_wconf 87' lang='lat' dir='ltr'>inter</span> <span class='ocrx_word' id='word_1_205' title='bbox 305 1545 528 1593; x_wconf 87' lang='lat' dir='ltr'>prostratos</span> <span class='ocrx_word' id='word_1_206' title='bbox 548 1536 682 1578; x_wconf 89' lang='lat' dir='ltr'>iacere</span> <span class='ocrx_word' id='word_1_207' title='bbox 699 1546 837 1593; x_wconf 86' lang='lat' dir='ltr'>postes</span> <span class='ocrx_word' id='word_1_208' title='bbox 859 1537 1118 1593; x_wconf 88' lang='lat' dir='ltr'>templorum.</span> <span class='ocrx_word' id='word_1_209' title='bbox 1185 1537 1366 1587; x_wconf 79' lang='lat' dir='ltr'>Qualem</span> <span class='ocrx_word' id='word_1_210' title='bbox 1384 1548 1535 1581; x_wconf 88' lang='lat' dir='ltr'>terram</span> 
     </span>
     <span class='ocr_line' id='line_1_26' title="bbox 147 1593 1535 1652; baseline 0.003 -18"><span class='ocrx_word' id='word_1_211' title='bbox 147 1598 159 1616; x_wconf 89' lang='lat'>‘</span> <span class='ocrx_word' id='word_1_212' title='bbox 175 1593 362 1635; x_wconf 86' lang='lat' dir='ltr'>Atticam</span> <span class='ocrx_word' id='word_1_213' title='bbox 383 1594 539 1644; x_wconf 86' lang='lat' dir='ltr'>fecerit,</span> <span class='ocrx_word' id='word_1_214' title='bbox 557 1604 799 1636; x_wconf 78' lang='lat' dir='ltr'>exornatam</span> <span class='ocrx_word' id='word_1_215' title='bbox 816 1595 1029 1650; x_wconf 88' lang='lat' dir='ltr'>quondam</span> <span class='ocrx_word' id='word_1_216' title='bbox 1051 1595 1390 1652; x_wconf 86' lang='lat' dir='ltr'>opulentamque,</span> <span class='ocrx_word' id='word_1_217' title='bbox 1409 1597 1535 1638; x_wconf 88' lang='lat' dir='ltr'>talem</span> 
     </span>
     <span class='ocr_line' id='line_1_27' title="bbox 149 1652 1532 1709; baseline 0.003 -17"><span class='ocrx_word' id='word_1_218' title='bbox 149 1656 283 1701; x_wconf 89' lang='lat' dir='ltr'>‘eum,</span> <span class='ocrx_word' id='word_1_219' title='bbox 305 1653 339 1693; x_wconf 90' lang='lat' dir='ltr'>si</span> <span class='ocrx_word' id='word_1_220' title='bbox 366 1652 502 1703; x_wconf 89' lang='lat' dir='ltr'>liceat,</span> <span class='ocrx_word' id='word_1_221' title='bbox 526 1652 751 1702; x_wconf 77' lang='lat' dir='ltr'>Aetoliam,</span> <span class='ocrx_word' id='word_1_222' title='bbox 782 1652 1088 1709; x_wconf 85' lang='lat' dir='ltr'>Graeciamque</span> <span class='ocrx_word' id='word_1_223' title='bbox 1118 1669 1286 1695; x_wconf 89' lang='lat' dir='ltr'>omnem</span> <span class='ocrx_word' id='word_1_224' title='bbox 1314 1655 1532 1696; x_wconf 88' lang='lat' dir='ltr'>facturum.</span> 
     </span>
     <span class='ocr_line' id='line_1_28' title="bbox 149 1708 1535 1767; baseline 0.003 -17"><span class='ocrx_word' id='word_1_225' title='bbox 149 1708 301 1750; x_wconf 87' lang='lat' dir='ltr'>‘Urbis</span> <span class='ocrx_word' id='word_1_226' title='bbox 323 1725 490 1767; x_wconf 90' lang='lat' dir='ltr'>quoque</span> <span class='ocrx_word' id='word_1_227' title='bbox 522 1726 619 1752; x_wconf 89' lang='lat' dir='ltr'>suae</span> <span class='ocrx_word' id='word_1_228' title='bbox 649 1710 825 1752; x_wconf 85' lang='lat' dir='ltr'>similem</span> <span class='ocrx_word' id='word_1_229' title='bbox 853 1710 1159 1753; x_wconf 88' lang='lat' dir='ltr'>deformitatem</span> <span class='ocrx_word' id='word_1_230' title='bbox 1185 1712 1366 1753; x_wconf 86' lang='lat' dir='ltr'>futuram</span> <span class='ocrx_word' id='word_1_231' title='bbox 1395 1713 1535 1763; x_wconf 81' lang='lat' dir='ltr'>fuisse,</span> 
     </span>
     <span class='ocr_line' id='line_1_29' title="bbox 147 1767 1535 1812; baseline 0.003 -4"><span class='ocrx_word' id='word_1_232' title='bbox 147 1767 253 1808; x_wconf 88' lang='lat' dir='ltr'>‘nisi</span> <span class='ocrx_word' id='word_1_233' title='bbox 287 1768 470 1809; x_wconf 86' lang='lat' dir='ltr'>Romani</span> <span class='ocrx_word' id='word_1_234' title='bbox 505 1769 803 1810; x_wconf 83' lang='lat' dir='ltr'>subvenissent.</span> <span class='ocrx_word' id='word_1_235' title='bbox 866 1769 1028 1810; x_wconf 88' lang='lat' dir='ltr'>Eodem</span> <span class='ocrx_word' id='word_1_236' title='bbox 1061 1770 1174 1811; x_wconf 89' lang='lat' dir='ltr'>enim</span> <span class='ocrx_word' id='word_1_237' title='bbox 1205 1770 1358 1812; x_wconf 88' lang='lat' dir='ltr'>scelere</span> <span class='ocrx_word' id='word_1_238' title='bbox 1389 1772 1535 1812; x_wconf 86' lang='lat' dir='ltr'>urbem</span> 
     </span>
     <span class='ocr_line' id='line_1_30' title="bbox 147 1824 1533 1885; baseline 0.003 -19"><span class='ocrx_word' id='word_1_239' title='bbox 147 1824 358 1867; x_wconf 88' lang='lat' dir='ltr'>‘colentes</span> <span class='ocrx_word' id='word_1_240' title='bbox 397 1827 510 1876; x_wconf 89' lang='lat' dir='ltr'>deos,</span> <span class='ocrx_word' id='word_1_241' title='bbox 552 1827 870 1883; x_wconf 87' lang='lat' dir='ltr'>praesidemque</span> <span class='ocrx_word' id='word_1_242' title='bbox 911 1827 1014 1868; x_wconf 88' lang='lat' dir='ltr'>arcis</span> <span class='ocrx_word' id='word_1_243' title='bbox 1054 1827 1292 1869; x_wconf 87' lang='lat' dir='ltr'>Minervam</span> <span class='ocrx_word' id='word_1_244' title='bbox 1331 1829 1533 1885; x_wconf 85' lang='lat' dir='ltr'>petitam:</span> 
     </span>
     <span class='ocr_line' id='line_1_31' title="bbox 146 1883 1535 1941; baseline 0.003 -17"><span class='ocrx_word' id='word_1_245' title='bbox 146 1883 322 1925; x_wconf 88' lang='lat' dir='ltr'>‘eodem</span> <span class='ocrx_word' id='word_1_246' title='bbox 352 1884 549 1926; x_wconf 86' lang='lat' dir='ltr'>Eleusine</span> <span class='ocrx_word' id='word_1_247' title='bbox 581 1884 746 1926; x_wconf 87' lang='lat' dir='ltr'>Cereris</span> <span class='ocrx_word' id='word_1_248' title='bbox 776 1885 991 1941; x_wconf 88' lang='lat' dir='ltr'>templum,</span> <span class='ocrx_word' id='word_1_249' title='bbox 1021 1886 1170 1927; x_wconf 89' lang='lat' dir='ltr'>eodem</span> <span class='ocrx_word' id='word_1_250' title='bbox 1199 1886 1363 1928; x_wconf 88' lang='lat' dir='ltr'>Piraeei</span> <span class='ocrx_word' id='word_1_251' title='bbox 1390 1886 1535 1928; x_wconf 88' lang='lat' dir='ltr'>Iovem</span> 
     </span>
     <span class='ocr_line' id='line_1_32' title="bbox 147 1940 1535 2000; baseline 0.003 -18"><span class='ocrx_word' id='word_1_252' title='bbox 147 1946 159 1964; x_wconf 90' lang='lat'>‘</span> <span class='ocrx_word' id='word_1_253' title='bbox 175 1940 525 1998; x_wconf 85' lang='lat' dir='ltr'>Minervamque3</span> <span class='ocrx_word' id='word_1_254' title='bbox 569 1943 642 1984; x_wconf 90' lang='lat' dir='ltr'>sed</span> <span class='ocrx_word' id='word_1_255' title='bbox 682 1943 732 1984; x_wconf 90' lang='lat' dir='ltr'>ab</span> <span class='ocrx_word' id='word_1_256' title='bbox 774 1959 918 1984; x_wconf 89' lang='lat' dir='ltr'>corum</span> <span class='ocrx_word' id='word_1_257' title='bbox 958 1959 1045 1985; x_wconf 91' lang='lat' dir='ltr'>non</span> <span class='ocrx_word' id='word_1_258' title='bbox 1086 1943 1251 2000; x_wconf 89' lang='lat' dir='ltr'>templis</span> <span class='ocrx_word' id='word_1_259' title='bbox 1292 1944 1428 1994; x_wconf 82' lang='lat' dir='ltr'>modo,</span> <span class='ocrx_word' id='word_1_260' title='bbox 1461 1945 1535 1986; x_wconf 85' lang='lat' dir='ltr'>sed</span> 
     </span>
     <span class='ocr_line' id='line_1_33' title="bbox 148 1999 1533 2057; baseline 0.003 -17"><span class='ocrx_word' id='word_1_261' title='bbox 148 1999 298 2040; x_wconf 87' lang='lat' dir='ltr'>‘etiam</span> <span class='ocrx_word' id='word_1_262' title='bbox 329 2001 546 2042; x_wconf 88' lang='lat' dir='ltr'>moenibus</span> <span class='ocrx_word' id='word_1_263' title='bbox 576 2001 617 2042; x_wconf 93' lang='lat' dir='ltr'>vi</span> <span class='ocrx_word' id='word_1_264' title='bbox 648 2010 772 2057; x_wconf 89' lang='lat' dir='ltr'>atque</span> <span class='ocrx_word' id='word_1_265' title='bbox 805 2001 927 2042; x_wconf 88' lang='lat' dir='ltr'>armis</span> <span class='ocrx_word' id='word_1_266' title='bbox 952 2001 1177 2057; x_wconf 86' lang='lat' dir='ltr'>repulsum,</span> <span class='ocrx_word' id='word_1_267' title='bbox 1202 2002 1244 2042; x_wconf 91' lang='lat' dir='ltr'>in</span> <span class='ocrx_word' id='word_1_268' title='bbox 1273 2018 1322 2043; x_wconf 85' lang='lat' dir='ltr'>ea</span> <span class='ocrx_word' id='word_1_269' title='bbox 1346 2002 1533 2052; x_wconf 85' lang='lat' dir='ltr'>delubra,</span> 
     </span>
     <span class='ocr_line' id='line_1_34' title="bbox 149 2058 1533 2115; baseline 0.002 -17"><span class='ocrx_word' id='word_1_270' title='bbox 149 2062 160 2080; x_wconf 91' lang='lat'>‘</span> <span class='ocrx_word' id='word_1_271' title='bbox 174 2073 280 2112; x_wconf 90' lang='lat' dir='ltr'>quae</span> <span class='ocrx_word' id='word_1_272' title='bbox 302 2058 387 2098; x_wconf 88' lang='lat' dir='ltr'>sola</span> <span class='ocrx_word' id='word_1_273' title='bbox 407 2058 608 2115; x_wconf 80' lang='lat' dir='ltr'>religione</span> <span class='ocrx_word' id='word_1_274' title='bbox 632 2067 721 2099; x_wconf 90' lang='lat' dir='ltr'>tuta</span> <span class='ocrx_word' id='word_1_275' title='bbox 741 2059 909 2108; x_wconf 88' lang='lat' dir='ltr'>fuerint,</span> <span class='ocrx_word' id='word_1_276' title='bbox 933 2060 1119 2100; x_wconf 88' lang='lat' dir='ltr'>saevisse.</span> <span class='ocrx_word' id='word_1_277' title='bbox 1182 2058 1330 2115; x_wconf 89' lang='lat' dir='ltr'>Itaque</span> <span class='ocrx_word' id='word_1_278' title='bbox 1353 2075 1395 2101; x_wconf 92' lang='lat' dir='ltr'>se</span> <span class='ocrx_word' id='word_1_279' title='bbox 1418 2075 1533 2102; x_wconf 88' lang='lat' dir='ltr'>orare</span> 
     </span>
     <span class='ocr_line' id='line_1_35' title="bbox 149 2116 1535 2171; baseline 0.003 -16"><span class='ocrx_word' id='word_1_280' title='bbox 149 2120 161 2138; x_wconf 96' lang='lat'>‘</span> <span class='ocrx_word' id='word_1_281' title='bbox 176 2124 301 2171; x_wconf 85' lang='lat' dir='ltr'>atque</span> <span class='ocrx_word' id='word_1_282' title='bbox 323 2116 535 2157; x_wconf 86' lang='lat' dir='ltr'>obsecrare</span> <span class='ocrx_word' id='word_1_283' title='bbox 559 2116 746 2166; x_wconf 82' lang='lat' dir='ltr'>Aetolos,</span> <span class='ocrx_word' id='word_1_284' title='bbox 765 2126 811 2157; x_wconf 88' lang='lat' dir='ltr'>ut</span> <span class='ocrx_word' id='word_1_285' title='bbox 827 2116 983 2157; x_wconf 87' lang='lat' dir='ltr'>miserti</span> <span class='ocrx_word' id='word_1_286' title='bbox 998 2116 1339 2166; x_wconf 82' lang='lat' dir='ltr'>Atheniensium,</span> <span class='ocrx_word' id='word_1_287' title='bbox 1358 2118 1535 2159; x_wconf 88' lang='lat' dir='ltr'>ducibus</span> 
     </span>
     <span class='ocr_line' id='line_1_36' title="bbox 149 2173 1535 2230; baseline 0.003 -17"><span class='ocrx_word' id='word_1_288' title='bbox 149 2173 251 2214; x_wconf 87' lang='lat' dir='ltr'>‘diis</span> <span class='ocrx_word' id='word_1_289' title='bbox 281 2173 595 2223; x_wconf 73' lang='lat' dir='ltr'>immortalibus,</span> <span class='ocrx_word' id='word_1_290' title='bbox 628 2174 781 2215; x_wconf 87' lang='lat' dir='ltr'>deinde</span> <span class='ocrx_word' id='word_1_291' title='bbox 820 2174 1034 2224; x_wconf 84' lang='lat' dir='ltr'>Romanis,</span> <span class='ocrx_word' id='word_1_292' title='bbox 1067 2175 1141 2230; x_wconf 89' lang='lat' dir='ltr'>qui</span> <span class='ocrx_word' id='word_1_293' title='bbox 1172 2175 1403 2216; x_wconf 87' lang='lat' dir='ltr'>secundum</span> <span class='ocrx_word' id='word_1_294' title='bbox 1434 2175 1535 2217; x_wconf 86' lang='lat' dir='ltr'>deos</span> 
     </span>
     <span class='ocr_line' id='line_1_37' title="bbox 148 2230 1075 2287; baseline 0.001 -16"><span class='ocrx_word' id='word_1_295' title='bbox 148 2236 160 2254; x_wconf 98' lang='lat'>‘</span> <span class='ocrx_word' id='word_1_296' title='bbox 174 2230 402 2287; x_wconf 89' lang='lat' dir='ltr'>plurimum</span> <span class='ocrx_word' id='word_1_297' title='bbox 422 2232 592 2287; x_wconf 84' lang='lat' dir='ltr'>possint,</span> <span class='ocrx_word' id='word_1_298' title='bbox 615 2231 771 2273; x_wconf 89' lang='lat' dir='ltr'>bellum</span> <span class='ocrx_word' id='word_1_299' title='bbox 793 2232 1075 2287; x_wconf 84' lang='lat' dir='ltr'>susciperent.’</span> 
     </span>
    </p>

    <p class='ocr_par' dir='ltr' id='par_1_7' title="bbox 205 2289 1677 2345">
     <span class='ocr_line' id='line_1_38' title="bbox 205 2289 1677 2345; baseline 0.001 -16"><span class='ocrx_word' id='word_1_300' title='bbox 205 2289 317 2330; x_wconf 90' lang='lat' dir='ltr'>Tum</span> <span class='ocrx_word' id='word_1_301' title='bbox 340 2289 557 2330; x_wconf 85' lang='lat' dir='ltr'>Romanus</span> <span class='ocrx_word' id='word_1_302' title='bbox 578 2289 761 2345; x_wconf 78' lang='lat' dir='ltr'>legatus:</span> <span class='ocrx_word' id='word_1_303' title='bbox 799 2290 976 2330; x_wconf 87' lang='lat' dir='ltr'>‘Totam</span> <span class='ocrx_word' id='word_1_304' title='bbox 1003 2289 1199 2331; x_wconf 88' lang='lat' dir='ltr'>orationis</span> <span class='ocrx_word' id='word_1_305' title='bbox 1221 2306 1336 2331; x_wconf 85' lang='lat' dir='ltr'>meae</span> <span class='ocrx_word' id='word_1_306' title='bbox 1359 2291 1533 2332; x_wconf 85' lang='lat' dir='ltr'>formam</span> <span class='ocrx_word' id='word_1_307' title='bbox 1611 2292 1677 2331; x_wconf 88' lang='grc'>31.</span> 
     </span>
    </p>

    <p class='ocr_par' dir='ltr' id='par_1_8' title="bbox 148 2346 1745 2515">
     <span class='ocr_line' id='line_1_39' title="bbox 148 2346 1745 2403; baseline 0 -15"><span class='ocrx_word' id='word_1_308' title='bbox 148 2352 159 2370; x_wconf 94' lang='lat'>‘</span> <span class='ocrx_word' id='word_1_309' title='bbox 177 2346 432 2388; x_wconf 89' lang='lat' dir='ltr'>Macedones</span> <span class='ocrx_word' id='word_1_310' title='bbox 451 2348 646 2403; x_wconf 88' lang='lat' dir='ltr'>primum,</span> <span class='ocrx_word' id='word_1_311' title='bbox 664 2347 818 2388; x_wconf 86' lang='lat' dir='ltr'>deinde</span> <span class='ocrx_word' id='word_1_312' title='bbox 836 2347 1117 2388; x_wconf 82' lang='lat' dir='ltr'>Athenienses</span> <span class='ocrx_word' id='word_1_313' title='bbox 1133 2357 1358 2390; x_wconf 86' lang='lat' dir='ltr'>mutarunt.</span> <span class='ocrx_word' id='word_1_314' title='bbox 1422 2348 1533 2390; x_wconf 90' lang='lat' dir='ltr'>Nam</span> <span class='ocrx_word' id='word_1_315' title='bbox 1549 2348 1661 2395; x_wconf 58' lang='lat' dir='ltr'>Legati</span> <span class='ocrx_word' id='word_1_316' title='bbox 1678 2349 1745 2379; x_wconf 87' lang='lat' dir='ltr'>Ro-</span> 
     </span>
     <span class='ocr_line' id='line_1_40' title="bbox 149 2400 1718 2465; baseline 0.002 -20"><span class='ocrx_word' id='word_1_317' title='bbox 149 2411 160 2428; x_wconf 91' lang='lat'>‘</span> <span class='ocrx_word' id='word_1_318' title='bbox 176 2413 218 2446; x_wconf 87' lang='lat' dir='ltr'>ct</span> <span class='ocrx_word' id='word_1_319' title='bbox 240 2404 508 2454; x_wconf 79' lang='lat' dir='ltr'>Macedones,</span> <span class='ocrx_word' id='word_1_320' title='bbox 527 2420 657 2461; x_wconf 89' lang='lat' dir='ltr'>quum</span> <span class='ocrx_word' id='word_1_321' title='bbox 679 2405 732 2446; x_wconf 88' lang='lat' dir='ltr'>ad</span> <span class='ocrx_word' id='word_1_322' title='bbox 753 2405 1068 2461; x_wconf 83' lang='lat' dir='ltr'>conquerendas</span> <span class='ocrx_word' id='word_1_323' title='bbox 1090 2405 1276 2462; x_wconf 84' lang='lat' dir='ltr'>Philippi</span> <span class='ocrx_word' id='word_1_324' title='bbox 1299 2406 1470 2448; x_wconf 87' lang='lat' dir='ltr'>iniurias</span> <span class='ocrx_word' id='word_1_325' title='bbox 1490 2407 1534 2447; x_wconf 91' lang='lat' dir='ltr'>in</span> <span class='ocrx_word' id='word_1_326' title='bbox 1548 2400 1634 2465; x_wconf 52' lang='lat' dir='ltr'>{ffim</span> <span class='ocrx_word' id='word_1_327' title='bbox 1651 2402 1718 2422; x_wconf 51' lang='grc' dir='ltr'>(Μ’</span> 
     </span>
     <span class='ocr_line' id='line_1_41' title="bbox 149 2462 1533 2515; baseline 0.001 -11"><span class='ocrx_word' id='word_1_328' title='bbox 149 2468 160 2486; x_wconf 94' lang='lat'>‘</span> <span class='ocrx_word' id='word_1_329' title='bbox 176 2471 237 2504; x_wconf 87' lang='lat' dir='ltr'>tot</span> <span class='ocrx_word' id='word_1_330' title='bbox 257 2462 387 2504; x_wconf 86' lang='lat' dir='ltr'>socias</span> <span class='ocrx_word' id='word_1_331' title='bbox 408 2463 526 2504; x_wconf 88' lang='lat' dir='ltr'>nobis</span> <span class='ocrx_word' id='word_1_332' title='bbox 548 2464 670 2505; x_wconf 87' lang='lat' dir='ltr'>urbes</span> <span class='ocrx_word' id='word_1_333' title='bbox 691 2463 908 2513; x_wconf 82' lang='lat' dir='ltr'>venissem,</span> <span class='ocrx_word' id='word_1_334' title='bbox 926 2463 1035 2504; x_wconf 90' lang='lat' dir='ltr'>ultro</span> <span class='ocrx_word' id='word_1_335' title='bbox 1052 2464 1283 2505; x_wconf 83' lang='lat' dir='ltr'>accusando</span> <span class='ocrx_word' id='word_1_336' title='bbox 1307 2464 1533 2515; x_wconf 87' lang='lat' dir='ltr'>Romanos,</span> 
     </span>
    </p>
   </div>
   <div class='ocr_carea' id='block_1_3' title="bbox 149 2586 1535 2927">
    <p class='ocr_par' dir='ltr' id='par_1_9' title="bbox 149 2586 1535 2884">
     <span class='ocr_line' id='line_1_42' title="bbox 193 2586 1535 2627; baseline 0 -10"><span class='ocrx_word' id='word_1_337' title='bbox 193 2596 209 2625; x_wconf 86' lang='lat'>5</span> <span class='ocrx_word' id='word_1_338' title='bbox 236 2588 386 2617; x_wconf 81' lang='lat' dir='ltr'>Triennio</span> <span class='ocrx_word' id='word_1_339' title='bbox 408 2589 498 2626; x_wconf 68' lang='lat' dir='ltr'>mile]</span> <span class='ocrx_word' id='word_1_340' title='bbox 542 2588 613 2617; x_wconf 88' lang='lat' dir='ltr'>Imo</span> <span class='ocrx_word' id='word_1_341' title='bbox 640 2588 818 2627; x_wconf 74' lang='lat' dir='ltr'>quinqnen-</span> <span class='ocrx_word' id='word_1_342' title='bbox 863 2597 936 2617; x_wconf 81' lang='lat' dir='ltr'>nem</span> <span class='ocrx_word' id='word_1_343' title='bbox 953 2586 1070 2617; x_wconf 81' lang='lat' dir='ltr'>iustam</span> <span class='ocrx_word' id='word_1_344' title='bbox 1093 2597 1221 2618; x_wconf 83' lang='lat' dir='ltr'>movere</span> <span class='ocrx_word' id='word_1_345' title='bbox 1245 2587 1366 2627; x_wconf 82' lang='lat' dir='ltr'>possint</span> <span class='ocrx_word' id='word_1_346' title='bbox 1389 2587 1535 2627; x_wconf 84' lang='lat' dir='ltr'>patienti.</span> 
     </span>
     <span class='ocr_line' id='line_1_43' title="bbox 149 2629 968 2669; baseline 0 -11"><span class='ocrx_word' id='word_1_347' title='bbox 149 2629 213 2666; x_wconf 81' lang='lat' dir='ltr'>nio,</span> <span class='ocrx_word' id='word_1_348' title='bbox 229 2629 253 2659; x_wconf 85' lang='lat' dir='ltr'>si</span> <span class='ocrx_word' id='word_1_349' title='bbox 269 2634 412 2661; x_wconf 81' lang='lat' dir='ltr'>extrema</span> <span class='ocrx_word' id='word_1_350' title='bbox 430 2634 645 2661; x_wconf 79' lang='lat' dir='ltr'>numerentur.</span> <span class='ocrx_word' id='word_1_351' title='bbox 678 2630 716 2660; x_wconf 84' lang='lat' dir='ltr'>cf.</span> <span class='ocrx_word' id='word_1_352' title='bbox 733 2640 818 2669; x_wconf 77' lang='lat' dir='ltr'>supr.</span> <span class='ocrx_word' id='word_1_353' title='bbox 863 2630 968 2660; x_wconf 68' lang='lat' dir='ltr'>Cum.</span> 
     </span>
     <span class='ocr_line' id='line_1_44' title="bbox 154 2673 1535 2711; baseline 0 -9"><span class='ocrx_word' id='word_1_354' title='bbox 154 2681 199 2702; x_wconf 80' lang='lat'>12.</span> <span class='ocrx_word' id='word_1_355' title='bbox 905 2674 923 2701; x_wconf 71' lang='lat'>8</span> <span class='ocrx_word' id='word_1_356' title='bbox 947 2674 1097 2711; x_wconf 74' lang='lat' dir='ltr'>l’assalim</span> <span class='ocrx_word' id='word_1_357' title='bbox 1114 2673 1295 2703; x_wconf 66' lang='lat' dir='ltr'>Izabitanles</span> <span class='ocrx_word' id='word_1_358' title='bbox 1311 2696 1318 2703; x_wconf 88' lang='lat'><strong>.</strong></span> <span class='ocrx_word' id='word_1_359' title='bbox 1337 2696 1343 2703; x_wconf 95' lang='lat'><strong>.</strong></span> <span class='ocrx_word' id='word_1_360' title='bbox 1361 2697 1368 2703; x_wconf 93' lang='lat'><strong><em>.</em></strong></span> <span class='ocrx_word' id='word_1_361' title='bbox 1385 2674 1419 2703; x_wconf 76' lang='lat' dir='ltr'>in</span> <span class='ocrx_word' id='word_1_362' title='bbox 1436 2683 1535 2702; x_wconf 79' lang='lat' dir='ltr'>unam</span> 
     </span>
     <span class='ocr_line' id='line_1_45' title="bbox 192 2713 1534 2755; baseline 0.001 -11"><span class='ocrx_word' id='word_1_363' title='bbox 192 2713 211 2744; x_wconf 87' lang='lat'>6</span> <span class='ocrx_word' id='word_1_364' title='bbox 235 2716 314 2746; x_wconf 79' lang='lat' dir='ltr'>Esse</span> <span class='ocrx_word' id='word_1_365' title='bbox 336 2716 419 2746; x_wconf 82' lang='lat' dir='ltr'>enim</span> <span class='ocrx_word' id='word_1_366' title='bbox 442 2717 598 2755; x_wconf 74' lang='lat' dir='ltr'>quaedam</span> <span class='ocrx_word' id='word_1_367' title='bbox 625 2716 695 2746; x_wconf 67' lang='lat' dir='ltr'>belli</span> <span class='ocrx_word' id='word_1_368' title='bbox 722 2716 814 2753; x_wconf 75' lang='lat' dir='ltr'>iura]</span> <span class='ocrx_word' id='word_1_369' title='bbox 862 2716 1219 2752; x_wconf 75' lang='lat' dir='ltr'>urbem...contribuli&#39;l</span> <span class='ocrx_word' id='word_1_370' title='bbox 1242 2716 1365 2745; x_wconf 86' lang='lat' dir='ltr'>Notum</span> <span class='ocrx_word' id='word_1_371' title='bbox 1377 2719 1424 2745; x_wconf 78' lang='lat' dir='ltr'>est</span> <span class='ocrx_word' id='word_1_372' title='bbox 1436 2715 1534 2745; x_wconf 80' lang='lat' dir='ltr'>Athe-</span> 
     </span>
     <span class='ocr_line' id='line_1_46' title="bbox 151 2757 1534 2797; baseline 0 -10"><span class='ocrx_word' id='word_1_373' title='bbox 151 2757 229 2787; x_wconf 80' lang='lat' dir='ltr'>Esse</span> <span class='ocrx_word' id='word_1_374' title='bbox 252 2758 408 2796; x_wconf 81' lang='lat' dir='ltr'>quaedam</span> <span class='ocrx_word' id='word_1_375' title='bbox 433 2758 508 2788; x_wconf 87' lang='lat' dir='ltr'>belli</span> <span class='ocrx_word' id='word_1_376' title='bbox 532 2758 599 2789; x_wconf 81' lang='lat' dir='ltr'>iure</span> <span class='ocrx_word' id='word_1_377' title='bbox 623 2758 721 2795; x_wconf 80' lang='lat' dir='ltr'>licita,</span> <span class='ocrx_word' id='word_1_378' title='bbox 737 2769 818 2797; x_wconf 81' lang='lat' dir='ltr'>quae</span> <span class='ocrx_word' id='word_1_379' title='bbox 864 2757 988 2787; x_wconf 74' lang='lat' dir='ltr'>ilienses</span> <span class='ocrx_word' id='word_1_380' title='bbox 1009 2757 1110 2797; x_wconf 87' lang='lat' dir='ltr'>primo</span> <span class='ocrx_word' id='word_1_381' title='bbox 1130 2758 1287 2797; x_wconf 77' lang='lat' dir='ltr'>dispersos</span> <span class='ocrx_word' id='word_1_382' title='bbox 1311 2758 1342 2788; x_wconf 87' lang='lat' dir='ltr'>in</span> <span class='ocrx_word' id='word_1_383' title='bbox 1370 2757 1461 2788; x_wconf 82' lang='lat' dir='ltr'>variis</span> <span class='ocrx_word' id='word_1_384' title='bbox 1480 2768 1534 2796; x_wconf 85' lang='lat' dir='ltr'>pa-</span> 
     </span>
     <span class='ocr_line' id='line_1_47' title="bbox 150 2800 1534 2841; baseline 0 -11"><span class='ocrx_word' id='word_1_385' title='bbox 150 2804 185 2830; x_wconf 84' lang='lat' dir='ltr'>ut</span> <span class='ocrx_word' id='word_1_386' title='bbox 205 2801 308 2830; x_wconf 74' lang='lat' dir='ltr'>facere</span> <span class='ocrx_word' id='word_1_387' title='bbox 331 2810 468 2839; x_wconf 79' lang='lat' dir='ltr'>aequum</span> <span class='ocrx_word' id='word_1_388' title='bbox 493 2801 543 2839; x_wconf 75' lang='lat' dir='ltr'>sit,</span> <span class='ocrx_word' id='word_1_389' title='bbox 559 2802 583 2831; x_wconf 84' lang='lat' dir='ltr'>si</span> <span class='ocrx_word' id='word_1_390' title='bbox 601 2801 711 2841; x_wconf 69' lang='lat' dir='ltr'>possis,</span> <span class='ocrx_word' id='word_1_391' title='bbox 726 2801 771 2831; x_wconf 69' lang='lat' dir='ltr'>ita</span> <span class='ocrx_word' id='word_1_392' title='bbox 787 2805 819 2831; x_wconf 87' lang='lat' dir='ltr'>et</span> <span class='ocrx_word' id='word_1_393' title='bbox 862 2800 909 2839; x_wconf 79' lang='lat' dir='ltr'>gis</span> <span class='ocrx_word' id='word_1_394' title='bbox 925 2800 1103 2838; x_wconf 76' lang='lat' dir='ltr'>habitassc;</span> <span class='ocrx_word' id='word_1_395' title='bbox 1125 2812 1174 2837; x_wconf 79' lang='lat' dir='ltr'>ac,</span> <span class='ocrx_word' id='word_1_396' title='bbox 1191 2801 1317 2831; x_wconf 74' lang='lat' dir='ltr'>Theseo</span> <span class='ocrx_word' id='word_1_397' title='bbox 1333 2805 1473 2833; x_wconf 76' lang='lat' dir='ltr'>auctore,</span> <span class='ocrx_word' id='word_1_398' title='bbox 1490 2811 1534 2830; x_wconf 87' lang='lat' dir='ltr'>re-</span> 
     </span>
     <span class='ocr_line' id='line_1_48' title="bbox 151 2842 1534 2884; baseline 0.001 -11"><span class='ocrx_word' id='word_1_399' title='bbox 151 2843 228 2883; x_wconf 83' lang='lat' dir='ltr'>pati,</span> <span class='ocrx_word' id='word_1_400' title='bbox 243 2842 266 2872; x_wconf 83' lang='lat' dir='ltr'>si</span> <span class='ocrx_word' id='word_1_401' title='bbox 285 2853 411 2873; x_wconf 82' lang='lat' dir='ltr'>necesse</span> <span class='ocrx_word' id='word_1_402' title='bbox 426 2843 475 2873; x_wconf 76' lang='lat' dir='ltr'>sit.</span> <span class='ocrx_word' id='word_1_403' title='bbox 499 2845 604 2875; x_wconf 61' lang='grc' dir='ltr'>ΟΜΝ.</span> <span class='ocrx_word' id='word_1_404' title='bbox 863 2843 946 2873; x_wconf 76' lang='lat' dir='ltr'>lictis</span> <span class='ocrx_word' id='word_1_405' title='bbox 964 2843 1061 2884; x_wconf 79' lang='lat' dir='ltr'>pagis,</span> <span class='ocrx_word' id='word_1_406' title='bbox 1078 2843 1110 2875; x_wconf 89' lang='lat' dir='ltr'>in</span> <span class='ocrx_word' id='word_1_407' title='bbox 1127 2854 1224 2875; x_wconf 82' lang='lat' dir='ltr'>unam</span> <span class='ocrx_word' id='word_1_408' title='bbox 1241 2845 1352 2875; x_wconf 86' lang='lat' dir='ltr'>urbem</span> <span class='ocrx_word' id='word_1_409' title='bbox 1369 2843 1534 2875; x_wconf 78' lang='lat' dir='ltr'>coaluisse.</span> 
     </span>
    </p>

    <p class='ocr_par' dir='ltr' id='par_1_10' title="bbox 195 2886 968 2927">
     <span class='ocr_line' id='line_1_49' title="bbox 195 2886 968 2927; baseline 0.001 -11"><span class='ocrx_word' id='word_1_410' title='bbox 195 2894 210 2925; x_wconf 82' lang='lat'>7</span> <span class='ocrx_word' id='word_1_411' title='bbox 234 2887 391 2926; x_wconf 70' lang='lat' dir='ltr'>Indiyncz]</span> <span class='ocrx_word' id='word_1_412' title='bbox 432 2886 536 2925; x_wconf 81' lang='lat' dir='ltr'>Talia,</span> <span class='ocrx_word' id='word_1_413' title='bbox 566 2891 599 2917; x_wconf 86' lang='lat' dir='ltr'>ut</span> <span class='ocrx_word' id='word_1_414' title='bbox 630 2887 816 2927; x_wconf 81' lang='lat' dir='ltr'>indignatio·</span> <span class='ocrx_word' id='word_1_415' title='bbox 863 2886 968 2918; x_wconf 61' lang='grc' dir='ltr'>(Ἴων.</span> 
     </span>
    </p>
   </div>
  </div>
 </body>
</html>
