1960 3218
378 136 431 174 36
893 128 1041 171 ΤΙΤΙ
1081 128 1259 170 LIVII

173 233 216 264 U.
234 233 271 264 C.
295 243 366 273 55²·
380 219 515 268 cessit,
531 219 762 274 urbemque
779 217 945 258 Pelium
961 217 1000 258 vi
1024 217 1145 273 cepit.
1200 217 1376 259 Servitia
1395 217 1494 259 inde
1516 234 1612 260 cum
1634 228 1774 262 cetera

170 278 210 306 A.
235 277 273 307 C·
297 276 535 333 200-praeda
560 276 748 324 abduxit,
771 283 813 316 et
838 275 969 315 libera
996 276 1132 330 capita
1162 275 1251 315 sine
1281 275 1417 330 pretio
1438 276 1619 326 dimisit3
1652 278 1773 333 oppi-

380 334 567 390 dumque
601 334 651 374 iis
683 332 881 381 reddidit,
919 332 1126 387 praesidio
1161 332 1300 373 valido
1336 333 1556 388 imposito:
1595 349 1692 374 nam
1730 342 1774 375 et

379 392 458 433 sita
490 399 725 447 opportune
757 390 855 431 urbs
888 397 976 430 erat
1005 389 1059 429 ad
1093 389 1276 445 impetus
1306 389 1350 430 in
1381 389 1681 431 Macedoniam
1713 391 1773 432 fa-

379 448 560 490 ciendos
625 447 690 488 Ita
716 446 942 503 peragratis
970 446 1154 487 hostium
1175 447 1295 502 agris,
1318 447 1463 487 consul
1494 447 1538 488 in
1568 447 1659 488 loca
1689 448 1772 489 iam

379 514 526 561 pacata
553 505 608 546 ad
629 504 914 560 Apolloniam,
935 503 1048 544 unde
1078 518 1192 544 orsus
1220 503 1378 545 bellum
1406 512 1509 554 erat,
1541 505 1680 560 copias
1708 520 1773 546 re-

380 563 514 604 duxit.
1755 570 1758 574 '

438 620 685 676 Philippum
707 626 942 660 averterant
964 618 1121 667 Aetoli,
1144 626 1186 660 et
1210 619 1479 668 Athamanes,
1503 627 1545 660 et
1567 619 1770 669 Dardani,

381 686 423 719 et
454 686 515 718 tot
545 677 654 718 bella
683 685 856 733 repente
885 676 965 717 alia
996 691 1049 717 ex
1083 676 1173 716 aliis
1204 675 1305 717 locis
1337 686 1492 717 exorta.
1559 676 1772 718 Adversus

381 735 616 784 Dardanos,
643 735 726 774 iam
757 733 1006 789 recipientes
1031 748 1085 774 ex
1110 733 1365 774 Macedonia
1394 749 1496 783 sese,
1524 733 1773 790 Athenago-

380 807 467 834 ram
490 807 586 832 cum
608 791 817 847 expeditis
837 791 1050 846 peditibus
1078 806 1125 831 ac
1147 790 1301 831 maiore
1323 800 1439 846 parte
1462 791 1673 846 equitatus
1694 792 1773 832 mi·-

381 850 446 899 sit,
464 850 622 890 iussum
644 849 796 889 instare
817 849 868 888 ab
889 857 1006 903 tergo
1029 848 1291 897 abeuntibus,
1307 857 1362 897 et,
1381 848 1591 904 carpendo
1613 858 1773 904 postre-

381 921 496 947 mum
529 921 693 962 agmen,
725 905 936 961 segniores
967 920 1037 945 eos
1065 905 1119 946 ad
1150 905 1379 946 movendos
1407 905 1533 946 domo
1564 906 1772 947 exercitus

380 964 555 1004 efficere.
619 962 794 1003 Aetolos
815 962 1083 1002 Damocritus
1103 971 1281 1018 praetor,
1300 962 1373 1017 qui
1395 977 1532 1003 morae
1555 963 1608 1003 ad
1628 963 1772 1004 decer·-

379 1020 566 1061 nendum
599 1020 755 1061 bellum
790 1019 843 1060 ad
876 1018 1146 1074 Naupactum
1178 1028 1321 1060 auctor
1352 1019 1499 1069 fuerat,
1532 1020 1645 1061 idem
1676 1035 1773 1076 pro-

379 1077 494 1118 ximo
529 1077 706 1118 coneilio
739 1076 792 1117 ad
825 1091 938 1117 arma
968 1076 1227 1117 conciverat:
1263 1085 1355 1132 post
1384 1076 1536 1117 famam
1569 1078 1773 1133 equestris

378 1134 432 1175 ad
457 1134 771 1190 Ortholophum
795 1149 975 1189 pugnae,
1000 1133 1381 1189 Dardanorumque
1404 1143 1446 1175 et
1467 1134 1651 1175 Pleurati
1675 1150 1773 1175 cum

379 1191 533 1248 Illyriis
555 1192 774 1232 transitum
796 1192 840 1231 in
864 1190 1174 1240 Macedoniam,
1194 1191 1247 1231 ad
1268 1191 1370 1232 haec
1392 1191 1530 1232 classis
1553 1192 1771 1234 Romanae

379 1249 609 1290 adventum
630 1249 673 1289 in
699 1248 871 1297 Oreum,
895 1257 949 1297 et,
972 1263 1097 1304 super
1117 1248 1386 1289 circumfusas
1408 1257 1470 1290 tot
1492 1248 1770 1291 Macedoniae

236 1315 305 1353 41,
378 1314 538 1361 gentes,
576 1306 826 1347 maritimam
863 1321 1032 1361 quoque
1073 1306 1299 1346 instantem
1338 1306 1612 1347 obsidionem.
1676 1306 1771 1348 Hae

167 1370 278 1400 Aetoli
295 1373 327 1401 et
379 1378 525 1404 causae
548 1363 842 1404 Damocritum
865 1362 1126 1418 Aetolosque
1156 1363 1424 1404 restituerant
1447 1364 1674 1405 Romanis:
1714 1374 1769 1414 et,

167 1413 369 1484 &Rama-nes
381 1420 661 1477 Amynandro
701 1435 798 1476 rege
838 1419 1125 1461 Athamanum
1162 1420 1375 1470 adiuncto,
1412 1421 1587 1476 profecti
1626 1420 1772 1462 Cerci-

168 1465 366 1529 sgfflssffiiffi-
379 1478 497 1518 nium
520 1478 730 1519 obsedere.
797 1476 1046 1518 Clauserant
1069 1486 1221 1532 portaS,
1245 1478 1451 1519 incertum
1474 1479 1526 1527 vi,
1549 1494 1603 1519 an
1624 1479 1772 1519 volun-

167 1538 269 1579 fiPPO·
379 1544 487 1576 tate:
527 1535 626 1590 quia
656 1535 818 1590 regium
849 1534 1062 1575 habebant
1097 1534 1362 1590 praesidium.
1429 1534 1631 1576 Ceterum
1663 1536 1772 1577 intra

378 1607 533 1648 paucos
560 1592 649 1633 dies
677 1601 847 1647 captum
880 1601 942 1632 est
970 1591 1228 1641 Cercinium,
1259 1601 1383 1647 atque
1417 1592 1663 1634 incensum:
1698 1593 1772 1649 qui

379 1650 671 1705 superfuerant
701 1665 723 1690 e
749 1664 902 1705 magua
926 1648 1057 1697 clade,
1080 1648 1199 1689 liberi
1224 1650 1429 1705 servique,
1453 1650 1563 1690 inter
1590 1658 1772 1691 ceteram

378 1707 575 1762 praedam
606 1706 788 1747 abducti.
852 1705 894 1746 Is
915 1706 1040 1746 timor
1060 1721 1218 1755 omnes,
1243 1706 1316 1762 qui
1337 1707 1640 1748 circumcolunt
1661 1707 1770 1749 Boe-

377 1764 461 1804 ben
492 1764 702 1819 paludem,
726 1763 880 1804 relictis
902 1763 1086 1812 urbibus,
1109 1771 1273 1804 montes
1299 1764 1436 1819 coegit
1465 1773 1621 1819 petere.
1685 1765 1773 1806 Ae-

378 1821 465 1870 toli,
498 1821 640 1876 inopia
669 1821 848 1876 praedae
876 1820 974 1861 inde
1006 1820 1151 1869 aversi,
1183 1820 1227 1860 in
1259 1820 1555 1862 Perrhaebiam
1587 1821 1646 1862 ire
1678 1837 1772 1878 per-

376 1887 495 1932 gunt.
561 1878 755 1934 Cyretias
794 1878 850 1918 ibi
884 1878 924 1918 vi
959 1877 1143 1933 capiunt,
1177 1877 1385 1934 foedeque
1422 1878 1652 1934 diripiunt:
1698 1880 1772 1935 qui

378 1935 606 1976 Malloeam
633 1935 836 1984 incolunt,
858 1935 1072 1976 voluntate
1094 1935 1139 1975 in
1160 1934 1421 1976 deditionem
1442 1937 1770 1992 societatemque

378 1993 550 2048 accepti.
629 1992 696 2033 Ex
733 1992 987 2033 Perrhaebia
1023 1991 1242 2048 Gomphos
1282 1992 1455 2048 petendi
1492 1993 1772 2050 Amynander

377 2059 522 2091 auctor
543 2058 652 2091 erat:
687 2058 730 2090 et
749 2050 942 2090 imminet
957 2049 1214 2090 Athamania
1229 2050 1328 2091 huic
1345 2051 1450 2100 urbi,
1467 2051 1769 2107 videbaturque

168 2121 303 2153 Thessa·
377 2107 611 2163 expugnari
646 2107 734 2148 sine
771 2122 924 2163 magno
959 2107 1186 2148 certamine
1222 2122 1354 2163 posse.
1422 2108 1567 2149 Aetoli
1602 2123 1771 2164 campos

168 2163 245 2193 liam
262 2175 363 2206 popu-
378 2164 619 2206 Thessaliae
653 2164 813 2220 opimos
849 2164 903 2204 ad
943 2164 1142 2220 praedam
1174 2165 1356 2220 petiere:
1391 2175 1608 2220 sequente,
1637 2181 1770 2221 quan-

168 2205 285 2239 lantur.
377 2237 504 2277 quam
535 2237 622 2263 non
651 2222 868 2277 probante,
893 2221 1184 2277 Amynandro,
1208 2237 1286 2262 nee
1307 2222 1457 2262 effusas
1478 2223 1770 2278 populationes

379 2278 643 2328 Aetolorum,
666 2293 744 2319 nec
773 2287 916 2326 castra,
939 2294 1025 2333 quo
1045 2279 1127 2319 fors
1149 2278 1310 2319 tulisset
1341 2278 1445 2328 loco,
1468 2279 1556 2320 sine
1579 2280 1664 2321 ullo
1686 2279 1770 2321 dis-

377 2335 551 2377 crimine
585 2351 632 2377 ac
666 2350 766 2376 cura
797 2335 1031 2384 muniendi,
1064 2335 1209 2390 posita.
1272 2335 1434 2391 Itaque,
1468 2351 1521 2377 ne
1558 2337 1770 2378 temeritas

377 2407 522 2433 eorum
563 2392 902 2448 negligentiaque
936 2392 1014 2432 sibi
1055 2407 1102 2432 ac
1143 2392 1227 2433 suis
1267 2392 1394 2433 etiam
1431 2393 1560 2434 cladis
1595 2393 1769 2435 alicuius

376 2464 500 2490 causa
520 2458 640 2499 esset,
662 2464 794 2505 quum
816 2449 1116 2505 campestribus
1137 2448 1238 2490 locis
1258 2449 1526 2492 subiicientes
1545 2465 1617 2492 eos
1637 2460 1801 2497 castra6

1785 1244 1806 1272 4

1786 1284 1803 1316 5

420 2582 439 2608 4
461 2572 646 2603 Adventum
666 2574 701 2602 in
719 2574 854 2611 Oreum]
889 2573 975 2611 Lege
996 2575 1049 2603 cul-
1094 2573 1167 2604 niae
1182 2578 1303 2613 gentos.

375 2618 506 2644 ventum
532 2615 661 2645 Oreum.
707 2615 759 2645 Sic
785 2625 870 2654 supr.
896 2616 972 2646 xxii.
999 2615 1048 2646 61.
1137 2615 1156 2646 6
1178 2618 1391 2648 Subiicz'entes
1416 2627 1467 2648 eos
1490 2623 1597 2648 caslra
1618 2618 1768 2650 Pltecado

376 2660 451 2686 aute
473 2658 612 2687 consulis
627 2658 759 2687 Romam
776 2659 958 2688 adventum.
1005 2658 1049 2687 Et
1093 2659 1182 2696 urbi]
1211 2659 1294 2689 Urbs
1310 2669 1427 2698 nempe
1444 2660 1475 2689 in
1491 2660 1604 2691 altiore
1621 2661 1692 2690 loco
1707 2661 1768 2691 sita

376 2698 485 2728 favent
516 2698 586 2728 libri
611 2699 755 2737 quidam,
779 2700 832 2738 qui
864 2701 1049 2739 praeferunt
1093 2705 1197 2731 eastra
1222 2701 1280 2730 sibi
1304 2701 1448 2732 subiecta
1474 2703 1623 2734 habebat.
1669 2703 1768 2733 Hanc

376 2742 517 2771 adventu
539 2742 574 2771 in
598 2742 726 2772 Orcum.
752 2742 858 2772 Cmsv.
910 2743 1047 2781 Praepo-
1092 2744 1202 2773 urbem
1220 2744 1361 2774 Phoc-am
1381 2745 1486 2775 vocari
1510 2745 1581 2776 infr.
1597 2745 1698 2776 xxxii.
1720 2755 1765 2783 14.

376 2782 523 2812 sitionom
541 2784 576 2812 in
593 2783 699 2813 omisit
717 2783 857 2814 Bekkcr.
1092 2790 1201 2815 mouet
1230 2786 1420 2818 Gronovius.
1466 2789 1594 2820 I'lwcae
1620 2789 1692 2819 urbi
1719 2798 1765 2818 re*

419 2834 435 2863 5
452 2826 558 2864 Super
569 2827 798 2866 circumfusas]
819 2827 1045 2865 Praeterquam
1094 2828 1198 2868 posuit
1215 2828 1356 2861 Bckker.

376 2868 460 2905 quod
485 2868 694 2899 circumfusae
718 2872 808 2900 crant
830 2872 878 2900 tot
896 2870 1047 2901 Macedo-
