1960 3218
394 125 443 164 16
908 122 1056 165 ΤΙΤΙ
1092 122 1270 166 LIVII

185 223 229 254 U.
247 222 284 254 C.
308 230 378 262 55²·
391 212 518 255 modo
545 212 747 255 adeuntes
776 213 891 255 aditu
925 215 1135 264 arcebant,
1157 214 1232 255 sed
1256 214 1425 255 navium
1446 227 1614 270 quoque
1635 213 1810 255 statio-4

184 267 224 296 A.
248 267 286 298 C.
309 275 380 297 ²00·
391 286 489 313 nem
518 271 710 313 infestam
740 271 849 313 hosti
873 272 1090 313 faciebant.
1153 272 1316 322 Postea,
1339 287 1469 328 quum
1491 280 1533 312 et
1554 271 1662 312 muri
1682 285 1776 327 pars

392 337 519 370 strata
551 329 694 379 ruinis,
723 338 765 370 et
801 329 854 370 ad
886 330 1127 371 interiorem
1157 330 1307 386 raptim
1341 329 1577 386 oppositum
1608 343 1776 370 murum

391 387 596 429 cuniculis
621 388 703 428 iam
730 396 977 443 perventum
998 396 1117 438 esset,
1139 387 1296 444 legatos
1317 387 1371 428 ad
1391 402 1533 443 regem
1554 386 1606 427 de
1629 386 1776 427 condi-

392 445 575 486 tionibus
603 445 830 486 tradendae
858 446 970 487 urbis
1001 446 1214 487 miserunt.
1276 445 1600 487 Paciscebantur
1620 452 1773 493 autem,

393 512 440 544 ut
462 503 674 544 Rhodiam
694 503 1001 559 quadriremem
1029 518 1124 544 cum
1153 503 1273 544 sociis
1300 503 1526 551 navalibus,
1556 501 1774 558 Attalique

391 561 646 617 praesidium
666 561 802 602 emitti
829 560 996 610 liceret3
1029 570 1153 617 atque
1184 561 1282 617 ipsis
1313 561 1414 601 urbe
1445 559 1648 601 excedere
1678 574 1776 600 cum

185 632 355 672 Abydeno·
393 618 565 675 singulis
586 618 852 660 vestimentis.
920 618 1085 667 Quibus
1105 634 1235 674 quum
1256 618 1476 675 Philippus
1501 617 1606 658 nihil
1625 615 1774 673 pacati,

184 686 254 706 rum
271 675 474 717 rabies·nisi
506 676 647 718 omnia
679 676 1029 733 permittentibus,
1061 676 1366 732 respondisset3
1404 675 1509 717 adeo
1539 674 1777 716 renuntiata

393 734 496 775 haec
528 734 681 790 legatio
711 734 762 775 ab
796 733 1085 790 indignatione
1118 734 1241 775 simul
1276 749 1322 776 ac
1353 733 1641 790 desperatione
1672 732 1776 773 iram

393 791 598 841 accendit,
621 800 679 840 ut,
702 792 755 832 ad
779 791 1054 848 Saguntinam
1080 792 1237 833 rabiem
1258 792 1376 841 versi,
1398 800 1606 832 matronas
1632 804 1776 832 omnes
1790 799 1807 832 5

392 850 437 890 in
469 849 625 906 templo
651 849 828 899 Dianae,
860 865 1010 905 pueros
1046 850 1262 905 ingenuos,
1294 849 1571 906 virginesque,
1597 848 1777 889 infantes

393 907 519 948 etiam
540 922 635 948 cum
658 907 740 948 suis
760 907 1004 956 nutricibus,
1027 907 1071 947 in
1096 907 1358 963 gymnasium
1380 906 1538 948 includi
1558 906 1773 947 iuberent:

393 979 540 1006 aurum
563 973 605 1005 et
629 974 848 1020 argentum
877 965 921 1005 in
948 965 1083 1005 forum
1105 964 1269 1014 deferri,
1293 973 1452 1005 vestem
1478 964 1701 1020 pretiosam
1732 963 1778 1003 in

394 1037 520 1063 naves
542 1021 753 1063 Rhodiam
778 1021 1131 1078 Cyzicenamque,
1155 1038 1261 1078 quae
1293 1022 1337 1062 in
1367 1030 1489 1078 portu
1521 1029 1651 1070 erant,
1678 1035 1778 1061 con-

393 1080 495 1136 geri,
532 1080 766 1121 sacerdotes
796 1080 1067 1136 victimasque
1104 1079 1268 1129 adduci,
1306 1088 1349 1121 et
1383 1079 1527 1120 altaria
1561 1078 1606 1119 in
1639 1078 1778 1119 medio

394 1137 505 1194 poni.
568 1137 633 1178 Ibi
659 1137 813 1179 delecti
840 1138 1035 1194 primum,
1058 1138 1143 1193 qui,
1166 1138 1238 1178 ubi
1259 1152 1421 1179 caesam
1442 1137 1572 1178 aciem
1595 1151 1777 1186 suorum,

394 1211 470 1251 pro
495 1195 635 1236 diruto
662 1210 781 1236 muro
807 1204 1079 1251 pugnantem,
1102 1195 1314 1245 vidissent,
1339 1194 1551 1250 extemplo
1579 1194 1779 1250 coniuges

393 1253 630 1308 liberosque
651 1253 953 1302 interficerent3
986 1268 1146 1302 aurum,
1162 1261 1394 1308 argentum,
1404 1262 1659 1307 vestemque,
1670 1265 1777 1307 quae

394 1311 436 1351 in
465 1311 638 1352 navibus
659 1319 777 1360 esset,
800 1311 844 1351 in
872 1326 982 1352 mare
1005 1311 1257 1360 deiicerent3
1292 1311 1409 1351 tectis
1437 1309 1613 1366 publicis
1643 1309 1780 1366 priva-

395 1369 545 1423 tisque,
568 1384 693 1424 quam
721 1368 911 1424 plurimis
939 1368 1038 1409 locis
1062 1377 1244 1424 possent,
1266 1368 1383 1424 ignes
1413 1367 1689 1416 subiicerent3
1723 1375 1778 1416 et,

395 1426 440 1466 id
465 1441 507 1466 se
535 1426 694 1467 facinus
727 1434 1046 1482 perpetraturos,
1075 1427 1373 1482 praeeuntibus
1406 1425 1657 1466 exsecrabile
1691 1433 1812 1465 car-6

395 1498 493 1524 men
524 1484 817 1534 sacerdotibus,
844 1484 1112 1525 iureiurando
1141 1484 1298 1525 adacti:
1335 1492 1423 1524 tum
1452 1483 1639 1524 militaris
1667 1491 1780 1524 aetas

394 1541 542 1591 iurare,
579 1541 793 1583 neminem
827 1542 981 1591 vivum,
1014 1542 1093 1582 nisi
1125 1542 1339 1591 victorem,
1375 1541 1462 1582 acie
1499 1555 1777 1582 excessurum.

397 1598 470 1649 Hi,
499 1614 703 1640 memores
734 1600 921 1649 deorum,
950 1599 1055 1640 adeo
1085 1599 1354 1655 pertinaciter
1385 1606 1689 1655 pugnaverunt,
1718 1609 1778 1648 ut,

396 1672 527 1712 quum
563 1672 648 1698 nox
683 1657 889 1713 proelium
919 1657 1178 1713 diremptura
1207 1666 1326 1706 esset,
1356 1672 1429 1697 rex
1459 1656 1584 1712 prior,
1614 1656 1780 1697 territus

189 1731 276 1762 Urbs
289 1729 375 1760 dedi-
396 1715 509 1755 rabie
535 1730 693 1764 eorum,
719 1730 861 1771 pugna
888 1714 1104 1756 abstiterit.
1166 1715 1396 1771 Principes,
1425 1714 1577 1771 quibus
1604 1713 1782 1755 atrocior

188 1777 274 1821 tura
290 1773 373 1812 prin-
396 1787 490 1828 pars
510 1772 702 1813 facinoris
723 1773 914 1828 delegata
940 1781 1038 1822 erat,
1062 1787 1193 1829 quum
1224 1788 1377 1829 paucos
1399 1781 1440 1814 et
1460 1771 1670 1813 confectos
1690 1770 1782 1812 vul-

187 1817 320 1855 ⁰¹¹³¹b¹¹s'
397 1830 566 1871 neribus
587 1846 634 1872 ac
654 1830 897 1872 lassitudine
919 1845 1131 1887 superesse
1152 1830 1310 1886 proelio
1332 1838 1563 1879 cernerent,
1582 1829 1676 1870 luce
1697 1828 1782 1885 pri-

397 1903 465 1929 ma
494 1887 727 1929 sacerdotes
757 1903 852 1929 cum
886 1888 1026 1929 infulis
1059 1888 1112 1929 ad
1142 1888 1287 1930 urbem
1319 1887 1555 1929 dedendam
1582 1886 1781 1943 Philippo

397 1954 580 1987 mittunt.

257 2007 319 2046 18.
456 2003 571 2044 Ante
589 2003 846 2045 deditionem
863 2020 915 2045 ex
932 2004 981 2045 iis
1002 2003 1148 2059 legatis
1163 2003 1378 2053 Romanis,
1393 2003 1465 2059 qui
1481 2001 1783 2044 Alexandriam

398 2061 510 2102 missi
541 2070 671 2111 erant,
704 2061 766 2102 Μ.
791 2062 999 2103 Aemilius
1036 2062 1161 2103 trium
1194 2076 1400 2102 consensu
1435 2061 1631 2101 minimus
1666 2068 1815 2109 natu,7

396 2119 539 2160 audita
568 2119 783 2160 obsidione
808 2119 1127 2176 Abydenorum,
1150 2118 1203 2161 ad
1224 2118 1468 2175 Philippum
1488 2118 1615 2160 venit.
1681 2117 1781 2167 Qui,
1796 2127 1815 2157 8

398 2185 569 2232 questus
591 2176 735 2218 Attalo
758 2177 1020 2233 Rhodiisque
1050 2193 1164 2218 arma
1187 2176 1313 2226 illata,
1338 2187 1380 2218 et
1400 2176 1516 2232 quod
1546 2184 1635 2217 tum
1666 2190 1783 2216 max-

396 2234 480 2275 ime
509 2234 708 2290 Abydum
734 2243 1007 2290 oppugnaret,
1031 2250 1161 2291 quum
1191 2249 1264 2275 rex
1293 2235 1344 2275 ab
1374 2234 1518 2275 Attalo
1539 2241 1582 2274 et
1602 2232 1783 2274 Rhodiis

398 2291 506 2333 ultro
527 2306 569 2332 se
592 2291 701 2333 bello
725 2291 960 2333 lacessitum
981 2292 1162 2340 diceret3
1199 2298 1209 2315 ‘
1227 2291 1343 2332 Num
1368 2290 1566 2347 Abydeni
1588 2291 1783 2346 quoque,’

399 2349 549 2405 inquit,
575 2349 710 2390 ‘ultro
733 2350 807 2390 tibi
838 2349 1070 2390 intulerunt
1092 2350 1252 2389 arma?'
1313 2348 1483 2389 Insueto
1514 2363 1609 2388 vera
1639 2347 1782 2389 audire

442 2524 461 2551 4
484 2513 627 2543 Navium
650 2536 656 2543 .
674 2536 681 2543 .
699 2536 706 2543 .
729 2513 911 2550 stationem]
940 2511 1065 2541 Efficic-
1112 2511 1130 2541 i.
1158 2520 1206 2548 24.
1238 2512 1329 2549 [onya
1353 2511 1453 2550 effata
1478 2511 1639 2541 carmine:
1674 2514 1706 2540 et
1734 2509 1781 2540 26.

401 2557 476 2585 bant
492 2559 527 2585 ut
543 2565 640 2585 naves
658 2554 802 2594 Philippi
824 2555 928 2585 multa
948 2555 1066 2584 incom-
1111 2554 1162 2585 lea*
1192 2554 1343 2584 horrendi
1374 2554 1527 2583 cao-minis
1556 2557 1635 2584 cml.
1681 2554 1781 2583 Ea‘se-

400 2598 496 2627 moda
509 2608 558 2635 co,
570 2597 622 2627 ubi
635 2598 774 2634 stabant,
789 2598 859 2627 loco
872 2600 1066 2636 paterentur.
1111 2597 1229 2626 crabile
1251 2595 1495 2633 intelligendum
1513 2598 1561 2625 est
1580 2595 1711 2634 plenum
1729 2605 1781 2625 ex-

401 2642 506 2671 Gnssv.
1112 2638 1341 2668 sccrationibus
1367 2638 1399 2668 in
1426 2637 1560 2668 iurantis
1586 2642 1695 2677 caput,
1721 2637 1782 2668 nisi

444 2691 460 2720 5
489 2684 531 2713 Ut
555 2683 597 2712 ml
618 2683 835 2721 Sayuntinam
859 2683 996 2720 rabiem]
1027 2682 1066 2711 cf.
1112 2680 1313 2711 iurisiurandi
1329 2681 1427 2711 fidem
1443 2681 1603 2720 impleret.
1627 2681 1733 2712 CREY.

401 2726 494 2764 Supr.
511 2725 577 2755 xxi.
599 2735 644 2763 14.
1158 2730 1173 2762 7
1200 2725 1310 2753 Trium
1326 2724 1497 2761 consensu]
1523 2724 1702 2753 Amborum
1719 2723 1782 2754 col-

443 2767 462 2797 6
494 2768 734 2797 l’raecuntz'hus
771 2768 962 2798 cursem-abile
999 2777 1066 2796 car·
1112 2767 1254 2804 lcgarum
1271 2776 1426 2796 consensu
1444 2770 1475 2796 ct
1491 2776 1557 2796 sue.
1582 2766 1736 2796 GRONOV.

399 2809 486 2849 men]
514 2810 566 2840 De
584 2820 659 2839 voce
680 2810 910 2848 praeeuntibus
927 2810 965 2839 cf.
983 2819 1066 2848 supr.
1155 2810 1173 2837 S
1196 2810 1250 2838 Ad
1277 2809 1467 2848 Philippum
1493 2810 1598 2847 venit]
1634 2809 1674 2839 cf.
1702 2806 1780 2838 Dio-

401 2852 498 2883 iv.21.
531 2854 668 2883 (izo-men
683 2856 730 2882 cst
746 2852 1069 2891 conceptaquaedam
1116 2850 1182 2881 dori
1209 2851 1361 2890 Excerpt.
1386 2851 1534 2881 Vaticnn.
1557 2852 1607 2882 cd.
1630 2852 1668 2881 A.
1691 2849 1781 2881 Maio

401 2899 432 2925 et
448 2895 601 2925 sollemnis
614 2895 779 2924 verborum
797 2896 943 2924 formula.
977 2894 1069 2933 Supr.
1117 2893 1201 2924 xxvi.
1225 2904 1270 2924 11.
