1960 3218
551 791 809 846 EPITO
825 794 953 848 ME
1014 797 1268 852 LIBRI
1328 797 1588 850 XXXII.

377 1129 593 1170 COMPL
604 1129 727 1170 URA
750 1130 942 1184 p7’0di9ia
969 1145 1014 1168 ea:
1042 1129 1207 1169 diversis
1235 1129 1458 1183 reyionibus
1485 1130 1674 1169 nuntiata
1704 1144 1767 1170 re-

356 1188 584 1240 feruntur:
629 1188 732 1226 inter
761 1202 874 1241 quac,
907 1189 949 1226 in
980 1187 1223 1227 Macedonia
1254 1188 1295 1225 in
1319 1187 1454 1240 puppi
1483 1187 1622 1240 lonyae
1651 1189 1767 1226 navis

369 1244 550 1283 lauream
579 1259 658 1283 esse
686 1250 835 1284 natam.
909 1245 958 1284 T.
995 1244 1207 1295 Quinctius
1237 1244 1497 1283 Flamininus
1527 1245 1666 1283 consul
1692 1245 1767 1284 ad-

368 1316 503 1340 versus
524 1301 761 1354 Philippum
776 1302 956 1354 feliciter
976 1303 1179 1355 puynavit
1203 1303 1244 1341 in
1259 1302 1457 1354 faucibus
1477 1301 1615 1355 Epiri,
1632 1302 1767 1356 fuya-

368 1364 528 1412 tumque
557 1360 679 1412 coeqit
705 1360 746 1398 in
772 1373 936 1413 reqnum
959 1360 1111 1398 reverti.
1175 1358 1270 1413 Ipse
1300 1359 1566 1408 Thessaliam,
1589 1373 1691 1413 quae
1710 1365 1769 1398 est

367 1417 500 1454 vicina
533 1416 810 1464 ffIaoedoniae,
848 1417 963 1455 sociis
994 1416 1146 1456 Aetolis
1181 1422 1219 1455 et
1248 1416 1560 1464 Atlzamani'bus,
1597 1418 1763 1456 vex-avit.

368 1472 419 1512 L,
463 1472 675 1521 Quinctius
714 1473 974 1513 Flamininus
1015 1473 1184 1513 consulis
1214 1474 1369 1526 frater,
1411 1474 1553 1512 Attalo
1597 1488 1686 1527 reqe
1729 1480 1768 1514 et

369 1529 540 1570 Rhodiis
566 1530 861 1579 adiuvantibus,
892 1532 932 1570 in
957 1530 1164 1570 Euboeam
1195 1537 1233 1569 et
1260 1532 1507 1570 maritimam
1539 1545 1651 1570 oram
1679 1537 1766 1571 tra-

368 1588 503 1635 iectus,
537 1586 748 1626 Eretriam
784 1589 1035 1642 expufflzavit.
1097 1588 1255 1627 Achaei
1287 1589 1329 1628 in
1365 1589 1586 1627 amicitiam
1622 1589 1769 1642 recepti

369 1650 472 1682 sunt.
544 1643 776 1684 Coniuratio
807 1659 1021 1693 servorum,
1042 1645 1168 1698 facta
1198 1646 1245 1684 de
1274 1645 1467 1684 solvendis
1505 1645 1767 1699 Carthayiizi-

369 1702 519 1739 ensium
541 1701 749 1749 obsidibus,
768 1716 955 1755 oppressa
977 1708 1034 1742 est
1044 1718 1059 1749 ,·
1088 1703 1166 1741 (luo
1187 1703 1314 1741 millia
1336 1704 1467 1742 necati
1484 1709 1587 1742 sunt.
1634 1703 1767 1743 Prae-

370 1764 499 1796 torum
527 1772 714 1797 numerus
741 1760 959 1812 ampliatus
987 1765 1055 1807 est,
1079 1766 1123 1799 ut
1141 1761 1226 1799 seni
1248 1766 1490 1800 crearentur.
1560 1759 1767 1800 Cornelius

378 1814 570 1868 Cetlieyus
606 1816 743 1854 consul
777 1816 921 1856 Gallos
957 1817 1145 1856 Insubres
1173 1817 1326 1870 proelio
1344 1818 1475 1870 fudit.
1545 1817 1646 1858 Cum
1676 1817 1765 1858 La-

370 1872 628 1911 cedaemoniis
663 1878 701 1911 et
734 1879 907 1927 tyranno
942 1888 1075 1913 eorum
1109 1874 1269 1913 Nabide
1304 1876 1482 1914 amicitia
1518 1876 1654 1914 iuncta
1695 1882 1761 1916 est.

370 1929 587 1969 Praeterea
609 1933 916 1985 expuynationes
937 1932 1094 1972 urbium
1116 1933 1157 1972 in
1178 1932 1422 1972 Macedonia
1443 1932 1685 1986 referuntur.
