1960 3218
552 143 621 186 LI
631 144 679 186 Β.
714 144 913 187 XXXII.
961 144 997 186 C
1011 144 1052 186 A
1061 145 1108 186 P.
1141 150 1211 188 40.
1527 151 1581 189 83

180 235 280 286 lere,
303 234 392 276 sine
414 235 671 277 contumelia
692 244 734 277 et
754 235 1005 278 laceratione
1027 251 1251 292 corporum
1271 246 1369 278 sunt
1390 237 1575 280 dimissi:
1596 250 1637 282 U.
1654 251 1692 283 C.
1715 258 1788 292 555.

179 308 285 350 quos
306 293 496 335 occulere
518 303 591 335 aut
605 294 816 335 retrahere
839 294 999 351 aliquid
1015 294 1196 350 suspicio
1212 294 1303 344 fuit,
1322 295 1365 335 in
1383 296 1574 338 servilem
1590 297 1628 348 A,-
1654 297 1692 345 C·
1704 303 1788 344 ‚197-

179 351 352 393 modum
384 351 554 393 lacerati
583 361 710 408 atque
742 353 906 393 extorti.
972 351 1192 394 Concione
1223 352 1322 394 inde
1360 339 1769 412 adxvoeata,ffi¹l'l¹{{{fet

148 409 415 473 {rogationes
436 409 741 466 promulgavit3
775 425 902 452 unam
924 410 976 451 de
999 410 1150 452 tabulis
1172 411 1303 461 novis,
1327 410 1498 453 alteram
1520 413 1573 454 de
1588 426 1772 457 erudelitas.

178 482 277 523 agro
305 467 459 508 viritim
488 467 745 517 dividend03
779 468 883 510 duas
910 468 1020 510 faces
1048 469 1300 510 novantibus
1321 484 1386 510 res
1411 469 1464 511 ad
1484 470 1574 526 ple-

176 525 274 567 bem
295 525 339 566 in
361 526 581 582 optimates
603 526 927 568 accendendam.

145 595 163 626 3
236 582 466 640 Postquam
494 584 538 624 in
560 594 766 640 potestate
789 584 1044 641 Argivorum
1067 585 1211 626 civitas
1233 593 1332 635 erat,
1355 584 1462 626 nihil
1483 586 1572 628 eius
1651 592 1717 632 39.

176 656 338 682 memor
360 651 574 698 tyrannUS,
598 658 622 683 a
649 658 734 699 quo
759 658 850 684 eam
880 643 1104 693 civitatem,
1127 652 1169 684 et
1197 658 1323 699 quam
1353 643 1398 684 in
1426 644 1574 685 condi-

176 699 336 740 tionem
358 700 598 756 accepisset,
621 700 779 757 legatos
808 700 989 742 Elatiam
1011 701 1065 742 ad
1090 700 1355 751 Quinctium,
1378 710 1420 742 et
1448 703 1575 744 Atta-

175 755 263 798 lum
287 758 478 814 Aeginae
500 758 794 800 hibernantem
811 759 953 809 mittit,
972 759 1045 815 qui
1062 759 1319 809 nuntiarent,
1344 765 1356 783 ‘
1369 760 1507 816 Argos
1528 760 1574 801 in

176 819 405 871 ‘potestate
428 831 502 857 sua
522 831 633 858 esse:
668 832 717 858 eo
739 817 772 858 si
794 818 956 859 veniret
976 817 1203 866 Quinctius
1224 817 1277 858 ad
1298 816 1571 874 colloquium,

176 878 286 914 ‘non
308 873 511 924 diffidere,
529 874 607 915 sibi
629 875 770 916 omnia
791 891 887 916 cum
909 891 959 917 eo
981 876 1265 917 conventura.'
1330 875 1571 926 Quinctius,

173 939 221 972 ut
241 947 291 973 eo
313 947 483 988 quoque
497 933 704 988 praesidio
726 933 973 990 Philippum
995 933 1186 983 nudaret,
1204 949 1337 990 quum
1359 935 1574 976 annuisset

173 1004 216 1031 se
248 999 486 1040 venturum,
520 991 650 1032 mittit
677 991 731 1032 ad
756 991 964 1041 Attalum,
990 1000 1038 1032 ut
1066 992 1117 1032 ab
1144 992 1312 1048 Aegina
1347 991 1572 1049 Sicyonem

173 1047 252 1088 sibi
283 1057 531 1098 occurreret,
563 1049 651 1105 ipse
683 1050 734 1090 ab
771 1049 977 1106 Anticyra
1003 1049 1151 1091 decem
1182 1050 1570 1106 quinqueremibuS,

174 1120 278 1161 quas
305 1105 354 1147 iis
374 1106 479 1148 forte
502 1107 601 1163 ipsis
629 1107 777 1148 diebus
806 1107 855 1148 L.
884 1107 1111 1156 Quinctius
1136 1108 1264 1149 frater
1291 1108 1380 1149 eius
1408 1108 1572 1149 addux-

174 1172 262 1204 erat
290 1179 343 1205 ex
374 1164 560 1206 hibernis
585 1164 808 1222 Corcyrae,
835 1165 1060 1222 Sicyonem
1089 1166 1328 1207 transmisit.
1392 1165 1482 1207 Iam
1513 1166 1572 1207 ibi

173 1221 344 1263 Attalus
377 1231 488 1271 erat3
527 1222 613 1278 qui,
646 1238 778 1279 quum
815 1232 994 1280 tyranno
1030 1223 1083 1265 ad
1116 1224 1359 1265 Romanum
1392 1224 1572 1280 impera-
1587 1240 1726 1273 Nabidis

173 1287 319 1329 torem,
343 1295 427 1321 non
452 1280 647 1321 Romano
669 1281 722 1322 ad
743 1290 983 1338 tyrannum,
1007 1281 1195 1322 eundum
1218 1281 1389 1331 diceret,
1412 1281 1456 1322 in
1478 1297 1573 1323 sen·
1586 1294 1659 1334 cuin
1678 1283 1783 1320 Quin·

173 1337 348 1378 tentiam
388 1353 505 1379 suam
546 1338 798 1387 Quinctium
839 1339 1039 1389 traduxit,
1076 1355 1129 1381 ne
1170 1339 1214 1380 in
1251 1340 1397 1381 urbem
1439 1339 1571 1396 ipsam
1587 1328 1764 1402 ctgfufxss'lm‘

140 1395 312 1451 4Argos
339 1395 430 1437 iret.
495 1395 624 1438 Haud
652 1397 799 1453 procul
826 1398 929 1439 urbe
959 1397 1188 1454 Mycenica
1213 1406 1412 1439 vocatur:
1445 1397 1489 1438 in
1520 1382 1604 1440 eoq
1701 1394 1708 1402 ¹

172 1451 265 1494 loco
288 1462 334 1494 ut
355 1454 726 1509 congrederentur,
742 1456 951 1497 convenit.
1018 1455 1246 1504 Quinctius
1268 1471 1365 1497 cum
1385 1455 1511 1497 fratre
1528 1465 1571 1498 et

173 1511 351 1553 tribunis
372 1512 554 1553 militum
575 1513 732 1569 paucis,
756 1513 926 1555 Attalus
948 1528 1045 1555 cum
1067 1514 1182 1570 regio
1199 1514 1414 1563 comitatu,
1439 1513 1481 1554 N
1486 1513 1571 1556 ico-

171 1577 322 1611 stratus
351 1570 620 1612 Achaeorum
649 1580 817 1627 praetor
841 1587 939 1613 cum
967 1571 1239 1613 auxiliaribus
1266 1571 1411 1628 paucis
1442 1572 1567 1614 venit.

173 1626 422 1684 Tyrannum
444 1628 503 1669 ibi
524 1644 621 1670 cum
635 1630 829 1671 omnibus
846 1630 977 1686 copiis
991 1630 1281 1686 opperientem
1302 1630 1567 1671 invenerunt.

172 1684 421 1742 Progressus
448 1696 631 1728 armatus
652 1703 748 1728 cum
770 1687 1017 1730 satellitibus
1045 1688 1214 1729 armatis
1235 1696 1299 1729 est
1319 1688 1364 1728 in
1383 1687 1571 1728 medium

172 1743 257 1785 fere
284 1744 568 1786 interiacentis
597 1746 756 1802 campi:
791 1746 961 1787 inermis
994 1746 1221 1795 Quinctius
1246 1760 1343 1787 cum
1374 1745 1499 1786 fratre
1529 1754 1572 1787 et

173 1800 337 1843 duobus
360 1802 537 1843 tribunis
562 1803 766 1845 rnilitum:
801 1804 953 1845 inermi
973 1804 1075 1845 item
1097 1804 1186 1860 regi
1210 1811 1379 1860 praetor
1406 1803 1572 1845 Achae-

142 1874 159 1906 5
173 1874 292 1900 orum
315 1868 358 1901 et
385 1875 494 1901 unus
523 1876 575 1901 ex
596 1862 836 1918 purpuratis
857 1861 964 1903 latus
981 1862 1219 1918 cingebant.
1282 1860 1458 1902 Initium
1487 1876 1572 1903 ser-

173 1917 308 1958 monis
336 1918 387 1959 ab
416 1919 684 1960 excusatione
718 1920 886 1976 tyranni
917 1929 1069 1969 ortum,
1102 1925 1113 1943 ‘
1130 1919 1245 1976 quod
1276 1928 1458 1960 armatus
1482 1919 1570 1975 ipse

175 1980 187 1998 ‘
202 1976 454 2032 armatisque
471 1986 650 2033 saeptus,
670 1993 800 2033 quum
819 1978 1001 2019 inermes
1020 1978 1261 2019 Romanum
1276 1977 1570 2033 imperatorem

175 2038 187 2056 ‘
200 2047 427 2089 regemque
450 2044 653 2084 cerneret,
676 2036 719 2075 in
742 2035 999 2091 colloquium
1020 2036 1212 2076 venisset.
1277 2034 1432 2090 Neque
1456 2035 1570 2075 enim

175 2096 242 2131 ‘se
279 2090 371 2131 illos
407 2091 581 2141 timere}
612 2092 733 2143 dixit,
772 2093 872 2133 ‘sed
905 2092 1070 2134 exsules
1103 2092 1387 2148 Argivorum.’
1448 2091 1569 2141 Inde,

173 2148 247 2188 ubi
274 2148 326 2189 de
356 2149 669 2191 conditionibus
696 2150 902 2192 amicitiae
932 2159 1129 2206 coeptum
1157 2150 1224 2206 agi
1246 2158 1320 2198 est,
1352 2149 1571 2190 Romanus

173 2205 279 2247 duas
299 2207 509 2263 postulare
539 2222 626 2248 res:
662 2223 801 2257 unam,
825 2217 872 2249 ut
892 2208 1049 2250 bellum
1079 2223 1176 2249 cum
1198 2207 1384 2250 Achaeis
1404 2207 1568 2248 finiret:

174 2263 359 2314 alteram,
398 2274 444 2306 ut
479 2265 675 2306 adversus
716 2265 965 2323 Philippum
983 2266 1184 2320 “mitteret
1223 2280 1366 2306 secum
1402 2265 1569 2306 auxilia.

175 2321 240 2362 Ea
259 2337 302 2363 se
324 2322 547 2364 missurum
569 2323 700 2364 dixit:
734 2339 810 2380 pro
831 2340 932 2381 pace
955 2339 1052 2365 cum
1069 2323 1266 2373 Achaeis,
1282 2323 1470 2364 indutiae
1493 2323 1572 2363 im-

174 2389 373 2435 petratae,
397 2380 532 2422 donec
560 2381 716 2422 bellum
742 2397 839 2423 cum
866 2381 1065 2438 Philippo
1085 2382 1288 2422 finiretur.
1352 2381 1421 2422 De
1445 2380 1572 2436 Argis
1648 2389 1715 2429 40,

174 2451 343 2494 quoque
366 2437 613 2495 disceptatio
642 2440 693 2481 ab
716 2439 863 2481 Attalo
891 2455 988 2496 rege
1011 2449 1074 2481 est
1102 2449 1238 2480 mota:
1272 2454 1405 2495 quum
1425 2438 1571 2480 fraude

223 2594 235 2614 1
261 2585 469 2624 Royatiames]
511 2586 564 2616 Ita
586 2585 768 2618 Crevierius
794 2596 852 2625 pro
897 2586 936 2617 cf.
961 2586 1054 2618 CaeS.
1090 2587 1130 2617 de
1157 2586 1242 2617 Bell.
1267 2585 1364 2618 civil.
1388 2585 1432 2616 iii.
1462 2595 1486 2617 1.
1504 2585 1573 2617 Cic.

178 2627 262 2666 vulg.
278 2630 481 2666 royationem.
896 2628 928 2659 in
945 2629 1017 2660 Cat.
1035 2629 1065 2659 ii.
1084 2629 1113 2660 8.
1139 2629 1225 2659 Phil.
1245 2628 1283 2659 vi.
1300 2639 1329 2666 4.

222 2679 238 2699 2
263 2671 314 2700 De
330 2671 448 2701 tabulis
462 2672 569 2709 novis]
599 2671 652 2702 De
667 2671 852 2702 remissione
941 2681 958 2711 3
979 2674 1155 2712 Postquam
1171 2673 1206 2701 in
1219 2671 1390 2711 potestate]
1417 2681 1459 2702 sc.
1472 2671 1574 2701 Nabi-

178 2711 258 2742 aeris
279 2712 374 2742 alieni
393 2713 441 2743 vel
459 2713 596 2743 universi
613 2715 662 2744 vel
687 2724 726 2744 ex
750 2718 851 2753 parte.
897 2713 953 2745 dis.

181 2756 322 2785 Tabulae
345 2755 466 2795 quippe
490 2767 590 2787 novae
614 2761 704 2787 erant
728 2757 852 2787 codices
940 2768 959 2794 4
982 2758 1154 2795 Mycenica
1170 2757 1319 2794 vocatur]
1351 2755 1490 2786 Perinde
1515 2761 1573 2789 est.

178 2801 382 2837 acceptorum
401 2802 433 2828 et
449 2808 661 2838 expensorum
679 2799 853 2839 novi,quos
897 2809 934 2829 ac
951 2799 975 2829 si
993 2800 1136 2837 dixisset,
1153 2799 1239 2829 haud
1257 2799 1367 2838 procul
1385 2800 1463 2829 urbe
1486 2799 1575 2829 locus

179 2850 218 2871 ex
241 2840 433 2870 auctoritate
454 2841 584 2880 publica
607 2843 779 2873 creditores
799 2843 852 2873 de·
897 2846 956 2880 est,
972 2842 1026 2881 qui
1043 2842 1217 2882 Mycenica
1233 2845 1372 2872 vocatur.
1398 2841 1551 2871 Gnoxov.

179 2883 334 2913 bitoribus
357 2884 481 2920 darent,
498 2883 542 2914 ita
566 2888 601 2914 ut
622 2885 782 2915 veteribus
800 2886 852 2915 de·
941 2893 957 2924 5
988 2886 1080 2916 Unus
1106 2896 1145 2916 ea·
1169 2885 1381 2924 purpuratis]
1418 2884 1456 2914 cf.
1480 2884 1573 2922 Supr.

181 2925 252 2955 letis
276 2936 357 2955 nova
384 2926 464 2956 aeris
487 2927 584 2956 alieni
608 2927 687 2957 ratio
711 2927 852 2959 iniretur.
900 2927 986 2958 xxxi.
1005 2936 1054 2967 35.

1268 2983 1293 3007 G
1318 2971 1341 3007 2
