1960 3218
302 144 354 182 92
820 139 968 183 ΤΙΤΙ
1006 139 1186 183 LIVII

93 237 138 269 U.
155 237 194 270 C.
217 230 532 282 555.Romanos,
564 238 607 272 et
637 231 816 288 pugnari
846 246 977 287 prope
1007 239 1141 272 castra
1170 231 1355 272 hostium
1385 230 1505 281 vidit,
1535 230 1698 288 ingenti

90 280 131 312 A·
156 281 194 312 C.
221 289 289 322 ι97·
300 288 455 344 gaudio
477 297 540 330 est
559 288 714 330 elatus:
749 303 861 339 mOX,
879 287 1184 345 refugientibus
1205 289 1302 340 suis,
1325 297 1368 330 et
1389 297 1545 330 terrore
1565 305 1697 340 verso,

301 345 540 402 paullisper,
558 346 743 388 incertus
765 361 817 387 an
840 346 884 387 in
901 355 1035 387 castra
1055 346 1261 403 reciperet
1281 346 1434 402 copias,
1452 346 1694 403 trepidavit:

301 403 471 454 deinde,
506 412 553 445 ut
588 404 952 460 appropinquabat
987 403 1130 454 hostis,
1163 412 1218 454 et,
1251 412 1549 461 praeterquam
1583 404 1699 461 quod

301 461 587 503 caedebantur
617 462 761 511 aversi,
790 476 882 511 nec,
909 461 991 502 nisi
1021 461 1363 512 defenderentur,
1395 462 1548 503 servari
1578 470 1700 519 pote-

301 527 409 569 rant,
441 534 494 560 ne
526 519 605 576 ipsi
633 519 806 575 quidem
837 520 881 560 in
912 528 1003 560 tuto
1034 519 1116 560 iam
1148 528 1341 576 receptus
1371 528 1483 569 erat3
1516 529 1697 571 coactus,

302 576 492 618 nondum
515 585 702 618 assecuta
728 585 846 633 parte
868 592 1052 627 suorum,
1075 577 1309 633 periculum
1341 592 1527 618 summae
1558 593 1699 619 rerum

301 634 450 683 facere,
474 635 636 690 equites
658 634 878 691 levemque
901 644 1165 684 armaturam,
1182 635 1255 691 qui
1276 635 1320 675 in
1341 635 1500 692 proelio
1520 635 1697 686 fuerant,

302 691 454 732 dextro
472 692 515 734 in
531 708 663 733 cornu
679 692 810 733 locat:
845 701 1048 734 caetratos
1065 701 1107 734 et
1121 692 1410 734 Macedonum
1432 693 1697 750 phalangem,
1714 714 1730 735 α

302 749 431 790 hastis
461 750 617 806 positis,
641 765 820 806 quarum
850 750 1071 806 longitudo
1102 751 1407 807 impedimento
1428 760 1529 801 erat,
1551 751 1700 807 gladiis

302 822 390 848 rem
413 822 557 862 gerere
580 808 718 848 iubet:
753 807 889 857 simul,
913 823 966 849 ne
988 808 1108 849 facile
1130 817 1472 865 perrumperetur
1491 809 1612 858 acies,
1635 808 1730 851 di—3

304 864 482 905 midium
513 865 566 906 de
598 865 736 906 fronte
768 865 988 921 demptum
1019 866 1220 907 introrsus
1250 867 1451 922 porrectis
1482 867 1699 908 ordinibus

304 921 504 978 duplicat,
534 932 580 963 ut
610 922 735 978 longa
765 923 916 978 potius,
940 938 1067 979 quam
1094 923 1189 973 lata,
1212 924 1321 964 acies
1349 932 1478 965 esset:
1512 924 1636 964 simul
1657 932 1733 968 et4

304 979 470 1020 densari
492 979 659 1021 ordines
682 980 811 1029 iussit,
835 988 882 1021 ut
902 980 966 1021 vir
985 981 1086 1030 viro,
1110 996 1225 1021 arma
1255 981 1380 1022 armis
1410 981 1696 1037 iungerentur.
1712 990 1730 1022 5

170 1045 208 1083 9,
307 1036 547 1087 Quinctius,
565 1037 642 1087 his,
658 1038 732 1093 qui
752 1037 797 1077 in
817 1037 977 1093 proelio
997 1038 1176 1087 fuerant,
1199 1039 1310 1080 inter
1329 1038 1448 1095 signa
1468 1048 1510 1079 et
1531 1038 1700 1080 ordines

302 1094 497 1150 acceptis,
527 1095 628 1136 tuba
655 1095 728 1135 dat
757 1095 936 1151 signum.
1001 1095 1115 1137 Raro
1137 1095 1235 1136 alias
1257 1104 1397 1137 tantus
1418 1096 1575 1137 clamor
1595 1096 1700 1138 dici-

302 1160 371 1193 tur
391 1152 436 1192 in
456 1152 664 1209 principio
692 1168 858 1209 pugnae
881 1161 1061 1194 exortus
1126 1152 1239 1194 Nam
1261 1153 1366 1194 forte
1389 1162 1567 1210 utraque
1589 1154 1699 1195 acies

301 1209 426 1250 simul
456 1210 794 1251 conclamavere:
828 1226 907 1252 nec
938 1210 1073 1251 solum
1102 1211 1175 1266 qui
1206 1212 1464 1267 pugnabant,
1496 1211 1571 1252 sed
1602 1211 1700 1253 sub-

301 1267 407 1308 sidia
437 1267 576 1317 etiam,
609 1268 768 1324 quique
800 1276 891 1309 tum
927 1268 1108 1309 maxime
1143 1269 1187 1308 in
1220 1268 1427 1324 proelium
1459 1269 1696 1310 veniebant.

301 1324 467 1366 Dextro
490 1340 622 1366 cornu
649 1341 736 1375 rex,
759 1324 839 1366 loci
870 1325 1099 1381 plurimum
1127 1326 1296 1376 auxilio,
1320 1342 1373 1367 ex
1404 1327 1511 1382 iugis
1542 1326 1700 1368 altiori-

300 1382 379 1423 bus
409 1397 614 1438 pugnans,
648 1383 870 1432 vincebat3
914 1383 1093 1432 sinistro,
1124 1391 1213 1424 tum
1247 1399 1379 1439 quum
1411 1384 1592 1425 maxime
1626 1399 1700 1441 ap-

300 1440 612 1496 propinquante
644 1440 863 1497 phalangis
891 1449 1020 1496 parte,
1044 1456 1152 1496 quae
1174 1442 1387 1482 novissimi
1410 1442 1588 1497 agminis
1608 1442 1700 1483 fue-

301 1505 377 1546 rat,
421 1497 510 1539 sine
552 1497 637 1539 ullo
678 1497 826 1539 ordine
870 1498 1167 1554 trepidabatur.
1240 1498 1390 1540 Media
1430 1500 1552 1549 acies,
1590 1515 1698 1555 quae

300 1555 471 1611 propior
501 1555 695 1596 dextrum
728 1571 861 1597 cornu
891 1564 990 1605 erat,
1015 1556 1149 1597 stabat
1180 1557 1418 1612 spectaculo
1444 1557 1561 1598 velut
1591 1557 1731 1601 nihil6

301 1612 356 1654 ad
387 1627 429 1654 se
460 1613 712 1669 pertinentis
742 1629 909 1670 pugnae
941 1614 1128 1655 intenta:
1162 1614 1360 1670 phalanx,
1384 1630 1491 1671 quae
1512 1623 1698 1665 venerat,

347 1758 364 1778 2
388 1750 602 1788 Phahmyem,
620 1750 721 1779 hastis
734 1749 847 1788 positis
863 1771 870 1779 .
887 1771 894 1779 .
909 1748 978 1788 yla-

301 1792 363 1821 diis
376 1802 441 1822 rem
449 1803 561 1830 yerere
572 1793 674 1830 iubet]
701 1792 822 1822 Mirum
834 1791 978 1830 profecto

303 1833 402 1863 videri
434 1834 541 1870 debet,
572 1835 657 1873 quod
687 1833 740 1863 hic
771 1833 978 1873 phalangitae

302 1875 454 1906 iubentur
466 1877 593 1906 sarissas
607 1886 737 1916 ponere,
748 1886 829 1915 quae
842 1880 874 1906 et
891 1876 976 1905 vallo

303 1919 444 1957 quodam
465 1919 531 1948 fere
551 1918 793 1958 inexpugnabili
810 1918 896 1958 ipsos
914 1928 979 1948 sae-

302 1960 446 1999 piebant,
462 1964 494 1991 et
509 1971 659 2000 magnam
677 1961 740 1991 vim
761 1961 924 1991 habebant
938 1961 980 1991 ad

302 2003 557 2042 perrumpendos
579 2003 720 2033 hostium
743 2003 879 2034 ordines.
926 2002 979 2033 Li-

303 2049 375 2076 ceat
391 2046 482 2076 nobis
497 2047 656 2083 dubitare,
678 2056 719 2076 an
742 2046 853 2076 Livius
869 2045 978 2085 genui-

303 2098 381 2117 num
405 2088 533 2128 Polybii
555 2099 683 2120 sensum
704 2088 757 2118 hie
779 2088 981 2127 expresserit,

303 2130 394 2161 cuius
403 2130 483 2161 haec
494 2135 569 2161 sunt
586 2132 691 2163 verba.
715 2131 780 2161 τοῖς
791 2129 849 2169 μὲν
858 2136 980 2170 φαλαγ-

302 2171 405 2211 γίταις
427 2172 516 2210 ἐδόθη
536 2172 745 2215 παράγγελμα
763 2174 980 2208 καταβαλοῦσι

302 2214 359 2245 τὰς
385 2214 538 2255 σαρίσσαις
563 2214 698 2255 ἐπάγειν.
738 2216 789 2246 Ea
815 2216 859 2246 sic
886 2215 980 2246 vertit

303 2258 531 2289 Casaubonus:
557 2260 766 2297 Phalanyitz's
776 2260 853 2288 data
865 2263 910 2289 est
920 2263 978 2289 tes-

301 2311 386 2337 sera,
402 2306 438 2331 ul
454 2302 595 2332 demissis
609 2303 737 2333 sat-issis
753 2302 868 2331 hostem
885 2302 976 2331 inva-

300 2344 390 2374 dant.
436 2343 585 2375 Fortasse
600 2343 633 2373 in
655 2353 791 2373 errorem
813 2343 976 2373 induxerit

304 2384 433 2414 Livium
465 2386 597 2416 verbum
634 2386 862 2422 καταβαλοῦσι,
891 2385 977 2424 quod

303 2427 399 2466 vulgo
412 2428 549 2458 sumitur
561 2438 618 2467 pro
628 2429 776 2465 abiicere,
786 2431 820 2458 at
830 2428 891 2458 hoc
905 2428 976 2458 loco

304 2470 416 2507 procul
434 2469 531 2499 dubio
547 2470 683 2509 intelligi
695 2471 790 2501 debet
803 2471 976 2501 demittere.

305 2512 464 2541 Iubentur
485 2511 571 2542 enim
594 2513 792 2543 Macedones
808 2512 977 2542 demittere

303 2553 442 2590 sarissas,
458 2558 493 2583 ut
510 2554 586 2584 illac
602 2558 785 2593 spectarent
797 2555 934 2591 hostem,
947 2558 979 2584 ct

303 2595 336 2625 in
368 2606 442 2626 eum
478 2596 698 2635 dirigerentur.
746 2597 839 2627 Haec
872 2600 980 2627 nostra

304 2637 489 2668 coniectura
505 2639 615 2678 paullo
631 2638 784 2669 audacior
794 2639 925 2669 fortasse
936 2638 978 2668 vi-

304 2680 436 2710 deatur:
476 2684 510 2710 at
545 2684 592 2710 cst
627 2684 737 2711 tamen
769 2681 980 2719 verisimilior,

304 2732 401 2761 quam
422 2722 455 2752 id
477 2723 561 2761 quod
578 2726 724 2753 narratur
744 2734 764 2753 a
786 2723 888 2760 Livi0‚
906 2724 977 2754 Ma-

305 2765 443 2794 cedonas
466 2775 584 2803 nempe
608 2765 708 2795 iussos
739 2775 807 2795 esse
836 2766 877 2795 ab
904 2775 976 2804 rege

304 2817 394 2836 suam
416 2806 502 2846 ipsos
522 2807 585 2836 vim
608 2807 730 2837 solvere
747 2811 779 2837 et
794 2807 975 2847 infringere.

305 2849 339 2879 Si
360 2848 431 2888 quis
450 2849 611 2879 dubitaret
633 2849 665 2879 in
687 2849 807 2880 sarissis
822 2853 898 2879 ante
915 2850 976 2889 pri-

305 2901 374 2922 mos
389 2891 529 2922 militum
540 2891 666 2922 ordines
675 2891 825 2931 proiectis
835 2891 977 2932 positum

1023 1748 1121 1778 fuisse
1136 1747 1300 1788 proprium
1315 1749 1548 1780 Macedonicae
1565 1749 1701 1789 phalan—

1022 1791 1068 1829 gis
1079 1792 1184 1829 robur,
1196 1792 1280 1830 legat
1291 1792 1448 1831 egregiam
1459 1802 1621 1822 armorum
1633 1792 1699 1822 Ro-

1022 1842 1193 1863 manorum
1231 1834 1583 1873 Macedonicorumque
1614 1844 1699 1864 com-

1022 1875 1225 1914 parationem
1241 1877 1329 1915 apud
1348 1877 1535 1916 Polybium,
1551 1877 1612 1907 hoc
1628 1877 1699 1916 ipso

1027 1918 1109 1955 loco,
1132 1922 1203 1957 post
1225 1923 1384 1949 narratam
1410 1929 1550 1958 pugnam
1570 1920 1611 1950 ad
1635 1920 1699 1959 Cy·

1025 1961 1248 2000 noscephalas.
1272 1962 1378 1992 CREV.
1396 1962 1435 1993 cf.
1454 1962 1486 1992 N
1490 1962 1590 1994 iebhr.
1606 1962 1650 1993 iii.
1667 1973 1699 1994 n.

1024 2002 1097 2033 828.

1067 2054 1084 2083 3
1108 2047 1288 2076 Dimidium
1298 2047 1472 2085 defi-onte]
1501 2047 1699 2087 Hypallage.

1027 2088 1161 2127 Proprie
1182 2088 1269 2118 enim
1290 2089 1353 2119 dici
1376 2090 1547 2128 debuisset,
1564 2090 1700 2120 dimidio

1025 2131 1066 2161 de
1082 2131 1185 2161 fronte
1202 2131 1334 2170 dempto
1351 2132 1498 2171 duplicat
1514 2132 1640 2163 ordines
1652 2133 1698 2163 in-

1024 2176 1142 2203 trorsus
1154 2173 1187 2203 in
1204 2174 1335 2213 longum
1351 2178 1522 2214 porrectos.
1547 2175 1656 2206 Cnav.

1068 2226 1087 2253 4
1115 2217 1157 2247 Ut
1183 2217 1277 2255 lonya
1302 2219 1428 2256 potius]
1463 2217 1601 2248 Ordines
1625 2228 1698 2248 vero

1022 2258 1194 2297 phalangis
1206 2269 1246 2288 ex
1259 2259 1398 2289 sedecim
1412 2259 1570 2290 militibus
1580 2259 1612 2290 in
1628 2260 1697 2291 lon-

1021 2310 1097 2339 gum
1115 2301 1315 2339 constabant,
1331 2301 1376 2331 ita
1391 2305 1438 2339 ut,
1453 2302 1477 2331 si
1495 2302 1697 2342 duplicaren-

1022 2346 1075 2373 tur
1089 2343 1122 2372 in
1139 2343 1270 2382 longum
1284 2343 1421 2381 ordines,
1433 2344 1551 2374 milites
1567 2344 1698 2385 triginta

1023 2385 1088 2414 duo
1103 2385 1235 2424 singulis
1255 2385 1420 2416 ordinibus
1435 2387 1517 2416 alter
1531 2390 1604 2426 post
1618 2387 1696 2418 alte·

1021 2437 1092 2457 rum
1109 2427 1142 2457 in
1157 2428 1294 2458 frontem
1312 2428 1499 2459 niterentur.

1065 2478 1082 2508 5
1107 2471 1250 2500 Dea-sarz*
1277 2471 1421 2509 ordines]
1460 2471 1633 2511 Philippus
1662 2471 1696 2503 in

1021 2511 1083 2542 hoc
1098 2512 1220 2551 proelio
1234 2522 1304 2542 eam
1321 2523 1387 2542 rem
1397 2514 1527 2552 gerendi
1538 2514 1696 2545 rationem

1023 2554 1160 2594 experiri
1184 2554 1295 2591 voluit,
1311 2565 1408 2594 quam
1431 2555 1533 2593 Galli,
1551 2557 1697 2596 Napole-

1024 2601 1100 2628 onte
1126 2597 1219 2635 duce,
1245 2597 1372 2636 saepius
1399 2608 1550 2637 prospero
1577 2603 1697 2630 eventu

1024 2639 1149 2678 experti
1177 2643 1262 2676 sunt,
1293 2639 1440 2679 Anglice,
1469 2645 1498 2672 to
1525 2643 1634 2672 attach
1660 2643 1696 2672 in

1024 2682 1159 2711 column.
1205 2681 1268 2712 Sed
1294 2681 1374 2712 haec
1395 2682 1475 2712 ratio
1500 2693 1627 2723 prorsus
1649 2684 1696 2714 in·

1021 2723 1110 2753 utilis
1129 2723 1252 2761 fuisset,
1268 2723 1291 2754 si
1310 2724 1452 2763 phalanx
1469 2725 1527 2756 illa
1542 2727 1695 2758 Macedo-

1020 2769 1098 2795 num
1113 2765 1241 2796 sarissas
1257 2766 1346 2805 prius
1361 2767 1551 2806 posuissent.

1063 2807 1082 2838 6
1106 2809 1246 2847 Propior
1257 2810 1403 2840 (leirtrnm
1415 2812 1533 2850 cornu]
1557 2810 1695 2851 Propius

1021 2850 1062 2880 ad
1078 2850 1228 2897 dextrum
1245 2861 1343 2882 cornu
1359 2853 1543 2884 accedebat.
1557 2853 1595 2884 cf.
1609 2863 1694 2893 supr.

1021 2902 1132 2923 xxviii.
1150 2902 1200 2931 40.
