1960 3218
618 135 743 177 LIB.
777 134 874 176 XL.

919 134 1063 177 CAP.
1101 138 1164 177 13.
1498 137 1581 176 443

208 226 450 268 ‘Romanos
479 241 503 267 a
532 241 598 267 me
628 225 762 267 cultos
789 226 858 276 ait,
881 234 1005 282 atque
1030 241 1181 267 eorum
1208 224 1402 266 fiducia
1392 239 1436 265 m
1467 237 1644 281 spemn
1659 237 1698 270 c
1721 244 1793 278 570·

208 290 220 308 ‘
235 284 354 340 regni
384 299 451 325 me
477 284 659 325 venisse.
649 284 667 314 ‘9

210 342 367 384 ‘menti
399 357 487 383 esse
517 341 749 391 credebam,
772 350 831 391 ut,
855 357 981 397 quem
1001 341 1168 390 vellent,
1196 341 1460 406 imponerent
1491 339 1587 380 Ma-

211 405 223 424 ‘
238 399 438 441 cedoniae
458 413 611 454 regem,
626 407 670 440 et
690 414 806 440 meae
823 408 985 440 tantum
1008 398 1120 455 apud
1140 413 1210 440 eos
1230 398 1385 454 gratiae
1403 397 1589 439 confide-

211 463 223 482 ‘
238 458 346 506 bam,
360 456 463 513 quid
483 471 586 512 opus
606 456 827 512 parricidio
848 456 958 498 fuit?
999 457 1084 505 An,
1102 465 1148 496 ut
1170 466 1389 496 cruentum
1410 455 1591 496 fraterna

211 521 223 539 ‘
239 515 364 556 caede
386 513 578 560 diadema
597 529 806 570 ger.ere1n
796 515 814 545 ‘9
841 523 889 555 ut
909 513 1018 555 11115
1009 513 1120 570 ipsis,
1137 513 1250 569 apud
1264 528 1367 568 quos
1388 522 1459 553 aut
1478 527 1588 562 vera,

211 578 224 596 ‘
239 581 310 613 aut
345 580 456 612 certe
492 571 694 621 simulata,
728 572 931 628 plobitate
968 580 1128 628 partam
1163 570 1337 627 gratiam
1372 570 1519 635 habeo,
1557 570 1592 611 si

213 635 366 685 ‘quam
393 629 498 670 forte
527 629 674 679 habeo,
697 629 958 671 exsecrabilis
989 638 1031 670 et
1060 629 1218 669 lnvisus
1245 628 1406 669 essem?
1436 628 1517 668 nisi
1539 627 1589 668 T.

213 693 225 711 ⁶
244 687 494 735 Quinctium
525 687 671 736 credis,
694 688 810 728 cuius
831 687 984 728 virtute
1010 696 1053 728 et
1077 686 1258 728 consiliis
1288 700 1354 726 me
1386 700 1499 725 nunc
1530 700 1593 725 al—

213 750 226 769 ‘
241 745 333 801 guis
363 745 463 801 regi,
487 759 616 800 quum
640 754 682 786 et
702 745 789 801 ipse
812 745 883 785 tali
903 745 1060 801 pictate
1082 744 1192 785 vivat
1213 759 1309 785 cum
1329 743 1467 792 fratre,
1490 742 1593 783 mihi

215 808 227 827 ‘
241 804 444 843 fraternae
468 802 606 843 caedls
626 802 749 843 fuisse
772 812 994 844 auctorem.

1057 802 1176 843 Idem
1198 817 1283 842 non
1306 801 1595 842 Romanorum

217 866 228 884 ‘
243 860 378 901 solum
397 860 586 915 gratiam,
604 860 677 901 sed
699 859 985 902 Macedonum
1005 860 1171 910 iudicia,
1190 857 1236 901 ac
1257 874 1390 915 paene
1407 858 1596 900 omnium

217 924 229 942 ‘
244 917 419 959 deorum
440 917 743 973 hominumque
765 933 1014 959 consensum
1035 917 1214 974 collegit,
1236 932 1312 973 per
1328 932 1434 973 quae
1457 916 1598 957 omnia

217 981 229 999 ‘
244 990 287 1016 se
304 974 407 1015 mihi
422 990 566 1031 parem
581 975 625 1015 in
641 976 866 1017 certamine
884 991 969 1017 non
981 976 1169 1016 futurum
1185 974 1420 1016 crediderit.
1462 973 1597 1023 Idem,

218 1039 229 1056 ‘
245 1042 444 1088 tanquam
465 1033 510 1073 in
531 1032 619 1073 aliis
640 1033 833 1074 omnibus
854 1034 976 1074 rebus
996 1033 1165 1074 inferior
1185 1047 1376 1081 essem,a
1353 1032 1406 1073 ad
1433 1031 1599 1072 sceleris

218 1096 230 1114 ‘
245 1105 361 1147 spem
383 1089 571 1131 ultimam
591 1090 823 1147 confugisse
846 1106 912 1132 me
934 1090 1155 1131 insimulat.

1218 1089 1294 1131 Vis
1314 1089 1422 1131 hanc
1443 1089 1547 1135 form
1553 1104 1599 1129 11-

219 1148 329 1189 ‘lam
359 1148 609 1203 cognitionis
639 1164 740 1198 csse,
767 1157 826 1198 ut,
855 1157 949 1190 uter
980 1148 1178 1197 timuerit,
1210 1163 1263 1188 ne
1299 1146 1402 1188 alter
1433 1147 1600 1202 dignior

220 1205 457 1246 ‘videretur
491 1220 633 1261 regno,
664 1206 699 1247 is

733 1206 951 1247 consilium
983 1205 1246 1262 opprimendi
1276 1205 1411 1245 fratris
1441 1204 1598 1260 cepisse

221 1268 232 1287 ‘
247 1263 484 1304 iudicetur?
539 1263 830 1319 Exsequamur
851 1273 989 1305 tamen
1011 1278 1263 1319 quocunque
1285 1262 1410 1303 modo
1431 1261 1601 1303 conficti

220 1327 232 1345 ‘
248 1320 438 1361 ordinem
469 1320 663 1361 crimmis.

726 1321 922 1362 Pluribus
943 1321 1076 1362 modis
1096 1336 1138 1361 se
1160 1321 1338 1376 petitum
1360 1320 1602 1360 criminatus

221 1383 322 1427 ‘est,
356 1386 398 1418 et
433 1392 577 1418 omnes
608 1377 850 1419 insidiarum
885 1379 971 1419 vias
1010 1378 1055 1418 in
1095 1393 1227 1418 unum
1262 1377 1375 1418 diem
1411 1376 1600 1418 contulit.

222 1441 234 1459 ‘
250 1435 379 1476 Volui
399 1435 583 1476 interdiu
604 1451 701 1476 eum
721 1445 815 1492 post
835 1436 1134 1485 lustrationem,
1153 1450 1284 1491 quum
1305 1434 1602 1482 concurrimus,

192 1510 209 1532 2
224 1499 294 1534 ‘et
313 1492 498 1548 quidem,
516 1493 549 1533 si
570 1493 650 1533 diis
669 1493 819 1558 placet,
837 1493 1129 1534 lustrationum
1150 1493 1218 1534 die
1237 1492 1449 1534 occidere:
1478 1491 1602 1541 volui,

224 1556 383 1606 ‘quum
413 1550 466 1591 ad
497 1565 670 1591 coenam
693 1551 877 1599 invitavi,
899 1566 1063 1591 veneno
1091 1550 1249 1591 50111001
1277 1549 1444 1591 tollere:
1477 1549 1603 1598 volui,

226 1613 384 1663 ‘quum
417 1608 682 1648 comissatum
713 1607 862 1663 gladiis
893 1608 1069 1648 accincti
1100 1623 1166 1648 me
1197 1608 1329 1648 secuti
1359 1616 1469 1656 sunt,
1496 1607 1605 1648 ferro

226 1665 499 1706 ‘interficere.

561 1665 773 1721 Tempora
793 1666 965 1730 quidem
986 1665 1125 1730 qualia
1145 1665 1229 1706 sint
1253 1664 1305 1705 ad
1335 1664 1606 1720 pariicidium

227 1729 238 1747 (
254 1722 398 1772 electa,
422 1722 560 1764 vides·
593 1722 719 1772 lusus,
742 1739 934 1772 convivu,
963 1723 1275 1764 comissationis.

1341 1721 1487 1770 Quid?
1518 1722 1608 1762 dies

228 1780 418 1836 ‘qualis?
449 1796 533 1835 quo
563 1780 757 1821 lustratus
788 1781 1008 1830 exercitus,
1036 1796 1119 1836 quo
1147 1780 1256 1821 111101
1286 1779 1458 1820 divisam
1489 1779 1608 1820 victi—

228 1844 379 1887 ‘mam,
410 1837 603 1894 praelatis
634 1838 835 1887 omnium,
858 1838 931 1894 qui
962 1853 1148 1894 unquam
1178 1837 1307 1886 fuere,
1331 1836 1607 1877 Macedoniae

229 1901 401 1951 ‘regum
434 1895 557 1936 armis
588 1895 723 1951 regiis,
756 1895 840 1937 duo
871 1896 946 1937 soli
979 1905 1051 1936 tua
1081 1904 1270 1951 tegentes
1300 1894 1440 1944 latera,
1476 1903 1608 1950 pater,

229 1959 240 1977 ‘
256 1953 464 2009 praevecti
484 1967 638 2002 sumuS,
654 1961 696 1994 et
714 1962 905 1994 secutum
921 1962 983 1994 est
1000 1952 1285 1994 Macedonum
1307 1968 1470 2008 agmen.
1514 1952 1610 1993 Hoc

271 2086 290 2116 8
317 2087 349 2117 T.
367 2087 552 2123 Quinctium
569 2109 577 2117 .
594 2109 601 2116 .
618 2109 625 2116 .
643 2087 736 2116 cuins
758 2087 893 2123 virtute]

231 2129 306 2159 Vox
322 2130 441 2159 virtute
463 2139 575 2168 parum
596 2128 672 2159 111110
693 2129 764 2158 loco
783 2139 896 2159 conve-

231 2171 298 2202 nire
323 2171 455 2201 videtur.
501 2171 621 2202 Melius
646 2172 787 2211 profecto
816 2172 897 2209 lege-

232 2217 318 2244 retur
333 2215 530 2244 auctoritate.
567 2214 702 2244 Perseus
717 2213 876 2244 obiecerat
889 2225 895 2244 :

236 2259 268 2287 T.
287 2258 457 2294 Quinctius
473 2266 559 2286 nunc
573 2262 619 2287 esc
634 2261 745 2287 auctor
760 2258 899 2287 omnium

232 2310 340 2331 rerum
356 2300 408 2330 isti
423 2304 453 2330 et
470 2301 626 2338 rna-(sister.
651 2300 756 2330 Cnssv.

275 2352 294 2383 9
315 2343 595 2379 Hmzcsormulam
613 2343 799 2381 coynitionis
814 2344 896 2380 esse]

235 2384 371 2416 Locutio
409 2395 448 2415 cx
488 2385 555 2414 iure
593 2385 742 2415 Romano
788 2385 898 2424 petita.

236 2427 368 2458 Praetor
383 2427 480 2464 0111111,
496 2437 595 2466 quum
615 2427 734 2457 iudices
755 2427 844 2457 daret
866 2428 901 2457 li-

234 2469 418 2510 tigantibus,
434 2471 529 2500 dabat
549 2474 580 2500 et
597 2470 765 2499 formulam
783 2481 821 2500 cx
839 2480 902 2509 qua

236 2522 284 2542 res
304 2517 504 2543 controversa
523 2513 693 2552 disceptari
717 2517 747 2542 01
772 2512 902 2543 iudicari

238 2555 388 2585 deberet:
425 2559 522 2594 atque
552 2556 593 2585 ad
631 2566 701 2585 eam
733 2556 903 2585 formulam

237 2597 356 2627 astricti
373 2601 462 2627 crant
477 2597 608 2635 iudices,
625 2609 683 2628 1100
699 2598 792 2628 aliter
808 2608 905 2637 quam

238 2650 277 2670 ex
309 2650 348 2670 ea
384 2641 589 2679 pronuntiare
622 2644 779 2680 poterant.
842 2641 906 2670 llic

239 2692 308 2712 mos
329 2692 348 2712 a
371 2682 494 2721 regibus
517 2693 616 2721 usquc
637 2684 751 2713 ductus
775 2686 854 2720 crat,
869 2688 904 2713 ut

238 2728 373 2764 apparet
397 2735 435 2755 cx
461 2725 597 2755 formula
621 2725 806 2765 cognitionis
829 2726 905 2756 data

239 2767 415 2797 duumviris
430 2779 449 2797 a
464 2767 562 2797 Tullo
584 2777 654 2806 rege
675 2768 706 2798 in
723 2778 819 2798 causa
836 2769 904 2798 110-

240 2810 441 2848 ratii,supr.i.
455 2809 502 2840 26.
518 2810 656 2841 vid.Cic.
667 2810 698 2840 in
708 2811 798 2841 Verr.
810 2810 840 2841 ii.
854 2820 902 2849 31.

240 2857 272 2883 ct
288 2863 344 2892 pro
363 2853 457 2883 Rosc.
473 2863 521 2890 ²4-
538 2857 634 2892 atquc
648 2853 689 2882 ihi
705 2853 905 2883 IIotomanni

241 2899 360 2926 notam.
407 2895 591 2926 Demetrius
620 2895 715 2935 igitur
745 2895 805 2925 hoe
835 2896 906 2926 loco

941 2085 1064 2125 quaerit
1079 2097 1099 2116 a
1114 2086 1221 2123 fratre,
1237 2096 1314 2116 num
1332 2086 1408 2116 velit
1430 2096 1470 2116 cx
1491 2096 1528 2116 ea
1550 2086 1609 2115 for-

940 2130 1029 2159 mula
1051 2129 1139 2159 litem
1163 2129 1247 2159 inter
1269 2139 1323 2159 eos
1339 2129 1517 2165 diiudicari,
1538 2128 1569 2158 h.
1583 2138 1611 2159 e.

941 2171 1023 2202 hanc
1035 2172 1137 2211 legem
1149 2172 1274 2211 utrique
1285 2171 1357 2208 dici,
1365 2175 1400 2202 ut
1411 2171 1505 2210 is‚qui
1516 2171 1610 2201 timu-

942 2214 1001 2244 erit
1025 2225 1064 2244 ne
1090 2215 1171 2244 alter
1186 2214 1311 2253 dignior
1329 2225 1424 2254 regno
1441 2214 1612 2249 videretur,

943 2257 1112 2287 consilium
1137 2257 1339 2296 opprimendi
1363 2257 1467 2287 fratris
1491 2257 1612 2295 cepisse

943 2299 1111 2330 iudicetur.
1151 2301 1249 2335 Quod
1266 2300 1291 2330 si
1307 2300 1495 2330 admittatur
1507 2310 1527 2329 a
1539 2300 1611 2329 Per-

943 2353 1007 2379 seo,
1024 2353 1086 2372 non
1104 2342 1229 2372 dubitat
1248 2343 1443 2377 Demetrius,
1459 2342 1536 2381 quin
1557 2353 1614 2372 sua

945 2385 1075 2414 victoria
1091 2385 1141 2421 sit,
1158 2389 1189 2414 et
1206 2385 1325 2415 crimen
1345 2385 1529 2414 insidiarum
1548 2395 1612 2414 vcr-

945 2431 1030 2457 1111111
1045 2428 1076 2457 111
1092 2431 1321 2458 accusatorem.
1345 2428 1450 2458 Cui-iv,

993 2480 1002 2499 1
1024 2472 1219 2510 Quocunque
1230 2472 1315 2502 modo
1327 2471 1470 2509 conficti]
1491 2470 1613 2505 Quam-

949 2512 1079 2543 visftam
1107 2523 1218 2551 parum
1244 2513 1451 2552 probabiliter
1475 2513 1615 2549 conficti,

949 2559 984 2586 ut
999 2555 1160 2586 accusatio
1176 2555 1233 2585 sibi
1253 2556 1322 2595 ipsa
1343 2566 1404 2585 11011
1427 2555 1616 2592 consentiat,

949 2602 980 2628 01
1007 2599 1047 2628 ad
1072 2598 1161 2628 illam
1188 2598 1422 2628 dissolvendam
1447 2602 1617 2628 contentus

950 2652 1017 2671 0550
1038 2640 1156 2679 possim
1178 2651 1227 2677 co,
1244 2642 1328 2681 quod
1351 2640 1429 2671 mihi
1450 2643 1616 2670 accusator

949 2683 1016 2722 ipse
1033 2683 1151 2714 obiicit.
1176 2684 1281 2714 Cum.

991 2736 1007 2756 2
1031 2727 1066 2756 »Si
1093 2727 1154 2756 diis
1176 2727 1298 2766 placet]
1336 2726 1482 2757 Utuntur
1509 2724 1616 2754 Latini

948 2768 1008 2798 hac
1026 2769 1191 2799 verborum
1208 2769 1356 2805 formula,
1371 2772 1407 2798 ut
1428 2767 1491 2797 iam
1514 2768 1616 2797 obscr-

949 2811 1104 2847 vavimus,
1120 2810 1151 2840 in
1166 2822 1197 2841 re
1214 2811 1353 2849 indigna,
1368 2809 1465 2840 atroci
1482 2821 1488 2839 :
1514 2809 1617 2848 qualis

952 2853 1111 2893 parricidii
1128 2853 1266 2893 suspicio
1282 2857 1373 2884 essct.
1397 2854 1503 2884 (ἷκεν.

727 282 840 325 Nam
869 284 904 325 si
935 293 978 325 et
1003 284 1048 324 in
1070 283 1273 324 Romanis
1302 291 1466 324 tantum
1496 281 1794 323 mo-A-C·18²·

1682 1260 1743 1298 13.
