1960 3218
372 131 452 169 144
878 128 1028 171 ΤΙΤΙ
1064 128 1244 171 LIVII

166 227 210 259 U.
227 228 265 259 C.
289 215 484 267 557.ronis
504 230 557 257 ex
578 215 774 258 ulteriore
797 216 1005 274 Hispania
1024 226 1163 260 vetere
1185 218 1287 260 item
1309 218 1509 270 exercitu,
1527 219 1571 260 in
1593 219 1758 262 Turde-

164 272 205 303 A.
228 271 267 303 C.
292 279 360 312 Ῑ95·
373 274 529 315 taniam
564 274 850 331 proficiscitur.
915 274 1120 317 Omnium
1151 275 1436 333 Hispanorum
1468 277 1649 319 maxime
1679 278 1758 320 im-

373 331 500 373 belles
527 331 735 374 habentur
763 332 1008 375 Turdetani.
1069 333 1184 375 Freti
1214 342 1356 375 tamen
1385 334 1653 376 multitudine
1684 351 1758 377 sua

166 400 203 431 P.
215 398 362 430 Manlius
373 390 535 431 obviam
558 390 698 432 ierunt
717 390 874 447 agmini
904 390 1110 433 Romano.
1173 391 1315 448 Eques
1342 392 1550 434 immissus
1578 393 1758 434 turbavit

164 443 336 516 Turdeta3t
373 447 586 504 extemplo
614 448 746 489 aciem
774 463 942 490 eorum:
984 448 1176 505 pedestre
1207 449 1412 506 proelium
1442 450 1598 491 nullius
1627 450 1756 492 ferme

164 496 222 517 ¹¹⁰⁸
239 496 347 517 v1nc1.
373 506 611 547 certaminis
641 505 731 547 fuit.
794 506 955 547 Milites
986 515 1158 557 veteres,
1189 507 1313 563 periti
1343 507 1528 549 hostium
1557 507 1755 564 bellique,

372 563 487 604 haud
507 563 677 605 dubiam
698 579 883 620 pugnam
903 564 1102 606 fecerunt.
1166 564 1260 606 Nec
1282 574 1423 606 tamen
1447 580 1496 606 ea
1516 580 1657 621 pugna
1683 565 1757 607 de-

371 621 572 663 bellatum
594 630 666 663 est.
729 622 892 663 Decem
920 622 1049 663 millia
1072 622 1332 664 Celtiberum
1361 623 1553 664 mercede
1576 623 1757 664 Turduli

163 690 246 722 Cato
262 699 350 720 exar-
373 678 629 729 conducunt,
651 679 881 736 alienisque
903 680 1026 721 armis
1053 681 1254 737 parabant
1279 680 1446 721 bellum.
1511 680 1673 722 Consul
1692 681 1758 722 in-

163 735 361 807 matlgmnes
373 737 506 786 terim,
529 737 756 779 rebellione
779 737 1120 794 Bergistanorum
1148 738 1267 788 ictus,
1290 747 1446 780 ceteras
1467 753 1635 794 quoque
1657 738 1758 780 civi-

163 786 359 860 ἓῖψᾶῗέὲῖῃ
372 803 477 836 tates
497 804 609 836 ratus
630 810 706 852 per
726 796 986 837 occasionem
1007 795 1119 837 idem
1140 796 1330 846 facturas,
1353 811 1466 837 arma
1486 796 1679 837 omnibus
1699 796 1758 838 cis

372 852 542 894 Iberum
566 852 767 909 Hispanis
787 853 954 894 ademit.
1020 853 1160 901 Quam
1180 869 1269 894 rem
1291 853 1395 895 adeo
1423 869 1545 910 aegre
1566 854 1687 910 passi,
1710 864 1758 895 ut

371 910 493 952 multi
514 919 690 952 mortem
714 911 881 952 sibimet
901 911 979 967 ipsi
1001 911 1326 952 consciscerent:
1360 911 1477 952 ferox
1496 927 1641 967 genus,
1662 911 1757 952 nul-

370 965 453 1009 lam
474 968 602 1009 vitam
623 969 701 1009 rati
723 969 811 1010 sine
834 969 957 1009 armis
978 983 1077 1010 esse.
1144 968 1272 1017 Quod
1293 969 1364 1009 ubi
1386 969 1547 1009 consuli
1566 969 1757 1010 renunti-

371 1034 487 1067 atum
508 1034 581 1076 est,
603 1034 814 1068 senatores
841 1026 1029 1067 omnium
1060 1026 1291 1068 eivitatium
1318 1026 1371 1067 ad
1399 1042 1440 1067 se
1469 1026 1606 1067 vocari
1626 1027 1755 1077 iussit,

371 1093 497 1141 atque
519 1083 581 1134 iis,
607 1090 618 1107 ‘
635 1084 737 1125 Non
758 1085 924 1136 nostra‚’
944 1084 1095 1140 inquit,
1120 1090 1131 1108 ‘
1146 1084 1288 1140 magis,
1307 1100 1432 1140 quam
1454 1092 1600 1134 vestra,
1619 1084 1755 1134 refert,

373 1148 386 1165 ‘
400 1157 472 1183 vos
494 1157 577 1183 nou
600 1142 822 1183 rebellare:
856 1142 1064 1198 siquidem
1085 1142 1129 1183 id
1150 1142 1304 1183 maiore
1328 1142 1612 1198 Hispanorum
1633 1142 1755 1192 malo,

373 1206 385 1224 ‘
401 1215 527 1256 quam
549 1200 757 1241 exercitus
780 1200 961 1242 Romani
989 1200 1140 1250 labore,
1164 1215 1327 1256 semper
1347 1200 1484 1241 adhuc
1504 1200 1659 1241 factum
1681 1208 1754 1241 est.

373 1257 449 1299 ‘Id
471 1267 518 1298 ut
544 1273 597 1299 ne
620 1258 703 1308 fiat,
727 1274 812 1300 uuo
839 1258 965 1299 modo
986 1258 1161 1299 arbitror
1181 1258 1316 1299 caveri
1343 1273 1474 1314 posse,
1498 1258 1532 1298 si
1561 1259 1756 1299 effectum

373 1316 488 1365 ‘erit,
518 1331 570 1357 ne
599 1316 762 1372 possitis
790 1315 1002 1357 rebellare.
1064 1315 1174 1356 Volo
1200 1315 1244 1356 id
1272 1330 1397 1371 quam
1425 1315 1665 1356 mollissima
1690 1315 1758 1357 via

373 1374 611 1429 ‘consequi
675 1374 762 1415 Vos
795 1388 962 1430 quoque
999 1373 1043 1414 in
1076 1389 1125 1414 ea
1157 1388 1200 1414 re
1237 1373 1408 1414 consilio
1440 1388 1505 1414 me
1537 1373 1753 1414 adiuvate:

373 1432 558 1473 ‘nullum
581 1432 779 1473 libentius
807 1446 969 1487 sequar,
994 1447 1118 1487 quam
1141 1431 1255 1486 quod
1283 1439 1443 1471 vosmet
1470 1431 1548 1486 ipsi
1570 1431 1757 1472 attuleri-

372 1495 384 1513 ‘
398 1490 474 1531 tis?
535 1490 792 1531 Tacentibus
808 1491 987 1545 spatium
1004 1504 1046 1529 se
1068 1489 1121 1530 ad
1142 1488 1459 1530 deliberandum
1476 1489 1638 1529 dierum
1654 1504 1757 1545 pau-

165 1556 274 1591 Dimit
290 1570 339 1590 eo·
371 1562 515 1589 corum
532 1547 629 1589 dare
644 1548 762 1588 dixit.
829 1548 972 1595 Quum
991 1547 1171 1588 revocati
1192 1547 1376 1587 seeundo
1393 1562 1561 1602 quoque
1579 1546 1756 1587 concilio

163 1612 233 1662 {um
250 1613 317 1633 mu-
373 1606 609 1655 tacuissent,
633 1621 717 1647 uno
739 1606 806 1646 die
830 1605 957 1645 muris
985 1605 1173 1645 omnium
1195 1604 1356 1654 dirutis,
1379 1604 1432 1644 ad
1453 1619 1535 1653 eos,
1558 1604 1632 1660 qui
1652 1616 1789 1647 non-9

163 1655 223 1677 ¹⁰⁸¹
372 1663 472 1704 dum
495 1664 708 1720 parebant,
731 1663 953 1719 profectus,
976 1672 1023 1704 ut
1043 1663 1085 1703 iu
1109 1677 1319 1718 quamque
1340 1662 1555 1717 regionem
1573 1670 1756 1712 venerat,

373 1737 530 1771 omnes,
549 1722 622 1778 qui
643 1721 753 1762 circa
773 1720 1023 1770 incolebant,
1045 1720 1222 1776 populos
1243 1720 1287 1760 in
1308 1719 1566 1760 deditionem
1583 1720 1754 1776 accepit.

376 1779 628 1835 Segesticam
670 1787 844 1827 tantum,
887 1793 1054 1834 gravem
1095 1787 1219 1834 atque
1256 1777 1498 1833 opulentam
1534 1777 1756 1827 civitatem,

231 1844 295 1884 18,
373 1837 506 1878 vineis
527 1845 570 1878 et
589 1836 742 1893 pluteis
763 1836 884 1892 cepit.
949 1835 1013 1876 Eo
1041 1836 1239 1876 maiorem
1267 1835 1447 1875 habebat
1471 1834 1756 1876 difficultatem
1775 1855 1786 1876 1

373 1895 417 1935 in
439 1894 680 1951 subigendis
701 1894 902 1943 hostibus,
926 1909 1051 1949 quam
1073 1893 1146 1948 qui
1166 1892 1291 1948 primi
1312 1900 1517 1933 venerunt
1537 1893 1581 1932 in
1603 1891 1759 1948 Hispa-

372 1953 485 1994 niam
504 1969 513 2002 ;
547 1952 661 2008 quod
682 1952 736 1993 ad
756 1951 848 1993 illos
870 1951 1009 1992 taedio
1030 1951 1194 2007 imperii
1220 1949 1634 2005 Carthaginiensium
1658 1949 1759 1991 His-

371 2011 470 2067 pani
498 2010 774 2059 deficiebant3
808 2009 906 2050 huie
935 2025 987 2049 ex
1016 2017 1216 2064 usurpata
1242 2008 1432 2049 libertate
1453 2008 1496 2047 in
1518 2008 1789 2049 servitutem2

371 2068 487 2110 velut
508 2068 718 2109 asserendi
739 2076 882 2108 erant:
917 2075 959 2108 et
980 2067 1039 2107 ita
1059 2075 1172 2107 mota
1199 2066 1340 2107 omnia
1360 2065 1533 2121 accepit,
1556 2074 1604 2107 ut
1624 2065 1693 2106 alii
1713 2066 1758 2106 in

372 2127 496 2168 armis
536 2135 686 2175 essent,
723 2125 792 2166 alii
825 2125 1041 2166 obsidione
1078 2124 1127 2165 ad
1167 2123 1445 2165 defectionem
1481 2132 1755 2179 cogerentur:

372 2200 463 2234 nec,
496 2184 576 2225 nisi
608 2184 651 2224 in
686 2192 872 2239 tempore
909 2184 1159 2224 subventum
1195 2182 1314 2231 foret,
1348 2181 1457 2222 ultra
1491 2181 1758 2222 sustentaturi

167 2253 252 2286 Laus
267 2255 327 2286 Ca·
372 2242 539 2283 fuerint.
605 2241 688 2283 Sed
710 2241 754 2281 in
783 2240 950 2282 consule
974 2255 1024 2281 ea
1042 2240 1103 2280 vis
1124 2239 1252 2280 animi
1273 2248 1398 2294 atque
1421 2238 1579 2294 ingenii
1599 2238 1689 2287 fuit,
1711 2247 1759 2279 ut

166 2298 258 2330 tonis.
373 2300 515 2341 omnia
535 2299 716 2340 maxima
736 2298 993 2353 minimaque
1015 2312 1090 2353 per
1116 2312 1159 2338 se
1181 2297 1315 2338 adiret
1335 2307 1460 2351 atque
1482 2304 1645 2350 ageret:
1678 2310 1758 2336 nec

373 2358 574 2414 cogitaret
594 2356 719 2398 modo
741 2356 1064 2412 imperaretque,
1087 2370 1194 2410 quae
1217 2354 1261 2395 in
1289 2368 1378 2395 rem
1398 2361 1548 2402 essent,
1570 2352 1643 2394 sed
1669 2352 1759 2409 ple-

416 2527 435 2558 9
463 2519 533 2548 Uno
553 2519 604 2548 ‘lie
625 2519 726 2547 muris
749 2518 888 2547 omnium
910 2517 1042 2554 (lio-ntis]
1089 2516 1154 2545 fere
1170 2515 1340 2555 Appianus
1362 2515 1442 2545 libro
1459 2525 1553 2555 supra
1571 2518 1757 2546 memorato.

375 2560 506 2599 Nempe
535 2560 640 2589 literas
668 2570 731 2590 uno
762 2560 814 2589 die
836 2560 876 2589 ad
902 2558 1046 2588 civitates
1090 2559 1196 2589 Ciu-tv.

374 2613 484 2633 omnes
512 2602 640 2641 perferri
665 2602 799 2639 curavit,
822 2602 936 2641 quibus
961 2601 1044 2631 diru-
1136 2611 1144 2631 1
1183 2602 1287 2631 Vincis
1307 2605 1336 2631 et
1356 2600 1492 2640 pluteis]
1527 2600 1566 2630 cf.
1583 2601 1677 2640 Supr.
1693 2599 1757 2631 xxi.

373 2656 426 2676 ere
441 2645 548 2675 statim
566 2645 624 2683 ipsi
641 2655 748 2675 muros
764 2654 836 2674 suos
852 2644 1044 2674 iuberentur.
1090 2643 1141 2673 61.

375 2688 478 2727 Igitur
492 2687 626 2727 perculsi
642 2687 811 2727 improviso
824 2686 958 2726 imperio
971 2686 1045 2715 His·
1134 2695 1149 2715 2
1175 2687 1217 2716 In
1247 2687 1431 2715 servilulem
1461 2686 1548 2716 velut
1577 2685 1756 2723 asserendi]

375 2730 462 2771 paui,
478 2741 576 2769 quum
593 2730 750 2760 nescirent
767 2729 918 2768 cuiusque
934 2728 1045 2768 oppidi
1090 2729 1242 2759 Asserere
1265 2730 1299 2758 in.
1321 2730 1504 2759 servitutetn
1523 2727 1641 2758 locutio
1657 2728 1758 2757 foren-

375 2773 587 2812 magistratus,
605 2782 645 2802 an
662 2772 775 2802 ceteris
790 2772 937 2801 omnibus
960 2771 1043 2801 idem
1089 2770 1130 2800 sis
1146 2774 1203 2804 cst,
1220 2771 1259 2800 de
1275 2781 1337 2809 qua
1353 2771 1392 2800 ef.
1409 2781 1492 2810 supr.
1510 2770 1552 2801 iii.
1570 2781 1619 2809 44.
1660 2771 1758 2800 Usar-

374 2816 562 2846 mandatum
589 2818 681 2851 esset,
708 2826 766 2845 nce
792 2818 920 2853 tempus
950 2814 1044 2843 habe·
1085 2824 1168 2852 pare
1189 2816 1297 2843 autem
1320 2813 1404 2843 idem
1421 2813 1506 2853 quod
1529 2823 1622 2843 ‘nsum
1644 2813 1760 2843 habere

375 2862 446 2889 rent
474 2859 515 2888 ad
542 2857 788 2887 consultandum
816 2857 848 2887 in
876 2866 1046 2886 commune
1089 2857 1228 2886 alicuius
1254 2857 1314 2893 rei,
1339 2866 1421 2896 quae
1447 2856 1488 2886 ab
1514 2859 1665 2886 assertore
1694 2854 1758 2884 iam

376 2912 449 2932 cum
466 2899 595 2940 reliquis
611 2899 749 2940 populis,
765 2903 947 2939 paruerunt.
993 2898 1045 2930 Sic
1090 2899 1279 2938 postulatur.
