1960 3218
335 136 418 175 462
846 132 994 175 TITI
1035 131 1211 175 LIVII

129 231 229 263 U.C.
252 224 389 272 571.In
432 223 605 266 Corsica
642 231 878 280 pugnatum
913 232 976 265 est
1011 239 1108 266 cum
1143 223 1297 265 Corsis.
1360 221 1433 264 Ad
1473 221 1558 263 duo
1590 221 1728 263 ‘millia

128 275 168 305 A.
192 275 230 306 C.
255 276 482 323 ¹3¹·eorum
504 281 566 323 M.
583 281 776 323 Pinarius
797 290 963 338 praetor
981 281 1027 322 in
1047 281 1135 323 acie
1157 280 1336 323 occidit:
1371 295 1455 336 qua
1474 279 1592 320 clade
1614 294 1727 320 com-

336 339 446 395 pulsi
486 339 650 380 obsides
691 339 912 389 dederunt,
949 348 992 381 et
1031 354 1149 381 cerae
1191 349 1361 380 centum
1402 337 1532 379 millia
1570 337 1725 393 pondo.

337 396 444 437 Inde
485 397 529 437 in
573 396 807 438 Sardiniam
839 397 1047 438 exercitus
1080 397 1243 446 ductus,
1281 404 1324 437 et
1358 411 1453 437 cum
1490 394 1726 443 Iliensibus,

335 462 461 509 gente
483 470 535 496 ne
558 470 671 496 nunc
699 455 872 511 quidem
901 455 1015 496 omni
1043 462 1159 510 parte
1184 461 1342 510 pacata,
1365 452 1549 494 secunda
1568 451 1728 507 proelia

335 512 454 553 facta.
519 511 936 568 Carthaginiensibus
952 512 1101 553 eodem
1123 527 1233 552 anno
1255 519 1423 552 centum
1447 510 1611 551 obsides
1632 509 1727 550 red-

337 569 428 619 diti,
443 585 673 626 pacemque
691 586 787 611 cum
801 571 850 610 iis
871 570 1050 625 populus
1074 569 1303 618 Romanus,
1319 584 1404 609 non
1421 569 1471 609 ab
1488 583 1530 609 se
1549 576 1724 617 tantum,
1741 577 1759 610 7

337 627 411 668 Sed
432 628 483 669 ab
504 643 601 683 rege
624 628 751 669 etiam
780 627 1014 676 Masinissa,
1037 626 1268 682 praestitit3
1302 626 1375 681 qui
1403 640 1498 667 eum
1519 625 1726 681 praesidio

337 693 495 726 armato
517 700 675 741 agrum,
699 685 771 741 qui
793 685 837 725 in
859 684 1139 726 controversia
1159 692 1260 733 erat,
1283 683 1508 724 obtinebat.

192 749 258 787 35.
398 742 589 784 Otiosam
619 743 876 799 provinciam
907 741 1096 783 consules
1132 741 1381 782 habuerunt.
1444 739 1506 780 M.
1531 739 1725 790 Baebius,

129 802 229 836 U.C.
253 810 324 844 57²·
337 800 602 841 comitiorum
632 815 756 841 causa
792 799 973 840 Romam
1003 807 1232 848 revocatus,
1265 797 1455 839 consules
1486 797 1639 838 creavit
1671 797 1726 838 A.

317 857 602 899 'Postumium
624 857 832 899 Albinum
861 857 1048 898 Luscum
1075 865 1118 897 et
1142 856 1191 897 C.
1214 856 1491 912 Calpurnium
1514 855 1726 895 Pisonem.

336 915 556 957 Praetores
577 915 731 957 exinde
752 914 863 964 facti,
882 914 948 955 Ti.
969 914 1240 970 Sempronius
1260 913 1488 962 Gracchus,
1512 912 1560 953 L.
1577 912 1728 953 Postu-

336 972 445 1014 mius
465 973 663 1023 Albinus,
681 973 728 1013 P.
748 972 972 1014 Cornelius
993 971 1241 1021 Mammula,
1260 971 1326 1013 Ti.
1343 970 1560 1012 Minucius
1584 969 1730 1011 Molli-

336 1029 467 1080 culus,
498 1030 551 1072 A.
569 1030 776 1071 Hostilius
805 1029 1044 1079 Mancinus,
1070 1028 1120 1071 C.
1140 1029 1348 1070 Maenius.
1410 1028 1445 1070 Ii
1476 1043 1620 1069 omnes
1641 1042 1729 1068 ma-

336 1088 556 1144 gistratum
578 1088 723 1129 Idibus
745 1087 912 1129 Martiis
933 1088 1130 1128 inierunt.

127 1162 167 1193 Α,
182 1163 296 1194 Postu·
396 1145 611 1202 Principio
647 1146 735 1187 eius
766 1145 878 1194 anni,
911 1161 995 1201 quo
1027 1145 1080 1186 A.
1105 1145 1347 1186 Postumius
1381 1143 1563 1185 Albinus
1599 1151 1641 1185 et
1675 1143 1722 1185 C.

126 1206 204 1243 mio,
222 1208 282 1255 (3.,
341 1202 595 1260 Calpurnius
620 1203 719 1245 Piso
747 1203 937 1244 consules
961 1203 1144 1252 fuerunt,
1167 1203 1218 1244 ab
1244 1204 1298 1244 A.
1318 1202 1536 1244 Postumio
1557 1199 1726 1242 consule

126 1250 304 1325 ggssgurmo
337 1260 382 1302 in
403 1270 593 1302 senatum
616 1261 858 1310 introducti,
876 1261 949 1316 qui
971 1276 1023 1301 ex
1047 1260 1254 1316 Hispania
1273 1260 1462 1302 citeriore
1484 1267 1685 1300 venerant
1705 1273 1729 1299 a

208 1317 215 1324 ⁰
342 1319 395 1367 Q.
416 1318 563 1360 Fulvio
585 1318 746 1368 Flacco,
771 1319 819 1359 L.
837 1318 1054 1359 Minucius
1076 1318 1248 1374 legatus,
1271 1327 1313 1359 et
1334 1317 1418 1358 duo
1440 1317 1596 1358 tribuni
1619 1315 1728 1356 mili-

338 1384 441 1426 tum,
475 1376 525 1418 T.
551 1376 748 1417 Maenius
778 1384 820 1417 et
855 1376 904 1417 L.
930 1375 1153 1416 Terentius
1185 1374 1428 1416 Massiliota.
1492 1373 1565 1422 Hi,
1595 1388 1726 1429 quum

337 1433 422 1475 duo
462 1433 647 1475 secunda
685 1433 854 1490 proelia,
892 1432 1152 1474 deditionem
1191 1432 1457 1481 Celtiberiae,
1494 1430 1727 1472 confectam

335 1492 593 1548 provinciam
620 1491 894 1540 nuntiassent,
924 1505 1002 1531 nec
1030 1490 1253 1545 stipendio,
1283 1489 1397 1546 quod
1424 1489 1535 1529 mitti
1563 1488 1726 1537 soleret,

336 1563 416 1590 nee
446 1549 655 1590 frumento
686 1557 849 1605 portato
880 1547 933 1589 ad
969 1548 1202 1588 exercitum
1232 1547 1277 1587 in
1307 1562 1405 1588 eum
1436 1561 1593 1588 annum
1623 1560 1728 1602 opus

336 1621 437 1656 esse,
471 1606 683 1662 petierunt
723 1606 774 1646 ab
815 1613 963 1647 senatu
995 1605 1190 1660 primum,
1227 1609 1239 1627 ‘
1256 1613 1303 1645 ut
1335 1605 1388 1646 ob
1428 1619 1492 1645 res
1532 1618 1726 1660 prospere

339 1669 497 1720 ‘gestas
518 1664 598 1705 diis
619 1663 922 1705 immortalibus
942 1662 1075 1704 honos
1091 1662 1357 1703 haberetur:'
1388 1661 1555 1711 deinde,
1580 1667 1592 1684 ‘
1605 1669 1652 1702 ut
1672 1660 1724 1709 Q.

339 1721 512 1763 ‘Fulvio
534 1721 756 1763 decedenti
784 1721 837 1762 de
865 1721 1080 1777 provincia
1107 1720 1326 1776 deportare
1354 1719 1452 1760 inde
1481 1719 1725 1767 exercitum,

340 1780 483 1821 ‘cuius
510 1780 607 1820 forti
634 1794 760 1835 opera
787 1788 829 1820 et
856 1779 943 1835 ipse
969 1787 1010 1819 et
1040 1777 1160 1818 multi
1188 1787 1283 1818 ante
1313 1792 1408 1819 eum
1430 1787 1639 1832 praetores
1663 1776 1727 1816 usi

340 1842 516 1887 ‘essent,
539 1837 706 1886 liceret,
740 1836 856 1892 quod
883 1836 986 1886 fieri,
1008 1843 1301 1891 praeterquam
1328 1834 1443 1891 quod
1463 1834 1521 1874 ita
1541 1834 1724 1881 deberet,

341 1895 491 1936 ‘etiam
519 1910 649 1950 prope
678 1894 958 1935 necessarium
986 1908 1086 1934 esse.
1148 1891 1214 1933 Ita
1241 1892 1354 1933 enim
1383 1891 1609 1933 obstinatos
1639 1900 1759 1931 esse8

341 1957 353 1976 ‘
370 1952 535 2002 milites,
553 1961 600 1993 ut
621 1967 707 1993 non
724 1951 832 1993 ultra
846 1951 1017 1992 retineri
1037 1966 1156 2006 posse
1179 1950 1223 1990 in
1239 1949 1453 2005 provincia
1471 1948 1726 1997 viderentur,

341 2011 612 2065 ‘iniussuque
642 2009 797 2051 abituri
824 2009 922 2050 inde
944 2018 1093 2058 essent,
1117 2008 1150 2049 si
1178 2023 1265 2048 non
1290 2007 1623 2048 dimitterentur:
1657 2014 1728 2046 aut

341 2068 410 2109 ‘in
437 2068 726 2124 perniciosam,
750 2067 783 2108 si
804 2067 897 2123 quis
922 2066 1108 2122 impense
1137 2065 1348 2114 retineret,
1376 2064 1625 2105 seditionem
1655 2078 1729 2104 ex-

131 2137 327 2170 Provinciae.
342 2132 353 2150 ‘
369 2125 526 2167 arsuri.’
588 2124 843 2167 Consulibus
858 2125 1059 2165 ambobus
1079 2123 1337 2180 provinciam
1358 2121 1536 2178 Ligures
1556 2136 1644 2162 esse
1666 2136 1729 2162 se-

340 2193 462 2225 natus
501 2183 632 2224 iussit.
707 2183 928 2224 Praetores
966 2181 1065 2222 inde
1107 2181 1242 2222 sortiti
1283 2189 1392 2221 sunt.
1466 2179 1520 2220 A.
1545 2178 1729 2220 Hostilio

340 2242 512 2291 urbana,
535 2240 585 2281 T.
604 2239 797 2281 Minucio
826 2240 1046 2296 peregrina
1072 2238 1254 2288 obvenit,
1277 2237 1325 2279 P.
1348 2237 1547 2279 Cornelio
1575 2235 1727 2285 Sicilia,

343 2298 393 2341 C.
411 2298 585 2340 Maenio
609 2297 812 2339 Sardinia.
876 2296 1101 2353 Hispanias
1122 2296 1269 2346 sortiti,
1294 2295 1341 2336 L.
1362 2294 1601 2336 Postumius
1622 2293 1729 2334 ulte-

340 2357 506 2406 riorem,
530 2356 596 2396 Ti.
615 2355 887 2412 Sempronius
900 2354 1148 2396 citeriorem.
1210 2352 1251 2394 Is
1272 2353 1372 2409 quia
1391 2365 1652 2393 successurus
1673 2350 1725 2398 Q.

342 2413 489 2455 Fulvio
511 2412 660 2454 Flacco
681 2421 780 2463 erat,
798 2428 851 2453 ne
873 2420 1012 2453 vetere
1034 2411 1223 2452 exercitu
1243 2409 1456 2466 provincia
1470 2407 1727 2464 spoliaretur,

344 2477 356 2495 ‘
373 2470 568 2520 Quaero,’
588 2470 739 2526 inquit,
763 2476 775 2494 ‘
791 2470 843 2511 de
873 2478 927 2519 te,
951 2469 1000 2510 L.
1021 2468 1200 2517 Minuci,
1223 2481 1354 2523 quum
1380 2465 1612 2507 confectam
1633 2480 1730 2521 pro-

344 2528 547 2569 ‘vinciam
576 2528 757 2577 nunties,
780 2527 1059 2575 existimesne,
1086 2525 1320 2566 Celtiberos
1348 2531 1551 2579 perpetuo
1580 2523 1624 2562 in
1645 2522 1728 2564 fide

344 2591 356 2611 ‘
372 2599 600 2633 mansuros,
617 2585 675 2625 ita
695 2593 742 2625 ut
762 2584 850 2625 sine
873 2584 1059 2625 exercitu
1080 2597 1129 2623 ea
1150 2581 1361 2637 provincia
1377 2580 1555 2622 obtineri
1572 2580 1729 2636 possit?

391 2775 406 2806 7
431 2770 612 2808 Pacemque
643 2778 712 2797 cnm
747 2768 802 2804 iis]
852 2766 1016 2805 Praeposi-
1063 2765 1147 2805 cepit
1167 2765 1305 2796 Beklxer.

347 2811 467 2841 tionem
511 2821 582 2841 cum
627 2810 797 2840 delendam
837 2808 1019 2839 Gronovius
1105 2810 1123 2837 S
1147 2810 1372 2839 Ne‹·e.s·sm·13um
1409 2807 1489 2844 csse]
1535 2806 1587 2837 Ita
1624 2815 1729 2836 emen—

347 2857 463 2884 censet.
522 2855 701 2893 I'acemque
738 2857 802 2882 cum
842 2853 882 2882 iis
916 2852 1017 2882 codex
1061 2851 1149 2882 davit
1166 2850 1348 2882 Gronovius
1364 2860 1421 2890 pro
1439 2850 1522 2889 vulg.
1538 2853 1626 2880 esset.

348 2896 442 2927 llarl.
473 2895 615 2932 exhibet,
641 2906 737 2934 qnam
770 2894 939 2924 lectionem
971 2905 1016 2924 rc-
