1960 3218
533 169 660 212 LIB.
695 167 961 210 XXXVIII.
1010 167 1157 210 CAP.
1193 171 1231 210 9.
1498 168 1581 208 329

185 263 514 306 Atheniensium
539 262 891 318 Rhodiorumque
913 261 1053 318 legati,
1076 262 1150 318 qui
1182 261 1235 302 ad
1265 261 1580 318 deprecandum

186 337 263 378 pro
284 322 348 363 his
368 330 582 370 venerant,
605 319 719 376 apud
739 319 954 361 consulem
976 327 1140 369 essent3
1176 319 1456 376 Amynander
1476 335 1582 375 quo-

186 395 284 436 que,
307 378 605 420 Athamanum
628 391 716 427 rex,
743 376 826 418 fide
854 385 1038 433 accepta,
1060 385 1234 418 venerat
1264 377 1308 417 in
1339 387 1472 418 eastra
1494 378 1583 419 Ro-

186 451 324 486 mana,
347 436 477 493 magis
497 450 572 491 pro
594 434 821 476 Ambracia
842 435 956 484 urbe,
976 435 1048 475 ubi
1069 434 1270 476 maiorem
1291 444 1454 491 partem
1476 444 1583 476 tem-

186 494 298 551 poris
332 493 605 542 exsulaverat,
637 507 764 549 quam
799 507 876 548 pro
909 492 1085 542 Aetolis,
1117 492 1330 534 sollicitus.
1393 492 1477 534 Per
1506 493 1583 534 hos

187 552 338 593 certior
357 551 490 592 faetus
511 550 657 592 consul
678 550 730 591 de
757 565 854 590 casu
882 549 1129 605 legatorum,
1152 549 1306 592 adduci
1327 565 1397 591 eos
1418 566 1442 591 a
1464 550 1583 607 Thy-

186 609 248 650 rio
281 608 410 650 iussit.
477 607 671 656 Quorum
703 616 798 663 post
833 607 1059 648 adventum
1095 607 1162 663 agi
1197 617 1394 664 coeptum
1432 618 1494 649 est
1529 608 1582 650 de

186 682 301 723 pace.
364 665 654 722 Amynander,
679 664 793 721 quod
824 665 888 706 sui
921 665 1102 707 maxime
1125 666 1262 721 operis
1283 674 1382 715 erat,
1406 665 1583 722 impigre

187 724 350 780 agebat,
379 732 427 764 ut
455 724 779 764 Ambracienses
807 722 1075 778 compelleret
1109 723 1163 764 ad
1196 723 1468 765 deditionem.
1533 723 1585 765 Id

187 797 320 838 quum
350 796 426 837 per
456 780 666 836 colloquia
695 780 948 837 principum,
971 780 1200 822 succedens
1234 797 1412 831 murum,
1436 797 1585 838 parum

186 839 431 896 proficeret:
475 848 699 894 postremo,
732 838 915 879 consulis
946 839 1151 894 permissu
1181 838 1390 895 ingressus
1422 840 1583 889 urbem,

187 897 340 953 partim
363 896 549 945 consilio,
571 896 724 952 partim
754 896 962 951 precibus,
985 896 1122 945 evicit,
1146 905 1192 937 ut
1216 896 1510 953 permitterent
1541 912 1583 938 se

156 964 174 996 5
193 954 405 996 Romanis.
471 953 528 994 Et
549 953 725 995 Aetolos
750 953 801 995 C.
821 952 1015 994 Valerius
1037 953 1214 994 Laevini
1245 954 1368 1004 filius,
1391 955 1463 1010 qui
1487 970 1584 995 cum

189 1027 239 1053 ea
259 1020 384 1068 gente
406 1011 587 1067 primuni
606 1011 833 1052 amicitiam
853 1010 1082 1067 pepigerat,
1098 1011 1280 1052 consulis
1295 1012 1434 1062 frater,
1453 1022 1584 1053 matre

188 1070 356 1126 genitus
378 1068 539 1118 eadem,
558 1069 724 1125 egregie
747 1068 919 1109 adiuvit.
974 1068 1307 1119 Ambracienses,
1322 1070 1437 1126 prius
1458 1070 1582 1126 pacti,

189 1137 236 1169 ut
259 1126 508 1168 Aetolorum
531 1126 751 1167 auxiliares
773 1125 861 1166 sine
883 1125 1029 1167 fraude
1052 1127 1306 1177 emitterent,
1330 1136 1585 1183 aperuerunt

157 1173 340 1241 6portas.
404 1184 520 1225 Dein
547 1183 703 1233 Aetoli,
738 1189 812 1224 ‘ut
845 1183 1079 1239 quingenta
1116 1183 1306 1225 Euboica
1341 1186 1489 1226 darent
1525 1194 1587 1226 ta-

160 1224 203 1266 7‘
219 1242 358 1291 lenta3
392 1257 445 1283 ex
467 1241 620 1297 quibus
648 1241 832 1282 ducenta
861 1242 1109 1296 praesentia,
1133 1250 1321 1283 trecenta
1350 1258 1426 1298 per
1456 1258 1587 1284 annos

192 1306 293 1341 ‘sex
323 1299 595 1356 pensionibus
625 1298 794 1354 aequis:
834 1299 1020 1354 captivos
1050 1299 1329 1355 perfugasque
1361 1300 1587 1342 redderent

159 1357 451 1398 S‘Romanis:
487 1356 632 1397 urbem
669 1371 722 1397 ne
755 1371 882 1412 quam
918 1356 1120 1397 formulae
1157 1357 1221 1397 sui
1258 1358 1357 1398 iuris
1388 1358 1586 1407 facerent,

193 1421 205 1439 ‘
220 1430 328 1471 quae
350 1423 444 1471 post
465 1413 509 1454 id
530 1424 708 1470 tempus,
725 1429 809 1469 quo
824 1413 875 1454 T.
896 1413 1123 1461 Quinctius
1145 1415 1372 1456 traiecisset
1392 1415 1436 1456 in
1457 1416 1590 1457 Grae-

193 1473 340 1522 ‘eiam,
373 1480 445 1513 aut
478 1471 518 1512 vi
550 1481 673 1528 capta
705 1472 755 1512 ab
792 1471 996 1512 Romanis
1032 1480 1152 1522 esset,
1187 1482 1260 1513 aut
1295 1473 1509 1514 voluntate
1547 1473 1592 1514 in

194 1530 448 1571 ‘amicitiam
469 1529 673 1570 venisset:
711 1528 991 1584 Cephallenia
1018 1529 1155 1570 insula
1185 1538 1231 1571 ut
1263 1540 1381 1571 extra.
1411 1531 1475 1572 ius
1505 1531 1593 1572 foe—

194 1588 331 1629 ‘deris
371 1587 510 1628 esset.’
585 1586 704 1627 Haec
745 1601 988 1642 quanquam
1030 1602 1103 1642 spe
1148 1587 1332 1643 ipsorum
1376 1588 1592 1645 aliquanto

192 1646 347 1687 leviora
368 1653 498 1694 erant,
522 1644 762 1700 petentibus
786 1643 962 1693 Aetolis,
985 1653 1032 1685 ut
1053 1644 1107 1685 ad
1128 1645 1353 1686 concilium
1375 1646 1591 1697 referrent,

161 1721 180 1752 9
194 1703 442 1760 permissum
460 1710 533 1743 est.
588 1701 723 1742 Parva
739 1701 987 1757 disceptatio
1005 1701 1057 1743 de
1076 1703 1247 1751 urbibus
1270 1704 1418 1745 tenuit.
1470 1704 1592 1752 Quae

195 1775 327 1817 quum
357 1760 422 1800 sui
454 1760 554 1800 iuris
586 1759 813 1815 aliquando
845 1759 1032 1809 fuissent,
1065 1760 1186 1801 avelli
1218 1760 1332 1802 velut
1365 1777 1388 1802 a
1419 1777 1592 1818 corpore

194 1834 269 1860 suo
310 1833 431 1873 aegre
473 1817 750 1873 patiebantur.
815 1816 888 1857 Ad
928 1832 1059 1858 unum
1103 1827 1245 1859 tamen
1281 1834 1428 1860 omnes
1460 1819 1594 1876 accipi

194 1891 341 1932 pacem
364 1876 585 1916 iusserunt.
649 1874 973 1915 Ambracienses
1004 1890 1202 1916 coronam
1233 1891 1403 1918 auream
1432 1877 1594 1918 consuli

195 1942 367 1974 eentum
384 1943 427 1974 et
443 1931 752 1988 quinquaginta
773 1932 915 1988 pondo
937 1931 1169 1974 dederunt:
1204 1934 1322 1990 signa
1338 1950 1469 1976 aenea
1486 1950 1596 1976 mar-

197 2005 420 2045 moreaque
443 1999 486 2031 et
507 1989 673 2030 tabulae
695 1989 845 2045 pictae,
861 1989 1015 2045 quibus
1036 1991 1220 2031 ornatior
1237 1992 1476 2042 Ambracia,
1495 1993 1596 2049 quia

195 2049 311 2104 regia
340 2048 395 2089 ibi
426 2047 579 2104 Pyrrhi
609 2047 757 2097 fuerat,
785 2062 911 2103 quam
943 2056 1106 2089 ceterae
1135 2049 1316 2104 regionis
1349 2050 1438 2091 eius
1473 2051 1596 2091 urbes

242 2180 258 2211 5
284 2173 347 2210 Qui
363 2183 434 2203 cum
455 2182 493 2202 ea
511 2172 623 2210 ι([εήίε]
650 2181 692 2202 sc.
709 2170 873 2201 Laevinus

198 2216 275 2255 ipse.
302 2216 339 2246 cf.
357 2225 442 2254 supr.
460 2214 546 2244 xxvi.
568 2223 616 2251 ²4·

241 2257 261 2289 6
284 2259 371 2289 Dein
388 2258 510 2294 Aetoli]
540 2255 667 2286 Adiecit
690 2254 875 2286 Perizonius

201 2311 311 2331 vocem
330 2301 448 2337 Aetoli,
466 2299 657 2338 gravissimis
679 2309 717 2329 ac
741 2297 873 2328 certissi-

200 2343 259 2374 mis
304 2342 476 2373 momentis
517 2342 698 2372 adductus:
745 2350 874 2379 nempe,

201 2387 285 2425 quod
297 2386 358 2415 liae
372 2384 581 2421 conditiones,
593 2394 676 2423 quac
687 2387 876 2422 sequuntur,

201 2440 265 2458 non
287 2427 444 2459 eiusmodi
466 2427 540 2464 sint,
557 2437 640 2465 quae
656 2427 696 2456 ab
718 2437 782 2456 una
798 2426 876 2455 urbe

205 2470 287 2509 exigi
307 2474 436 2509 possent
453 2473 483 2500 et
500 2469 653 2509 praestari
673 2482 680 2505 3
703 2469 788 2508 quod
807 2473 878 2507 post

202 2513 364 2551 expositas
396 2513 454 2542 has
486 2513 571 2551 leges
601 2512 751 2541 dicuntur
782 2509 877 2549 legati

204 2556 395 2585 Aetolorum
426 2554 553 2594 petisse,
577 2558 612 2584 ut
635 2555 676 2584 ad
703 2553 876 2584 concilium

204 2598 367 2633 referrent,
379 2607 416 2626 ac
430 2597 557 2634 deinde,
568 2596 638 2626 infr.
657 2606 701 2627 10.
727 2607 789 2635 pax
804 2606 877 2625 con-

204 2640 278 2670 cilio
300 2639 488 2669 Aetolorum
509 2640 688 2678 approbata
707 2639 766 2675 sit;
792 2639 877 2677 quod

204 2682 275 2712 infr.
299 2691 307 2711 ι
321 2691 342 2712 ι.
361 2682 490 2711 eaedem
511 2692 635 2718 prorsus
652 2681 787 2711 foederis
804 2691 877 2711 cum

207 2724 334 2755 Aetolis
362 2724 446 2762 leges
473 2727 684 2762 repetantur;
714 2724 800 2762 quod
826 2724 878 2753 ‹lc-

206 2767 302 2806 nique
321 2766 367 2796 ita
386 2766 501 2795 habeat
524 2766 690 2805 Polybius,
705 2776 800 2805 quein
828 2765 880 2795 hic

207 2809 300 2839 vertit
323 2813 440 2838 noster.
466 2808 572 2837 Cam.
617 2809 769 2839 Ceterum
795 2808 879 2838 Bek-

206 2852 271 2882 ker.
292 2861 400 2881 vocem
418 2851 523 2881 Aetoli
540 2850 656 2880 omisit.

252 2901 266 2932 7
292 2894 437 2924 Euboica
463 2917 469 2924 .
488 2917 493 2923 .
513 2916 519 2923 .
548 2893 687 2931 talenla]
723 2894 760 2923 cf.
787 2893 879 2932 Supr.

207 2935 328 2967 xxxvii.
347 2943 396 2974 45.

960 2170 978 2199 8
1008 2172 1124 2202 Urbem
1154 2182 1195 2202 ne
1225 2183 1321 2211 quam
1347 2173 1514 2210 formulae
1543 2174 1596 2204 sui

918 2213 1000 2243 iuris
1008 2214 1178 2251 facerent]
1208 2214 1262 2244 Ne
1278 2213 1504 2253 quanffurbem
1522 2226 1595 2246 con-

918 2255 1095 2285 tribuerent
1111 2256 1181 2293 sibi,
1194 2260 1225 2286 et
1241 2258 1281 2287 ad
1299 2257 1470 2288 formulam
1488 2259 1596 2298 legum

919 2298 1139 2328 Aetolicaruin
1170 2299 1347 2338 alligarent.
1396 2301 1471 2330 Hoc
1504 2302 1598 2331 vertit

921 2340 1032 2370 Livius
1059 2351 1098 2371 ex
1127 2340 1253 2371 Graeco
1279 2343 1421 2382 Polybii,
1444 2342 1538 2373 πόλιν
1564 2342 1597 2373 δὲ

919 2381 1070 2420 μηδεμίαν
1086 2382 1172 2421 ἔχειν
1189 2384 1221 2413 ἐν
1236 2386 1277 2424 τῇ
1294 2384 1508 2423 συμπολιτεία.
1556 2387 1596 2417 In

921 2425 977 2455 illo
1008 2426 1145 2456 {hederis
1175 2427 1281 2465 capite
1311 2428 1452 2467 respexit
1485 2429 1597 2468 procul

922 2468 1019 2498 dubio
1033 2469 1144 2498 consul
1158 2469 1197 2498 ad
1212 2469 1283 2499 illas
1294 2470 1481 2501 Thessaliae
1494 2472 1598 2509 urbes,

926 2510 1130 2547 Pharsalum,
1178 2511 1352 2550 Echinum,
1400 2514 1597 2552 Leucadem,

922 2563 1001 2592 quas
1016 2553 1074 2583 sibi
1096 2565 1158 2583 non
1176 2555 1316 2585 redditas
1332 2556 1430 2586 fuisse
1453 2558 1534 2587 adeo
1550 2557 1596 2587 in-

923 2596 1043 2634 dignati
1075 2597 1201 2626 fuerant
1232 2598 1353 2636 Aetoli,
1384 2602 1419 2628 ut
1455 2599 1516 2630 hac
1551 2600 1598 2629 ira

923 2640 1065 2669 maxime
1083 2639 1280 2669 Antiochum
1300 2640 1332 2670 in
1351 2641 1521 2672 Graeciam
1546 2653 1598 2672 vo-

923 2684 1041 2711 carent.
1089 2681 1165 2712 Via.
1188 2693 1273 2721 supr.
1291 2683 1404 2714 xxxiii.
1430 2693 1476 2723 13.
1499 2688 1531 2715 et
1548 2694 1598 2723 34.

923 2727 955 2754 et
972 2723 1081 2754 xxxiv.
1101 2733 1149 2763 23.
1174 2726 1280 2756 Cum.

967 2776 986 2806 9
1011 2768 1101 2803 Quae
1139 2769 1253 2807 quum]
1308 2770 1396 2805 Quas
1427 2769 1598 2808 legendum

926 2810 995 2838 vult
1030 2809 1189 2846 Muretus,
1219 2810 1273 2840 sed
1315 2811 1600 2841 Drakenborchius

926 2861 1102 2889 pronomen
1126 2863 1180 2882 eas
1203 2856 1278 2882 ante
1302 2854 1398 2882 avelli
1423 2853 1599 2891 intelligen-

927 2894 1002 2922 dum
1027 2897 1142 2924 censet.
1188 2896 1247 2925 Sui
1273 2896 1354 2925 iuris
1378 2895 1429 2925 liic
1451 2899 1497 2926 cst
1519 2897 1601 2927 iuris

926 2936 1074 2966 Aetolici.
1499 2933 1504 2937 ⁴

1598 263 1642 295 U.
1659 263 1698 295 C.
1720 262 1794 303 563.

1594 307 1635 338 A.
1659 307 1698 338 c.
1723 306 1792 347 189.

1598 1068 1765 1100 Ambraci-

1598 1122 1690 1143 enses
1699 1122 1732 1143 se
1743 1113 1798 1143 de-

1598 1156 1690 1186 dunt.

1601 1309 1705 1347 Leges
1714 1308 1804 1347 pacis

1601 1350 1727 1382 Aetolis
1741 1361 1761 1380 a

1602 1395 1677 1425 Cos.
1684 1393 1801 1425 dictae.
