1960 3218
527 133 654 176 LIB.
686 132 904 175 XXXIV.
953 132 1099 174 CAP.
1138 137 1201 174 14.
1482 136 1558 175 141

171 226 298 269 iubet.
361 225 469 283 Ipse,
488 241 619 282 quum
641 225 724 266 iam
744 224 790 265 id
811 232 977 281 tempus
999 224 1098 265 anni
1120 233 1350 281 appeteret,
1368 240 1453 281 quo
1473 224 1563 281 geri
1579 233 1623 265 U.
1640 233 1678 265 C.
1701 240 1774 274 557·

171 300 237 327 res
256 293 437 342 possent,
461 292 594 325 castra
617 283 794 324 hiberna
813 282 892 323 tria
913 281 1043 323 millia
1062 297 1258 338 passuum
1280 282 1331 323 ab
1354 282 1565 339 Emporiis
1578 277 1618 309 A.
1639 277 1679 309 C·
1704 285 1774 318 195·

171 343 323 400 posuit.
385 341 491 383 Inde
527 356 602 397 per
634 340 883 389 occasiones,
915 355 1028 381 nune
1061 340 1139 381 hac
1172 348 1303 396 parte,
1336 355 1450 381 nune
1480 340 1564 390 illa,

172 401 339 442 modico
368 399 574 456 praesidio
596 398 738 440 castris
759 397 917 447 relicto,
940 397 1186 454 praedatum
1217 397 1369 439 milites
1397 398 1441 438 in
1469 398 1566 439 hos-

174 459 280 500 tium
311 473 429 514 agros
457 457 672 499 educebat.
736 455 874 497 Nocte
895 456 1025 497 ferme
1051 455 1432 512 proficiscebantur,
1455 464 1502 497 ut
1523 465 1567 497 et

175 531 301 573 quam
322 515 559 572 longissime
582 530 606 555 a
625 514 766 555 eastris
786 514 1077 570 procederent,
1100 523 1142 555 et
1166 513 1404 570 inopinatos
1426 514 1566 570 oppri-

174 582 349 615 merent.
413 573 469 614 Et
501 572 724 614 exercebat
764 587 813 612 ea
844 587 909 613 res
943 587 1072 613 novos
1107 571 1272 622 milites,
1308 581 1349 613 et
1382 572 1566 613 hostium

174 646 327 688 magna
345 631 407 673 vis
428 630 736 687 excipiebatur:
769 644 848 671 nec
875 629 958 670 iam
986 629 1130 686 egredi
1159 638 1278 671 extra
1304 630 1568 671 munimenta

175 689 439 731 castellorum
469 688 691 731 audebant.
755 687 843 729 Ubi
873 687 970 728 satis
998 687 1225 729 admodum
1254 696 1297 729 et
1324 702 1493 729 suorum
1525 695 1567 728 et

175 747 361 789 hostium
389 746 549 788 animos
578 754 640 787 est
667 754 878 802 expertuS,
907 745 1126 787 convocari
1152 745 1354 796 tribunos,
1383 745 1568 802 praefec-

177 813 338 861 tosque,
361 813 403 846 et
424 804 586 861 equites
607 819 765 853 omnes,
783 812 826 844 et
847 804 1113 845 centuriones
1134 803 1262 845 iussit.
1327 809 1338 827 ⁶
1352 804 1568 860 Tempus,’
1582 811 1715 860 Catonis

176 863 329 920 inquit,
353 868 365 887 ‘
381 862 495 919 quod
511 877 633 918 saepe
655 861 839 918 optastis,
860 861 989 911 venit,
1008 877 1092 917 quo
1113 862 1229 902 vobis
1245 870 1428 917 potestas
1448 862 1569 903 fieret.
1582 859 1683 928 &5²3⁰
1699 854 1741 886 ad

179 927 191 945 ‘
204 921 402 962 virtutem
424 929 602 962 vestram
627 919 890 961 ostendendi.
954 919 1112 960 Adhuc
1139 920 1401 975 praedonum
1423 920 1567 976 magis,
1582 908 1626 928 ΠΗ
1642 909 1651 928 ¹
1669 909 1712 930 ΘΞ·

181 984 193 1002 ‘
206 994 331 1035 quarn
349 978 609 1027 bellantium,
627 977 834 1018 militastis
850 992 983 1019 more:
1017 993 1131 1018 nune
1147 978 1255 1018 iusta
1271 993 1414 1034 pugna
1428 977 1569 1019 hostes

182 1042 194 1060 ‘
206 1052 303 1078 eum
319 1037 507 1077 hostibus
523 1035 746 1077 censeretis
760 1050 942 1076 manum.
1004 1034 1105 1077 Non
1119 1050 1238 1091 agros
1252 1035 1350 1077 inde
1365 1035 1570 1092 populari,

183 1095 281 1136 ‘sed
309 1094 475 1136 urbium
504 1108 602 1150 opes
624 1093 843 1135 exhaurire
874 1092 1026 1134 licebit.
1089 1093 1236 1134 Patres
1266 1094 1409 1143 nostri,
1440 1109 1571 1150 quum

184 1158 195 1176 ⁶
213 1152 419 1208 Hispania
438 1151 863 1207 Carthaginiensium,
879 1160 921 1191 et
938 1151 1209 1207 imperatores
1226 1151 1284 1192 ibi
1306 1160 1347 1192 et
1364 1152 1573 1193 exercitus

184 1215 359 1259 ‘essent,
382 1210 460 1266 ipsi
487 1208 651 1249 nullum
680 1209 987 1264 imperatorem,
1011 1208 1147 1250 nullos
1176 1209 1220 1249 in
1249 1224 1298 1250 ea
1325 1210 1478 1250 milites
1499 1210 1574 1251 ha-

184 1268 379 1317 ‘berent3
413 1277 554 1308 tamen
582 1266 736 1308 addere
765 1266 844 1307 1100
870 1266 914 1306 in
939 1266 1106 1307 foedere
1138 1266 1373 1317 voluerunt,
1403 1267 1465 1308 Ut
1495 1268 1574 1308 im·-

151 1335 170 1365 8
185 1330 196 1348 ‘
208 1325 314 1382 perii
335 1325 398 1366 sui
420 1324 565 1366 Iberus
578 1324 729 1365 fluvius
749 1332 858 1365 esset
873 1324 980 1366 finis.
1045 1324 1187 1374 Nunc,
1206 1340 1338 1380 quum
1355 1325 1439 1366 duo
1455 1341 1575 1381 prae-

185 1388 330 1433 ‘tores,
360 1398 491 1438 quum
520 1382 677 1432 consul,
701 1397 832 1438 quum
861 1390 943 1424 tres
972 1382 1180 1423 exereitus
1209 1382 1393 1424 Romani
1420 1383 1576 1439 Hispa-

185 1446 198 1465 ‘
212 1442 325 1482 niam
347 1441 577 1490 obtineant,
598 1440 1007 1496 Carthaginiensium
1030 1440 1112 1481 iam
1133 1456 1262 1497 prope
1285 1441 1431 1482 decem
1454 1441 1575 1482 annis

186 1505 335 1540 ‘nemo
363 1499 407 1539 in
434 1498 497 1539 his
525 1498 749 1554 provinciis
780 1498 843 1547 sit,
870 1498 1095 1554 imperium
1121 1499 1240 1539 nobis
1271 1499 1373 1540 citra
1403 1499 1574 1540 Iberum

186 1557 408 1598 ‘amissum
437 1566 509 1598 est.
573 1555 670 1597 Hoc
701 1556 823 1596 armis
855 1564 897 1598 et
923 1557 1076 1598 virtute
1105 1557 1359 1612 recuperetis
1384 1566 1572 1613 oportet:

188 1621 199 1639 ‘
215 1623 257 1656 et
285 1615 512 1664 nationem,
535 1613 808 1655 rebellantem
837 1614 968 1670 magis
990 1623 1159 1664 temere,
1182 1630 1309 1670 quam
1337 1624 1577 1656 constanter

188 1672 451 1721 ς11011111110111,
481 1672 638 1727 iugum,
665 1686 749 1727 quo
775 1687 816 1712 se
849 1672 980 1721 exuit,
1010 1672 1197 1728 accipere
1229 1688 1369 1714 rursus
1396 1673 1577 1729 cogatis.’

187 1730 239 1772 In
267 1731 380 1771 hunc
409 1730 582 1771 modum
613 1730 794 1770 maxime
825 1729 1068 1770 adhortatus
1099 1731 1353 1786 pronuntiat,
1381 1746 1423 1772 se
1452 1741 1576 1772 nocte

187 1788 240 1830 ad
262 1799 395 1829 castra
421 1788 603 1829 hostium
634 1787 870 1828 ducturum.
933 1787 999 1828 Ita
1027 1788 1079 1828 ad
1107 1804 1279 1844 corpora
1308 1789 1493 1830 curanda
1513 1789 1577 1830 di-

187 1846 311 1887 missi.
375 1845 512 1887 Nocte
535 1845 686 1895 media,
709 1861 840 1901 quum
862 1845 1046 1902 auspicio
1074 1861 1242 1902 operam
1265 1846 1460 1897 dedisset,
1481 1863 1578 1903 pro-
1658 1849 1721 1887 14.

186 1904 332 1955 fectus,
355 1913 402 1945 ut
427 1903 579 1953 locum,
602 1918 729 1959 quem
756 1903 896 1953 vellet,
926 1904 1169 1960 priusquam
1196 1904 1335 1946 hostes
1362 1905 1576 1955 sentirent,

188 1971 367 2018 caperet,
390 1972 555 2018 praeter
582 1971 713 2002 castra
732 1962 915 2002 hostium
937 1961 1227 2011 circumducit,
1251 1971 1293 2003 et
1313 1963 1448 2019 prima
1469 1963 1577 2013 luce,

189 2021 277 2061 acie
299 2020 512 2068 instructa,
535 2020 611 2060 sub
636 2019 775 2075 ipsum
797 2019 951 2060 vallum
974 2028 1057 2060 tres
1077 2020 1268 2061 cohortes
1290 2020 1430 2061 mittit.
1493 2020 1580 2062 Mi-

188 2086 328 2119 rantes
358 2077 520 2118 barbari
551 2077 602 2117 ab
639 2086 755 2132 tergo
787 2077 1025 2132 apparuisse
1062 2077 1316 2127 Romanum,
1348 2078 1578 2120 discurrere

189 2135 268 2192 ipsi
296 2135 349 2176 ad
375 2150 498 2176 arma.
561 2134 734 2175 Interim
764 2134 909 2175 consul
937 2134 1049 2190 apud
1079 2150 1186 2185 suos,
1216 2135 1476 2191 ‘Nusquam,
1500 2137 1579 2178 nisi

157 2194 261 2242 9‘in
291 2193 456 2242 virtute,
489 2207 582 2248 spes
614 2201 688 2241 est,
721 2192 901 2242 milites,'
931 2192 1083 2248 inquit,
1117 2198 1184 2234 ‘et
1218 2208 1297 2249 ego
1333 2194 1492 2244 sedulo,
1525 2209 1579 2236 ne

192 2257 336 2300 ‘esset,
368 2251 459 2292 feci.
522 2250 638 2291 Inter
668 2258 799 2291 castra
828 2258 967 2291 nostra
997 2258 1040 2291 et
1069 2266 1145 2291 nos
1175 2251 1303 2292 medii
1333 2251 1494 2293 hostes:
1528 2253 1580 2293 ab

193 2315 205 2333 ‘
219 2318 335 2365 tergo
357 2308 539 2350 hostium
561 2323 659 2363 ager
679 2316 752 2349 051.
818 2308 946 2356 Quod
967 2308 1307 2364 pulcherrimum,
1327 2309 1438 2351 idem
1461 2310 1581 2351 tutis-

194 2367 370 2408 ‘simum
401 2375 475 2415 est,
508 2366 551 2406 111
582 2366 734 2407 virtute
766 2381 882 2422 spem
912 2366 1090 2421 positam
1122 2366 1300 2408 habere.'
1363 2367 1449 2409 Sub
1477 2368 1580 2409 hace
1595 2377 1716 2408 Hostes
1730 2376 1772 2409 ad

193 2424 384 2466 cohortes
405 2424 533 2480 recipi
550 2424 677 2473 iubet,
700 2424 954 2465 utbarbaros
974 2423 1237 2465 simulatione
1255 2425 1377 2481 fugae
1399 2425 1578 2467 eliceret.
1595 2431 1736 2469 pugnam

194 2481 259 2532 Id,
292 2481 407 2538 quod
442 2481 688 2531 crediderat,
723 2481 874 2523 evenit.
937 2481 1210 2523 Pertimuisse
1244 2491 1286 2523 et
1322 2483 1469 2525 cedere
1503 2484 1582 2525 rati
1595 2464 1693 2496 el1c1t.

196 2539 423 2589 Romanos,
445 2548 564 2595 porta
586 2549 834 2595 erumpunt:
869 2549 923 2589 et,
939 2548 1143 2595 quantum
1165 2539 1275 2581 inter
1295 2550 1427 2582 castra
1446 2557 1520 2583 sua
1541 2550 1583 2584 et

194 2596 377 2638 hostium
398 2598 528 2638 aciem
550 2597 741 2638 relictum
762 2605 850 2638 erat
874 2597 967 2646 loci,
991 2597 1157 2639 armatis
1178 2598 1402 2655 complent.
1466 2599 1583 2640 Dum

196 2654 407 2711 trepidant
432 2655 519 2696 acie
545 2654 802 2705 instruenda,
825 2655 983 2705 consul,
1006 2655 1087 2696 iarn
1116 2656 1269 2712 paratis
1298 2656 1582 2713 ordinatisque

239 2786 258 2817 8
282 2787 396 2817 Iberus
409 2787 553 2825 fluvius]
580 2786 619 2817 cf.
636 2786 729 2826 Supr.
746 2797 799 2818 xx.
817 2796 867 2826 31.
912 2787 1023 2817 consul
1053 2797 1150 2817 naves
1181 2787 1372 2824 Massiliam,
1398 2790 1433 2817 111
1461 2787 1583 2817 Grono-

197 2829 262 2860 xxi.
281 2838 308 2859 2.
914 2829 982 2860 vius
1002 2829 1230 2861 animadvertit
1251 2841 1290 2862 cx
1307 2829 1447 2870 Appiam.
1464 2840 1497 2869 p.
1514 2828 1586 2867 276.

240 2882 259 2913 9
282 2873 334 2903 Ne
350 2876 439 2908 esset,
447 2873 532 2910 feci]
560 2882 601 2902 sc.
620 2871 673 2902 Ne
690 2875 771 2902 esset
786 2881 869 2911 Spes,
915 2872 1025 2905 Dossn.

198 2914 257 2946 nisi
281 2915 313 2945 in
339 2914 463 2946 virtute.
510 2914 723 2954 Ablegaverat
749 2914 870 2946 scilicet
