1960 3218
533 137 660 179 LIB.
694 136 962 179 XXXVIII.
1007 137 1155 181 CAP.
1188 143 1257 182 48.
1515 145 1598 185 365

197 228 409 271 ‘hostium
441 230 570 287 signis
602 229 762 271 collatis
794 229 916 270 toties
949 231 1146 286 pugnavi,
1182 231 1256 287 qui
1289 231 1383 288 plus
1417 233 1599 289 quadra·
1613 247 1658 279 U.
1675 247 1714 279 C.
1738 246 1811 287 565,

197 287 343 343 ‘ginta
383 287 514 329 millia
548 287 771 328 hominum
807 287 901 343 cepi
938 297 1010 328 aut
1043 288 1192 338 occidi,
1227 290 1302 345 qui
1333 291 1434 332 bina
1466 290 1717 333 cast1·aA·C·
1743 291 1812 330 Ϊ87·

198 348 371 386 ‘eorum
403 345 654 402 expugnavi,
678 345 752 400 qui
783 345 887 386 citra
918 345 1017 401 iuga
1045 345 1177 386 Tauri
1205 347 1347 388 omnia
1373 349 1598 404 pacatiora,

199 406 210 424 ‘
226 417 352 458 quam
370 412 480 444 terra
496 402 618 444 Italia
639 411 712 452 est,
731 402 896 458 reliqui,
914 418 1000 444 non
1023 403 1237 459 triumpho
1260 405 1385 446 modo
1402 406 1596 456 fraudor3

199 464 209 481 ⁶
225 461 300 501 sed
321 476 486 501 causam
509 460 622 516 apud
643 475 728 509 vos,
751 460 898 501 Patres
919 461 1157 517 conscripti,
1181 463 1473 504 accusantibus
1496 465 1600 505 meis

198 518 315 573 ‘ipse
355 518 517 574 legatiS,
560 518 666 559 dico.
730 517 905 574 Duplex
946 533 1107 568 eorum,
1144 528 1192 560 ut
1233 520 1599 572 animadvertistis,

199 575 373 616 ‘Patres
409 576 648 631 conscripti,
684 576 892 616 accusatio
924 576 1015 617 fuit.
1092 575 1218 626 Nam,
1254 593 1332 618 nec
1364 579 1599 634 gerendum

199 633 331 673 ‘mihi
361 633 486 674 fuisse
518 633 676 675 bellum
708 648 804 674 cum
833 632 979 683 Gallis,
1012 644 1055 675 et
1085 643 1250 690 gestum
1283 644 1440 677 temere
1473 645 1599 693 atque

200 694 212 712 ‘
227 690 533 747 imprudenter,
557 691 780 732 dixerunt:
809 706 896 732 non
917 700 1038 732 erant
1059 691 1172 733 Galli
1193 692 1346 743 hostes,
1365 693 1438 735 sed
1460 702 1505 735 tu
1528 710 1600 736 eos

198 751 396 804 ‘pacatos
431 749 636 805 imperata
670 749 870 790 facientes
906 749 1081 791 violasti.
1146 750 1248 791 Non
1284 766 1376 792 sum
1413 752 1600 808 postula-

198 809 210 828 ‘
227 815 344 847 turus
370 821 393 847 a
417 807 546 856 vobis,
570 807 716 848 Patres
744 807 985 863 conscripti,
1009 816 1068 857 ut,
1092 823 1200 863 quae
1232 810 1514 851 communiter
1545 810 1598 851 de

198 863 487 906 ‘immanitate
533 865 670 921 gentis
717 863 950 914 Gallorum,
993 865 1046 906 de
1091 865 1360 908 infestissimo
1406 867 1504 908 odio
1554 868 1599 908 in

198 925 383 964 ‘nomen
418 922 662 963 Romanum
694 922 818 970 scitis,
852 938 902 963 ea
931 922 983 963 dc
1016 922 1096 964 illis
1128 939 1312 979 quoque,
1345 925 1419 981 qui
1451 924 1598 967 Asiam

198 980 429 1030 ‘incolunt,
472 980 719 1021 existimetis
763 980 908 1021 Gallis.
980 980 1162 1022 Remota
1202 982 1420 1024 universae
1461 983 1599 1039 gentis

199 1037 398 1078 ‘infamia
431 1047 558 1095 atque
592 1037 762 1088 invidia,
797 1053 872 1094 per
904 1053 946 1079 se
980 1038 1092 1094 ipsos
1125 1040 1352 1081 aestimate.
1418 1041 1599 1082 Utinam

198 1099 300 1136 ‘rex
324 1095 550 1145 Eumenes,
579 1096 740 1136 utinam
764 1096 891 1136 Asiae
923 1096 1111 1137 civitates
1143 1112 1289 1138 omnes
1320 1098 1527 1148 adessent,
1555 1107 1598 1140 et

198 1153 317 1194 ‘illos
349 1154 489 1209 potius
523 1163 761 1209 querenteS,
797 1169 922 1209 quam
955 1169 1022 1195 me
1056 1164 1335 1205 accusantem,
1371 1156 1597 1198 audiretisl

198 1210 404 1260 ‘Mittite,
447 1211 641 1267 agedum,
684 1210 844 1266 legatos
885 1211 993 1252 circa
1033 1227 1179 1253 omnes
1216 1213 1344 1255 Asiae
1382 1215 1518 1263 urbes,
1556 1223 1598 1256 et

199 1269 429 1324 ‘quael-ite,
467 1279 561 1310 utra
596 1269 775 1324 graviori
812 1269 1026 1319 servitute,
1066 1270 1282 1311 Antiocho
1320 1271 1430 1313 ultra
1466 1272 1598 1313 Tauri

199 1326 324 1382 ‘iuga
344 1335 496 1376 emoto,
521 1341 573 1367 an
599 1326 732 1367 Gallis
757 1327 951 1376 subactis,
974 1326 1139 1368 liberati
1164 1328 1280 1369 sint?
1312 1330 1477 1385 quoties
1509 1330 1597 1386 agri

199 1387 372 1425 ‘eorum
412 1384 561 1425 vastati
602 1384 697 1434 sint,
735 1384 901 1440 quotics
941 1385 1121 1440 praedae
1163 1386 1348 1436 abactae,
1385 1388 1593 1429 referant:

198 1445 359 1498 ‘quum
393 1442 463 1483 vix
500 1441 737 1483 redimendi
778 1442 963 1498 captivos
1004 1443 1125 1499 copia
1160 1453 1281 1494 esset,
1319 1453 1362 1486 et
1397 1454 1597 1486 mactatas

198 1503 210 1521 ‘
225 1499 429 1541 humanas
450 1500 606 1541 hostias
627 1499 947 1556 immolatosque
969 1500 1121 1542 liberos
1143 1515 1238 1543 suos
1254 1502 1461 1544 audirent.
1514 1503 1598 1545 Sti-

198 1557 442 1614 ‘pendium,
485 1558 646 1607 scitote,
683 1557 934 1613 pependisse
975 1559 1108 1600 socios
1148 1568 1308 1601 vestros
1347 1560 1507 1602 Gallis:
1554 1570 1597 1603 et

198 1619 210 1637 ‘
226 1630 353 1665 nunc,
376 1615 571 1656 liberatos
592 1630 667 1671 per
687 1630 759 1656 vos
780 1615 895 1671 regio
916 1616 1107 1672 imperio,
1130 1616 1255 1658 fuisse
1277 1633 1492 1674 pensuros,
1517 1619 1550 1660 si
1572 1635 1596 1660 a

199 1677 210 1695 ‘
226 1688 292 1714 me
314 1673 421 1713 foret
443 1681 659 1714 cessatum.
717 1672 815 1721 Quo
836 1673 1003 1729 longius
1026 1673 1265 1716 Antiochus
1287 1685 1451 1717 emotus
1472 1686 1593 1727 esset,
1672 1682 1741 1720 48.

198 1735 209 1753 ‘
225 1730 306 1772 hoc
327 1730 600 1786 impotentius
622 1731 666 1771 in
684 1731 788 1771 Asia
809 1730 921 1771 Galli
944 1731 1284 1774 dominarentur:
1316 1742 1370 1783 et,
1390 1735 1596 1791 quicquid

198 1792 289 1830 ‘est
323 1796 527 1829 terrarum
568 1788 672 1829 citra
708 1788 839 1829 Tauri
876 1789 986 1844 iuga,
1024 1788 1244 1831 Gallorum
1280 1791 1470 1848 imperio,
1508 1807 1595 1834 non

197 1850 210 1869 ‘
224 1854 374 1895 vestro,
398 1846 664 1887 adiecissetis.
721 1846 780 1887 At
802 1846 915 1887 enim
938 1855 1035 1888 sunt
1056 1847 1160 1889 haec
1181 1848 1263 1889 ita:
1297 1865 1445 1891 verum
1467 1851 1594 1892 etiam

198 1903 418 1960 ‘Delphos
449 1904 678 1960 quondam,
706 1919 930 1945 commune
962 1904 1137 1946 humani
1167 1906 1334 1962 generis
1365 1908 1594 1958 oraculum,

198 1961 472 2003 ‘umbilicum
505 1962 615 2003 orbis
648 1969 865 2011 terrarum,
895 1962 1009 2003 Galli
1041 1963 1350 2018 spoliaverunt3
1389 1981 1468 2007 nec
1499 1966 1596 2008 ideo

197 2019 405 2076 ‘populus
427 2019 645 2060 Romanus
673 2019 737 2059 his
765 2019 921 2060 bellum
951 2020 1118 2070 indixit,
1142 2029 1214 2062 aut
1242 2022 1397 2063 intulit.
1462 2023 1596 2079 Equi-

197 2081 210 2100 ‘
225 2076 323 2117 dem
345 2076 507 2133 aliquid
529 2077 726 2118 interesse
750 2077 870 2117 rebar
890 2077 1001 2118 inter
1025 2077 1070 2118 id
1096 2086 1274 2134 tempus,
1299 2095 1382 2135 quo
1404 2081 1595 2121 nondum

198 2134 269 2174 ‘in
311 2134 400 2175 iure
437 2149 484 2175 ac
521 2134 680 2175 ditione
714 2144 850 2175 vestra
887 2134 1067 2176 Graecia
1102 2144 1228 2191 atque
1264 2136 1368 2178 Asia
1402 2146 1504 2188 erat,
1542 2139 1596 2179 ad

198 2197 210 2215 ‘
225 2191 458 2233 curandum
481 2191 1002 2247 animadvertendumque‚
1026 2193 1130 2248 quid
1155 2194 1199 2233 in
1221 2193 1286 2235 his
1310 2195 1427 2236 terris
1450 2196 1593 2245 fieret,

198 2255 209 2273 ‘
226 2258 269 2291 et
296 2249 388 2299 hoc,
412 2264 497 2304 quo
525 2249 652 2289 finem
683 2249 847 2304 imperii
872 2249 1054 2290 Romani
1078 2251 1266 2291 Taurum
1297 2262 1484 2294 montem
1513 2262 1596 2295 sta-

198 2307 376 2356 ‘tuistis,
407 2322 491 2362 quo
528 2307 762 2348 libertatem
800 2307 1163 2349 immunitatcmve
1201 2309 1438 2351 civitatibus
1474 2311 1594 2361 datis,

197 2369 311 2421 ‘quo
343 2364 432 2406 aliis
463 2365 568 2405 fines
599 2364 790 2413 adiit-itis,
813 2364 914 2405 alias
945 2380 1043 2421 agro
1074 2365 1272 2416 multatis,
1302 2367 1392 2408 aliis
1419 2369 1595 2424 vectigal

198 2422 466 2479 ‘imponitisz
520 2437 650 2478 regna
699 2422 873 2477 augetis,
916 2423 1117 2473 minuitis,
1160 2423 1338 2473 donatis,
1381 2425 1591 2468 adimitis:

198 2486 347 2521 ‘curae
375 2488 534 2521 vestrae
567 2480 746 2521 censetis
777 2495 878 2528 csse,
910 2489 955 2520 ut
982 2495 1130 2536 pacem
1161 2490 1269 2522 terra
1299 2483 1490 2539 inariquc
1522 2484 1595 2525 ha-

199 2538 362 2579 ‘beant.
427 2537 512 2587 An,
554 2537 634 2578 nisi
669 2537 878 2594 praesidia
912 2537 1156 2580 deduxisset
1190 2538 1444 2591 Antiochus,
1486 2558 1594 2598 quae

241 2658 258 2688 5
288 2650 478 2681 Umbe'licnm
505 2651 589 2681 orbis
615 2652 795 2689 terrarum]
831 2650 870 2682 cf.
960 2651 979 2683 6
1002 2654 1070 2689 Λη,
1090 2654 1154 2683 nisi
1172 2654 1359 2693 praesidia]
1385 2665 1426 2687 sc.
1446 2655 1513 2690 Qui
1532 2666 1594 2685 non

198 2691 292 2731 Supr.
324 2702 421 2721 xxxv.
456 2693 502 2722 18.
550 2692 676 2723 Fabula
707 2697 784 2723 nota
813 2697 871 2730 cst,
917 2695 1075 2734 putaretis
1098 2696 1267 2726 liberatam
1286 2697 1408 2734 Asiam,
1427 2698 1486 2727 nisi
1507 2709 1594 2737 prac-

198 2735 285 2764 unde
314 2733 437 2773 Delphi
466 2734 638 2765 umbilicus
665 2736 749 2766 orbis
775 2740 872 2766 terra·
918 2737 999 2768 sidia
1026 2738 1213 2768 deduxisset
1241 2739 1434 2776 Antiochus,
1461 2751 1501 2769 an
1530 2751 1595 2770 crc-

198 2787 268 2807 rum
293 2777 522 2816 appellentur:
551 2788 594 2807 sc.
613 2778 725 2808 Iovem
749 2778 874 2817 aquilas
917 2780 1000 2810 detis
1016 2785 1117 2810 ratam
1142 2781 1322 2811 libertatem
1343 2782 1526 2812 civitatibus
1548 2784 1595 2813 fu-

199 2820 279 2849 duas
303 2830 385 2858 quae
402 2819 521 2849 circum
545 2823 644 2849 terras
660 2821 806 2851 volarent
827 2821 871 2850 di·
917 2826 1022 2853 turam
1054 2823 1163 2859 fuisse,
1192 2824 1215 2853 si
1243 2834 1299 2862 per
1324 2825 1458 2854 cundem
1484 2825 1593 2854 Asiam

199 2862 332 2899 misisse,
343 2872 425 2900 quac
438 2862 539 2891 ultera
552 2863 687 2892 alteram
705 2874 798 2893 cursu
816 2863 872 2893 cir-
919 2865 1010 2895 effusi
1025 2866 1196 2896 Gallorum
1212 2866 1371 2897 exercitus
1384 2871 1595 2906 vagarentur?

200 2908 350 2935 cumacto
366 2905 453 2944 apud
472 2904 622 2944 Delphos
638 2910 868 2938 convenerunt.
919 2908 1025 2939 Cum.
