1960 3218
582 136 706 178 LIB.
741 135 982 177 XXXVII.
1027 136 1174 179 CAP.
1208 140 1275 179 36.
1551 140 1633 181 295

236 227 436 284 ‘Europa
467 227 620 268 habere
657 242 754 268 eum
791 226 1008 268 dicerent:
1055 242 1137 277 eas,
1172 242 1280 284 quae
1318 228 1362 269 in
1397 227 1501 270 Asia
1533 228 1629 278 sint,
1648 235 1692 268 U.
1709 237 1747 269 C.
1771 237 1844 278 562.

235 285 450 327 ‘civitates
483 284 660 334 tradere,
686 293 877 341 paratum
912 300 1014 334 esse,
1041 295 1084 326 et
1112 285 1145 325 si
1171 300 1276 341 quas
1304 285 1404 326 alias
1431 285 1629 336 Romani,
1645 279 1684 311 A·
1709 280 1747 312 C·
1773 291 1843 322 ¹90·

234 347 247 366 ‘
262 343 377 399 quod
404 358 570 384 suarum
599 343 781 398 partium
808 342 979 392 fuerint,
1002 343 1214 384 vindicare
1242 344 1294 384 ab
1315 344 1491 400 imperio
1512 345 1629 400 regio

235 406 246 424 ‘
261 401 402 442 velint.
455 400 676 456 Impensae
698 415 882 456 quoque,
905 401 948 440 in
972 400 1129 441 bellum
1150 400 1297 451 factae,
1321 411 1482 456 partem
1505 402 1629 442 dimi-

233 458 373 499 ‘diam
409 473 552 514 regem
585 467 891 514 praestaturum
923 457 1081 514 populo
1116 458 1338 499 Romano.’
1399 458 1492 499 Hae
1527 474 1628 500 con-

230 515 411 557 ditiones
444 526 562 557 erant
594 516 719 572 pacis.
784 515 967 571 Reliqua
1000 516 1131 556 oratio
1164 516 1256 565 fuit,
1297 516 1389 557 ‘Ut
1421 531 1627 558 memores

198 578 398 614 6‘rerum
437 573 729 622 humanarum,
767 582 809 614 et
848 589 946 614 suae
986 573 1178 615 fortunae
1215 574 1546 624 moderarentur,
1584 583 1627 615 et

230 631 436 672 ‘alienam
472 646 525 672 ne
562 639 770 687 urgerent.
835 630 1027 672 Finirent
1064 631 1235 687 Europa
1276 631 1510 688 imperium.
1575 631 1625 673 Id

229 694 427 745 ‘quoque
463 689 714 730 immensum
754 704 854 730 esse.
919 688 975 730 Et
1006 689 1141 745 parari
1173 689 1337 745 singula
1367 689 1625 745 acquirendo

228 747 417 788 ‘facilius
447 747 644 803 potuisse,
677 762 803 802 quam
841 747 1035 788 universa
1066 747 1200 787 teneri
1230 762 1362 803 posse.
1431 747 1560 795 Quod
1591 747 1625 788 si

228 810 240 828 ‘
261 804 384 846 Asiae
421 820 591 860 quoque
627 814 789 861 partem
824 804 1008 860 aliquam
1043 804 1281 846 abstrahere
1318 804 1462 854 velint,
1501 805 1625 845 dum-

228 868 240 886 ‘
256 862 381 903 modo
402 878 489 904 non
510 862 648 903 dubiis
670 862 910 918 regionibus
932 862 1095 912 finiant,
1113 862 1224 903 vinci
1246 878 1362 904 suam
1386 871 1624 919 temperan-

228 920 354 961 ‘tiam
378 920 572 961 Romana
593 920 836 976 cupiditate,
860 921 973 976 pacis
995 929 1036 961 et
1059 920 1306 961 concordiae
1325 936 1462 970 causa,
1480 935 1622 976 regem

227 983 239 1001 ‘
254 979 499 1033 passurum.'
560 977 634 1027 Ea,
659 993 766 1034 quae
792 978 930 1034 legato
956 993 1107 1033 magna
1135 978 1188 1018 ad
1216 993 1363 1034 pacem
1393 979 1622 1035 impetran-

225 1035 321 1076 dam
338 1036 602 1085 videbantur,
620 1051 746 1092 parva
764 1035 966 1076 Romanis
983 1036 1080 1076 visa.
1135 1035 1261 1085 Nam,
1287 1042 1299 1060 ⁶
1311 1044 1353 1077 et
1374 1036 1619 1092 impensam,
1636 1050 1783 1090 Respon-

225 1099 360 1149 ‘quae
397 1094 442 1134 in
484 1093 641 1134 bellum
684 1093 793 1134 facta
835 1102 956 1142 esset,
994 1108 1162 1134 omnem
1206 1103 1415 1149 praestare
1452 1093 1834 1150 regem,’⁵1¹mR0ma·

223 1166 405 1207 aequum
433 1152 673 1200 censebant,
708 1151 853 1192 ‘cuius
885 1150 1007 1206 culpa
1039 1151 1196 1192 bellum
1225 1152 1456 1192 excitatum
1484 1146 1758 1201 esset3¹¹⁰mm'

224 1215 236 1233 ‘
252 1219 306 1259 et,
330 1225 415 1250 non
438 1209 558 1250 Ionia
579 1209 705 1249 modo
728 1218 853 1264 atque
873 1208 1054 1249 Aeolide
1072 1209 1225 1250 deduci
1243 1209 1396 1250 debere
1414 1210 1622 1265 praesidia

224 1267 389 1323 ‘regim
424 1267 510 1316 sed,
545 1267 652 1308 sicut
681 1266 860 1307 Graecia
892 1267 1027 1307 omnis
1060 1266 1235 1308 liberata
1268 1276 1388 1316 esset,
1419 1267 1488 1316 ita,
1512 1283 1620 1323 quae

223 1324 295 1365 ‘in
326 1325 431 1365 Asia
465 1325 560 1374 sint,
594 1340 739 1365 omnes
770 1324 936 1365 libcrari
973 1325 1107 1365 urbes.
1171 1324 1223 1364 Id
1259 1324 1378 1365 aliter
1414 1325 1503 1366 fieri
1535 1341 1622 1366 non

222 1388 383 1438 ‘posse,
417 1397 543 1438 quam
576 1394 623 1423 ut
659 1383 716 1423 cis
751 1382 940 1423 Taurum
976 1391 1164 1423 montem
1200 1382 1459 1439 possessione
1494 1383 1638 1425 Asiae·

223 1445 235 1463 ‘
252 1440 491 1481 Antiochus
511 1440 659 1481 cedat.’

279 1498 476 1553 Legatus,
499 1510 723 1555 postquam
749 1499 855 1540 nihil
884 1499 1008 1555 aequi
1037 1500 1079 1540 in
1113 1500 1288 1541 consilio
1320 1501 1544 1556 impetrare
1577 1516 1619 1541 sc
1699 1501 1766 1540 36.

220 1557 429 1606 censebat,
456 1557 648 1612 privatim
678 1557 756 1611 (sic
785 1557 898 1598 enim
928 1559 1181 1612 imperatum
1207 1558 1315 1613 erat)
1342 1558 1388 1599 P.
1412 1558 1620 1614 Scipionis
1635 1557 1779 1605 Africani

219 1622 380 1655 tentare
409 1615 597 1655 animum
629 1624 691 1655 est
721 1624 906 1655 conatus.
972 1615 1177 1656 Omnium
1202 1616 1399 1671 primum,
1423 1616 1556 1656 filium
1579 1617 1616 1657 ei
1631 1611 1833 1675 ἲέὲὶἓῖῗζσὸ

218 1671 307 1712 sine
341 1672 476 1727 pretio
510 1672 773 1713 redditurum
808 1687 963 1727 regem,
997 1672 1130 1714 dixit:
1170 1673 1339 1723 deinde,
1372 1674 1541 1727 ignarus
1575 1683 1693 1717 ettus.
1781 1669 1798 1684 ζ’

218 1729 347 1769 animi
377 1729 596 1785 Scipionis,
620 1739 661 1771 et
690 1730 815 1770 moris
841 1730 1036 1779 Romani,
1065 1731 1154 1771 auri
1181 1731 1349 1787 pondus
1377 1726 1525 1787 ingens
1555 1740 1618 1773 est

216 1786 438 1842 pollicitus,
477 1796 531 1836 et,
569 1788 740 1828 nomine
777 1796 942 1829 tantum
985 1788 1101 1843 regio
1144 1799 1336 1845 excepto,
1374 1790 1616 1830 societatem

217 1845 353 1885 omnis
375 1845 507 1899 regni,
530 1845 563 1886 si
584 1861 661 1901 per
681 1861 778 1886 eum
800 1860 948 1902 pacem
970 1846 1244 1902 impetrasset.
1291 1847 1363 1888 Ad
1381 1862 1429 1888 ea
1450 1846 1613 1903 Scipio:
1632 1856 1780 1895 Respon-

218 1901 379 1950 ‘Quod
414 1899 629 1944 Romanos
665 1918 823 1953 omnes,
859 1903 975 1959 quod
1011 1919 1091 1953 me,
1126 1904 1179 1945 ad
1213 1919 1339 1960 quem
1374 1904 1522 1945 missus
1559 1920 1615 1954 es,
1630 1909 1701 1959 ΞΪΠΠ.
1719 1898 1803 1929 Afri-

219 1959 424 2015 ‘ignoras,
463 1961 602 2001 minus
638 1961 788 2010 miror,
835 1976 966 2017 quum
1004 1970 1044 2002 te
1083 1961 1294 2003 fortunam
1331 1962 1433 2011 eius,
1471 1978 1495 2003 a
1531 1951 1713 2018 quocam.

219 2018 376 2067 ‘venis,
414 2018 604 2073 ignorare
643 2033 823 2059 cernam.
902 2018 1172 2074 Lysimachia
1208 2019 1392 2060 tenenda
1428 2028 1529 2069 erat,
1562 2035 1615 2061 nc

218 2079 230 2097 ‘
249 2073 561 2116 Chersonesum
586 2076 858 2124 intrarctnus3
895 2087 967 2116 aut
988 2076 1042 2116 ad
1061 2076 1388 2133 Hellespontum
1411 2078 1618 2118 obsisten—

218 2137 229 2155 ‘
245 2131 360 2181 dum,
371 2148 423 2173 ne
438 2133 482 2173 in
493 2133 637 2173 Asiam
654 2133 954 2174 traiicercmus:
975 2133 1008 2173 si
1023 2149 1167 2189 pacem
1184 2144 1384 2190 tanquam
1400 2135 1450 2175 ab
1465 2134 1617 2175 sollici-

218 2195 229 2212 ‘
246 2189 296 2230 tis
313 2189 366 2230 de
388 2190 486 2231 belli
509 2200 662 2231 eventu
680 2191 853 2246 petituri
871 2191 1006 2231 eratis.
1065 2191 1278 2233 Concesso
1295 2208 1392 2233 vcro
1410 2192 1453 2232 in
1470 2192 1617 2233 Asiam

217 2252 228 2270 ‘
246 2248 434 2297 transitu,
454 2257 496 2289 ct
516 2263 601 2289 non
624 2249 758 2289 solum
780 2248 921 2297 frenis,
940 2248 1014 2288 scd
1035 2249 1160 2290 etiam
1183 2249 1281 2304 iugo
1303 2259 1488 2305 accepto,
1507 2265 1615 2305 quac

216 2304 493 2361 ‘diasceptatio
525 2321 577 2346 ex
607 2321 754 2361 aequo,
779 2321 909 2361 quum
939 2306 1161 2361 impcrium
1191 2307 1439 2363 patiendum
1462 2307 1527 2356 sit,
1551 2322 1616 2348 re-

216 2361 342 2403 ‘licta
369 2364 464 2404 est?
526 2363 618 2419 Ego
648 2379 699 2404 cx
729 2364 1019 2404 munificentia
1050 2364 1163 2419 regia
1195 2365 1425 2404 maximum
1455 2364 1615 2405 donum

215 2419 375 2460 ‘filium
414 2421 602 2462 habebo:
653 2421 754 2470 aliis,
793 2421 893 2461 deos
936 2436 1095 2476 precor,
1134 2437 1186 2462 nc
1225 2437 1412 2477 unquam
1448 2422 1617 2463 fortuna

216 2483 364 2533 ‘egeat
390 2494 508 2527 mea3
542 2479 706 2519 animus
737 2487 848 2520 certe
881 2494 966 2518 nou
996 2479 1146 2533 egebit.
1211 2479 1294 2519 Pro
1325 2489 1440 2520 tanto
1472 2480 1516 2519 in
1549 2495 1614 2521 me

217 2540 227 2558 ‘
246 2549 416 2576 munere
438 2546 603 2592 gratum
628 2552 693 2577 mc
716 2552 803 2577 csse
831 2536 874 2576 in
899 2551 942 2577 se
969 2536 1134 2585 sentiet,
1158 2537 1189 2577 si
1213 2538 1414 2593 privatam
1437 2537 1615 2592 gratiam

186 2259 202 2291 ἱΙ

262 2645 281 2675 6
312 2649 353 2676 ΕΙ
383 2649 522 2677 alienam
555 2660 594 2679 ηε
627 2648 795 2689 urslermtt]
841 2650 890 2680 Ab
939 2649 1093 2689 Polybius
1131 2651 1275 2680 fabulam
1314 2649 1404 2680 illam
1443 2651 1483 2679 de
1520 2660 1614 2689 equo,

214 2688 330 2725 aliena,
344 2700 375 2719 sc
398 2690 477 2727 rogis
492 2692 625 2721 adversa
641 2693 780 2729 fortuna,
797 2692 891 2722 nimis
935 2703 1030 2729 ‹luzuu
1076 2693 1286 2729 Stesiclusrus,
1326 2703 1397 2722 cum
1445 2692 1613 2722 Ilimcraci

215 2733 389 2770 premenda
405 2733 610 2764 abstinerent.
639 2735 746 2764 hom.
939 2735 1143 2765 l'luilaridcm
1173 2745 1333 2765 summum
1361 2736 1476 2765 (lucem
1503 2740 1615 2764 contra

260 2783 274 2812 7
299 2776 361 2804 Sed
375 2777 471 2804 etium
489 2777 561 2814 1'1190
578 2778 721 2817 niv-epto]
757 2777 893 2807 Rectius
937 2777 1060 2807 hostem
1087 2782 1259 2811 creassent„
1282 2788 1425 2807 narrasse
1448 2777 1564 2807 (licitur
1583 2788 1614 2806 a-

213 2816 344 2846 dixis-:ct
370 2823 477 2847 noster
491 2820 595 2857 equile
613 2830 670 2858 pro
687 2821 772 2859 iussn,
791 2830 891 2859 quum
939 2821 1002 2858 pud
1034 2821 1166 2851 Aristot.
1194 2821 1291 2850 lebet.
1320 2820 1351 2851 ii.
1380 2829 1428 2851 20.
1467 2820 1506 2850 cf.
1531 2820 1613 2852 Hor.

213 2859 299 2898 apud
321 2860 433 2898 Polyb.
452 2860 482 2889 in
503 2860 656 2900 Excerpt.
677 2862 751 2899 Leg.
774 2871 820 2900 23.
837 2862 893 2892 τὸν
941 2863 1042 2902 Epist.
1061 2863 1080 2893 i.
1105 2873 1148 2894 10.
1169 2873 1216 2903 3‘4.
1234 2873 1301 2902 sqq.

212 2900 374 2937 ἀναβάτην
391 2902 554 2933 habemus.
596 2904 752 2942 Respexit
770 2905 891 2935 scilicet
