1960 3218
627 163 754 205 LIB.
789 163 1006 205 XXXVI.
1056 164 1200 205 CAP.
1236 168 1273 205 2.
1557 168 1638 207 227

208 253 598 298 5senatusconsulto
649 253 693 294 in
744 252 1043 295 Macedoniam
1095 254 1334 295 traiecisset.
1411 253 1467 296 Et
1517 264 1636 297 extra
1653 263 1696 295 U.
1714 264 1751 295 C.
1774 264 1846 303 561.

238 309 403 352 Italiam
427 311 690 368 permissum,
714 320 772 360 ut,
796 311 829 352 si
858 326 924 352 res
950 311 1213 368 postulasset,
1237 311 1392 353 auxilia
1420 313 1471 353 ab
1497 307 1687 364 sociis,A·
1710 307 1748 339 C·
1775 318 1843 349 ¹9¹·

237 383 291 409 ne.
314 384 438 425 supra
459 369 648 425 quinque
675 369 851 410 millium
881 385 1118 419 numerum,
1142 370 1360 425 acciperet.
1425 370 1473 411 L.
1494 370 1634 419 Quin-

237 426 367 467 etium
389 427 611 483 superioris
633 427 729 467 anni
754 427 970 468 consulem
992 427 1121 483 legari
1143 427 1196 468 ad
1218 427 1261 467 id
1282 427 1439 469 bellum
1461 428 1630 484 placuit.

238 483 362 525 Alter
396 484 553 534 consul,
591 485 659 525 cui
701 484 822 525 Italia
862 485 1077 541 provincia
1117 485 1335 535 evenisset,
1377 501 1474 527 cum
1517 486 1633 529 Boiis

235 541 370 582 iussus
390 541 547 583 bellum
569 557 727 598 gerere,
751 552 843 584 utro
870 543 1058 584 exercitu
1083 542 1227 584 mallet
1251 558 1304 584 ex
1326 543 1503 594 duobus,
1527 560 1631 601 quos

235 599 467 655 superiores
499 599 689 641 consules
721 600 988 650 habuissent3
1034 601 1212 643 alterum
1246 610 1293 642 ut
1324 601 1510 643 mitteret
1544 603 1633 644 Ro-

234 671 358 706 mam,
382 673 540 714 eaeque
564 658 745 699 urbanae
772 658 965 715 legiones
986 668 1125 700 essent
1151 668 1333 716 paratae,
1357 675 1442 716 quo
1463 670 1631 702 senatus

202 715 475 756 6censuisset.
540 715 621 757 His
649 716 707 757 ita
732 716 776 757 in
804 726 952 758 senatu
979 717 1032 758 ad
1059 717 1115 767 id,
1140 733 1247 774 quae
1276 718 1394 758 cuius
1415 719 1632 775 provincia
1723 717 1761 754 2·

233 771 351 822 foret,
375 773 567 823 decretis,
591 783 679 814 turn
703 774 874 815 demum
896 775 1034 816 sortiri
1055 775 1246 816 consules
1266 775 1434 831 placuit.
1489 776 1630 819 Acilio

237 829 428 880 Graecia,
455 831 655 873 Cornelio
677 831 799 873 Italia
820 833 972 874 evenit.
1040 832 1169 874 Certa
1197 833 1351 874 deinde
1380 843 1489 875 sorte
1511 849 1631 876 sena—

234 889 539 930 tusconsultum
579 890 736 931 factum
777 899 864 932 est:
916 896 927 914 ⁶
943 890 1058 947 quod
1097 891 1278 947 populus
1320 891 1540 934 Romanus
1580 909 1631 935 eo

235 951 247 970 ‘
263 955 449 1003 tempore
468 947 655 988 ducllum
674 948 858 989 iussisset
879 964 966 990 esse
989 964 1085 990 cum
1106 964 1205 1005 rege
1224 949 1452 1000 Antiocho,
1471 951 1630 1008 quique

235 1009 246 1027 ‘
262 1005 338 1045 sub
360 1005 537 1061 imperio
559 1006 648 1046 eius
674 1015 823 1055 essent,
847 1015 893 1047 ut
922 1007 1012 1048 eius
1039 1007 1099 1047 rei
1128 1022 1252 1048 causa
1279 1007 1629 1063 supplicationem

235 1062 518 1119 ‘imperarent
559 1063 776 1104 consules:
824 1065 971 1120 utique
1014 1064 1086 1105 Μ’.
1119 1064 1283 1106 Acilius
1323 1065 1468 1106 consul
1508 1067 1630 1109 ludos

234 1126 435 1176 ‘magnos
467 1120 556 1161 Iovi
581 1130 761 1171 voveret,
789 1131 831 1162 et
861 1122 973 1163 dona
1004 1122 1057 1163 ad
1088 1123 1230 1164 omnia
1260 1122 1519 1178 pulvinaria?
1578 1125 1631 1166 Id

232 1187 376 1219 votum
426 1178 469 1219 in
521 1178 624 1220 haec
664 1180 802 1228 verba,
849 1189 1078 1235 praeeunte
1129 1180 1177 1221 P.
1216 1180 1384 1221 Licinio
1429 1183 1629 1238 pontifice

232 1236 430 1286 maximo,
454 1236 599 1277 consul
625 1238 910 1293 nuncupavit:
947 1244 957 1260 ‘
977 1237 1018 1278 Si
1050 1238 1251 1288 duellum,
1275 1238 1391 1294 quod
1412 1255 1507 1280 cum
1530 1256 1628 1298 rege

234 1300 246 1316 ⁶
262 1294 478 1335 Antiocho
500 1295 607 1335 sumi
629 1294 809 1350 populus
831 1295 960 1345 iussit,
984 1295 1025 1336 id
1053 1311 1106 1336 ex
1134 1296 1344 1337 sententia
1365 1307 1534 1339 senatus
1554 1315 1630 1355 po-

233 1356 246 1374 ‘
262 1351 434 1407 puliqne
460 1352 642 1393 Romani
666 1352 905 1394 confectum
930 1353 1035 1402 erit3
1070 1364 1159 1395 tum
1183 1354 1271 1403 tib-i,
1296 1353 1471 1410 Iupiter,
1494 1372 1630 1413 popu-

235 1409 326 1450 ‘lus
349 1409 567 1451 Romanus
599 1410 720 1451 ludos
752 1425 925 1466 magnos
951 1411 1040 1452 dies
1062 1411 1209 1453 decem
1232 1411 1455 1454 continuos
1475 1414 1626 1463 faciet3

234 1472 246 1490 ‘
261 1467 456 1524 donaque
479 1467 531 1509 ad
553 1468 694 1509 omnia
714 1468 949 1524 pulvinaria
969 1469 1182 1510 dabuntur
1203 1469 1255 1511 de
1278 1470 1471 1525 pecunia,
1495 1488 1629 1528 quan-

234 1531 245 1548 ‘
263 1534 346 1566 tam
374 1535 542 1567 senatus
570 1526 813 1567 decreverit.
881 1527 1084 1582 Quisquis
1112 1528 1376 1584 magistratus
1407 1543 1478 1570 eos
1509 1530 1630 1572 ludos

233 1583 431 1639 ‘quando
464 1584 620 1640 ubique
654 1584 769 1634 faxit,
807 1584 851 1625 hi
887 1584 976 1625 ludi
1012 1595 1124 1626 recte
1157 1586 1268 1635 facti,
1304 1584 1498 1643 donaque
1532 1588 1631 1630 data

233 1647 243 1664 ‘
259 1650 371 1682 recte
412 1643 562 1683 sunto.'
643 1641 902 1698 Supplicatio
945 1643 1044 1684 inde
1089 1643 1140 1684 ab
1181 1643 1345 1685 duobus
1387 1646 1629 1689 consulibus

231 1698 368 1740 edicta
388 1715 463 1756 per
483 1699 658 1740 biduum
681 1700 772 1741 fuit.

292 1755 549 1798 Consulibus
589 1757 743 1798 sortitis
782 1758 1030 1814 provincias,
1073 1760 1287 1817 extemplo
1329 1770 1372 1803 et
1415 1770 1629 1818 praetores

229 1815 364 1856 sortiti
397 1824 504 1857 sunt.
569 1814 630 1856 M.
660 1815 785 1857 Iunio
821 1815 954 1857 Bruto
990 1817 1222 1859 iurisdictio
1258 1828 1436 1875 utraque
1473 1820 1627 1869 evenit,

231 1873 286 1914 A.
310 1872 510 1914 Cornelio
548 1872 809 1914 Mammulae
846 1873 1017 1924 Bruttii,
1056 1874 1117 1916 M.
1138 1875 1325 1918 Aemilio
1362 1877 1528 1933 Lepido
1564 1877 1628 1919 Si—

230 1930 337 1980 cilia,
379 1930 428 1972 L.
456 1930 598 1987 Oppio
643 1930 865 1972 Salinatori
914 1931 1118 1982 Sardinia,
1164 1932 1213 1974 C.
1238 1933 1362 1976 Livio
1406 1934 1629 1976 Salinatori

230 1987 382 2038 classis,
416 1988 465 2029 L.
486 1988 671 2030 Aemilio
701 1988 851 2029 Paullo
882 1988 1090 2046 Hispania
1117 1990 1301 2032 ulterior.
1366 1992 1446 2033 His
1475 1993 1533 2033 ita
1554 2008 1628 2034 ex-

230 2045 383 2086 ercitus
404 2046 573 2087 decreti.
638 2046 691 2087 A.
714 2046 914 2087 Cornelio
935 2048 1033 2088 novi
1056 2047 1220 2098 milites,
1243 2051 1469 2106 conscripti
1490 2051 1626 2106 priore

230 2118 341 2144 anno
363 2119 416 2144 ex
437 2103 798 2145 senatusconsulto
826 2119 850 2144 a
878 2104 927 2144 L.
952 2104 1155 2152 Quinctio
1184 2107 1367 2156 consule,
1391 2108 1475 2148 dati
1500 2117 1624 2157 sunt3

230 2160 449 2217 iussusque
471 2161 577 2202 tueri
601 2176 770 2202 omnem
799 2176 913 2202 oram
943 2162 1052 2203 circa
1073 2163 1308 2204 Tarentum
1331 2164 1626 2206 Brundisium—

230 2233 325 2274 que.
390 2218 438 2259 L.
465 2218 650 2259 Aemilio
672 2218 821 2259 Paullo
844 2219 888 2259 in
911 2219 1152 2261 ulteriorem
1184 2220 1434 2278 Hispaniam
1462 2232 1627 2279 praeter

230 2291 328 2317 eum
350 2276 596 2326 exercitum,
620 2292 748 2332 quem
778 2292 799 2317 a
830 2276 891 2317 M.
912 2276 1060 2319 Fulvio
1088 2289 1356 2334 propraetore
1379 2289 1626 2336 accepturus

230 2343 350 2383 esset,
368 2333 585 2375 decretum
608 2344 683 2383 est,
702 2343 747 2375 ut
769 2349 971 2375 novorum
995 2335 1175 2376 militum
1194 2337 1272 2377 tria
1292 2337 1422 2378 millia
1437 2337 1624 2388 duceret,

230 2400 273 2433 et
294 2400 501 2433 trecentos
523 2392 710 2447 equites3
734 2392 791 2432 ita
812 2401 859 2433 ut
880 2392 924 2432 in
946 2392 995 2432 iis
1016 2392 1124 2434 duae
1146 2403 1283 2450 partes
1304 2395 1463 2436 socium
1482 2395 1625 2437 Latini

229 2450 424 2499 nominis,
455 2449 577 2491 tertia
609 2449 763 2490 civium
796 2449 1087 2491 Romanorum
1118 2460 1237 2493 esset.
1302 2452 1420 2493 Idem
1457 2453 1625 2510 supple·

231 2507 364 2548 menti
396 2507 449 2548 ad
492 2506 541 2548 C.
564 2506 829 2556 Flaminium,
872 2507 938 2548 cui
978 2508 1199 2564 imperium
1230 2511 1542 2566 prorogabamr,
1582 2512 1624 2552 in

232 2563 482 2620 Hispaniam
513 2565 748 2606 citeriorem
780 2573 842 2606 est
873 2564 1058 2607 missum.
1123 2566 1185 2607 M.
1208 2567 1415 2609 Aemilius
1439 2568 1627 2625 Lepidus

275 2684 292 2715 5
309 2676 602 2717 InMacedoniam]
618 2677 657 2707 In
670 2677 806 2717 Epirum
821 2688 905 2717 supr.
952 2683 1074 2709 certum
1113 2684 1189 2710 erat.
1244 2680 1377 2719 Aliquid
1417 2685 1524 2711 tamen
1560 2681 1628 2712 vitii

232 2729 331 2749 xxxv.
350 2728 398 2756 24.
414 2718 574 2749 traiecisse
590 2719 715 2750 dicitur.
952 2722 1052 2752 latere
1067 2726 1202 2761 oportet.
1251 2723 1442 2763 Rascliigius
1457 2729 1567 2754 contra
1587 2725 1630 2755 ad

275 2760 294 2792 6
317 2762 372 2791 Ad
390 2762 433 2797 id,
453 2772 535 2800 qnae
556 2763 649 2792 cuins
669 2763 839 2801 provincia
854 2764 906 2801 fo-
951 2765 986 2794 id
1007 2764 1053 2794 ita
1076 2765 1179 2802 vertit,
1195 2765 1225 2795 in
1251 2765 1337 2795 hunc
1361 2767 1471 2803 finem,
1487 2778 1528 2797 sc.
1545 2778 1628 2807 quae

231 2805 296 2841 rel]
317 2803 507 2840 Crex-icrius,
520 2802 544 2833 si
560 2803 640 2834 nihil
656 2804 707 2835 hic
721 2809 904 2845 corruptum
952 2806 1135 2845 provinciae
1159 2812 1190 2837 et
1213 2809 1306 2838 cuius
1329 2808 1444 2845 fon-nt,
1463 2814 1493 2838 ct
1517 2820 1627 2839 vocem

232 2851 291 2883 est,
311 2856 438 2877 sensum
463 2856 530 2876 csse
555 2850 658 2885 putat,
685 2858 785 2886 usque
810 2849 852 2878 ad
877 2849 910 2878 id
953 2851 1058 2886 cuius,
1074 2850 1182 2880 omnia
1198 2860 1280 2889 quae
1299 2851 1475 2881 neccssaria
1492 2856 1577 2889 sunt,
1594 2857 1627 2881 ut

232 2894 342 2928 caput,
367 2899 495 2927 nempe,
519 2899 601 2928 quae
626 2891 719 2920 cuius
738 2892 909 2929 provincia
954 2891 992 2921 iis
1015 2891 1074 2922 rite
1096 2892 1232 2931 peractis
1251 2893 1372 2923 sortitio
1392 2893 1628 2932 provinciariuu

225 2934 325 2969 sorel,
357 2932 439 2971 quusi
474 2931 602 2970 quidem
636 2935 733 2971 caput
764 2933 907 2963 nondum
954 2933 1078 2964 institui
1096 2935 1205 2973 possit.
1222 2935 1400 2971 intelligere
1417 2941 1533 2966 censet.

1324 2979 1397 3021 (22
