1960 3218
375 167 459 205 280
889 165 1036 207 TITI
1079 164 1260 207 LIVII

167 260 213 292 U.
229 260 268 292 C.
291 259 362 301 562.
377 261 558 310 sumpto,
588 254 712 296 simul
743 270 837 297 suas
872 256 1204 298 necessitudines
1234 255 1614 305 commemorando,
1647 254 1771 296 simul

168 304 207 335 A.
232 304 270 336 C.
296 313 364 345 ¹90·
379 312 567 353 obsessae
599 313 714 369 regio
747 314 955 370 praesidio
983 314 1096 356 urbis
1126 329 1267 356 casum
1303 313 1552 363 miserando,
1584 312 1802 368 pervice—6

379 378 491 419 runt,
514 378 561 411 ut
582 371 895 427 oppugnatione
917 372 1196 413 absisteretur.
1260 371 1440 413 Profecti
1473 371 1585 420 inde,
1612 369 1770 426 pacatis
1785 384 1802 417 7

379 427 542 477 ceteris,
572 443 704 484 quum
735 444 850 470 oram
880 429 1008 471 Asiae
1043 430 1244 486 legerent,
1279 429 1464 486 Loryma
1498 429 1663 484 (portus
1698 426 1771 468 ad-

378 500 521 526 versus
544 485 745 527 Rhodum
769 487 850 543 est)
871 496 1165 544 pervenerunt.
1229 487 1295 529 Ibi
1322 487 1366 527 in
1394 486 1611 543 principiis
1635 498 1802 529 serm08

379 542 515 598 primo
550 544 661 585 inter
696 545 884 586 tribunos
921 546 1102 588 militum
1135 554 1317 586 secretus
1350 546 1492 594 oritur,
1526 543 1680 585 deinde
1718 542 1772 583 ad

379 615 498 642 aures
529 601 659 657 ipsius
680 601 854 644 Aemilii
884 604 1089 659 pervenit,
1118 603 1271 644 abduci
1298 602 1470 644 classem
1502 603 1553 643 ab
1587 601 1769 657 Epheso,

379 658 430 699 ab
452 673 526 699 suo
548 659 684 701 bello:
717 668 765 701 ut
793 661 844 701 ab
873 670 991 717 tergo
1016 661 1121 702 liber
1150 661 1319 702 relictus
1346 660 1476 701 hostis
1507 660 1552 700 in
1583 668 1643 700 tot
1674 673 1772 714 pro-

378 715 557 772 pinquas
578 717 784 758 sociorum
807 719 930 759 urbes
952 719 1093 759 omnia
1112 719 1285 774 impune
1307 718 1448 759 conari
1468 725 1618 774 posset.
1672 715 1771 757 Mo-

377 788 473 814 vere
496 789 546 814 ea
569 774 822 817 Aemilium:
856 785 1108 832 vocatosque
1142 776 1334 817 Rhodios
1361 790 1493 831 quum
1523 782 1770 831 percuncta-

378 838 445 871 tus
466 840 586 881 esset,
608 840 849 873 utrumnam
871 833 1034 874 Pataris
1055 834 1248 875 universa
1272 833 1409 874 classis
1438 833 1482 873 in
1510 841 1632 888 portu
1661 840 1769 872 stare

166 888 365 928 Repetitsa-
378 898 531 944 posset,
569 905 699 945 quum
735 891 1062 947 respondissent,
1098 906 1185 932 non
1220 906 1368 947 posse3
1415 904 1582 931 causam
1623 897 1770 930 nactus

164 941 265 965 mum.
379 946 637 988 omittendae
659 948 731 998 rei,
758 947 929 989 Samum
950 949 1120 990 reduxit
1140 964 1278 990 naveS.

233 1006 297 1045 18.
436 1003 520 1045 Per
548 1004 662 1045 idem
696 1014 861 1062 tempus
893 1006 1105 1056 Seleucus,
1140 1006 1345 1047 Antiochi
1376 1005 1499 1054 filius,
1532 1020 1664 1060 quum
1696 1019 1772 1061 per

379 1075 503 1102 omne
532 1061 804 1104 hibernorum
828 1072 993 1120 tempus
1015 1065 1249 1106 exercitum
1270 1064 1314 1104 in
1337 1062 1517 1104 Aeolide
1540 1062 1771 1103 continuis-

377 1128 452 1168 set,
474 1120 626 1175 partim
652 1121 773 1162 sociis
793 1121 968 1163 ferendo
991 1138 1127 1179 opem,
1150 1122 1313 1178 partim,
1337 1136 1442 1177 quos
1462 1121 1507 1161 in
1528 1120 1770 1161 societatem

377 1176 574 1232 pellicere
605 1193 692 1219 non
722 1187 898 1234 poterat,
922 1180 1242 1236 depopulandis,
1266 1179 1438 1220 transire
1460 1179 1505 1218 in
1526 1178 1631 1219 fines
1651 1177 1771 1234 regni

379 1234 596 1285 Eumenis,
620 1235 722 1277 dum
744 1237 777 1277 is
798 1238 945 1293 procul
966 1239 1017 1279 ab
1038 1238 1164 1279 domo
1185 1253 1281 1278 cum
1300 1237 1504 1278 Romanis
1525 1245 1568 1277 et
1590 1235 1770 1276 Rhodiis

378 1291 535 1348 Lyciae
567 1294 776 1335 maritima
805 1304 1081 1351 oppugnaret,
1110 1296 1264 1336 statuit.
1329 1294 1401 1335 Ad
1431 1294 1603 1335 Elaeam
1635 1293 1770 1350 primo

163 1356 319 1406 Seleucus
377 1349 537 1391 infestis
561 1351 690 1407 signis
715 1353 911 1393 accessit:
945 1352 1113 1402 deinde,
1137 1353 1287 1394 omissa
1307 1352 1620 1409 oppugnatione
1645 1351 1769 1400 urbis,

165 1399 322 1473 ssnssgffhg
377 1423 496 1464 agros
520 1408 727 1450 hostiliter
748 1410 1039 1466 depopulatus,
1063 1410 1116 1452 ad
1137 1419 1263 1466 caput
1284 1425 1506 1465 arcemque
1527 1409 1646 1464 regni
1668 1408 1769 1449 Per-

164 1466 253 1514 m'um
271 1454 334 1526 Ji„-
375 1481 545 1521 gamum
579 1466 698 1508 ducit
727 1468 1071 1523 oppugnandum.
1137 1468 1306 1509 Attalus
1341 1468 1489 1524 primo,
1522 1466 1801 1511 stationibus9

163 1532 297 1567 pugnat.
375 1531 472 1564 ante
505 1524 651 1565 urbem
682 1526 840 1580 positis,
866 1534 909 1567 et
933 1526 1249 1567 excursionibus
1270 1525 1462 1581 equitum
1487 1525 1673 1579 levisque
1705 1539 1770 1565 ar-

375 1589 575 1631 maturae,
605 1583 736 1638 magis
764 1582 1002 1633 lacessebat,
1026 1599 1152 1640 quam
1184 1583 1426 1633 sustinebat,
1448 1582 1622 1623 hostem.
1686 1582 1769 1623 Po-

373 1647 540 1689 stremo,
571 1655 716 1696 quum,
749 1655 825 1696 per
858 1641 966 1682 levia
1001 1642 1230 1683 certamina
1259 1650 1470 1697 expertus,
1503 1640 1619 1681 nulla
1649 1649 1767 1696 parte

372 1696 524 1737 virium
555 1712 597 1738 se
629 1713 772 1754 parem
804 1714 905 1748 esse,
929 1699 1039 1740 intra
1069 1700 1236 1740 moenia
1262 1714 1304 1739 se
1327 1699 1563 1756 recepisset,
1585 1697 1774 1739 obsideri

373 1754 471 1795 urbs
497 1763 646 1811 coepta
671 1765 743 1797 est.
811 1756 974 1798 Eodem
999 1758 1130 1798 ferme
1160 1767 1348 1813 tempore
1377 1767 1419 1798 et
1441 1756 1691 1805 Antiochus,
1715 1755 1766 1796 ab

372 1813 566 1868 Apamea
596 1813 818 1869 profectus,
846 1814 1044 1856 Sardibus
1065 1815 1261 1871 primum,
1285 1814 1453 1863 deinde,
1476 1813 1590 1855 haud
1619 1812 1767 1869 procul

375 1868 541 1911 Seleuci
570 1871 723 1920 castris,
757 1871 811 1912 ad
842 1881 968 1928 caput
1000 1871 1119 1913 Caici
1145 1872 1278 1913 amnis
1309 1872 1457 1913 stativa
1486 1871 1645 1919 habuit,
1669 1885 1766 1911 cum

372 1942 524 1983 magno
547 1928 737 1969 exercitu
763 1929 897 1970 mixto
918 1930 1041 1971 variis
1073 1945 1126 1971 ex
1156 1930 1362 1985 gentibus.
1425 1929 1661 1970 Plurimum
1683 1936 1765 1969 ter-

370 1985 474 2026 roris
510 1986 555 2026 in
594 1985 813 2027 Gallorum
854 1988 1048 2029 mercede
1089 1987 1308 2028 conductis
1344 1996 1542 2043 quattuor
1582 1985 1765 2026 millibus

371 2051 469 2084 erat.
533 2043 638 2094 Hos,
660 2045 804 2100 paucis
829 2045 1041 2095 admixtis,
1063 2045 1115 2086 ad
1136 2045 1459 2101 pervastandum
1490 2044 1640 2100 passim
1663 2043 1765 2084 Per-

369 2115 597 2155 gamenum
618 2117 764 2157 agrum
786 2103 908 2144 misit.
960 2103 1081 2152 Quae
1103 2112 1325 2159 postquam
1345 2102 1516 2144 Samum
1538 2109 1635 2142 sunt
1656 2115 1765 2141 nun-

370 2158 483 2208 tiata,
501 2159 637 2214 primo
660 2159 886 2211 Eumenes,
904 2170 1100 2202 avocatus
1121 2161 1351 2202 domestico
1372 2160 1494 2209 bello,
1517 2174 1613 2200 cum
1635 2158 1762 2199 classe

371 2213 543 2257 Elaeam
574 2217 703 2272 petit:
739 2218 853 2267 inde,
882 2234 1013 2274 quum
1047 2227 1212 2275 praesto
1242 2218 1417 2259 fuissent
1447 2217 1610 2273 equites
1645 2215 1764 2271 pedi-

370 2281 545 2329 tumque
568 2274 768 2331 expediti,
791 2276 998 2331 praesidio
1024 2291 1169 2317 corum
1199 2284 1325 2325 tutus,
1347 2275 1591 2331 priusquam
1622 2273 1762 2313 hostes

369 2331 586 2381 sentirent,
609 2340 681 2373 aut
712 2342 993 2383 moverentur,
1017 2333 1270 2389 Pergamum
1293 2332 1521 2374 contendit.
1586 2330 1650 2371 Ibi
1671 2345 1761 2370 rur-

367 2402 435 2428 sus
475 2388 583 2430 levia
623 2405 699 2446 per
738 2391 1005 2432 excursiones
1045 2390 1203 2447 proelia
1238 2390 1329 2431 fieri
1365 2398 1524 2445 coepta,
1568 2387 1759 2428 Eumene

367 2459 553 2487 summae
595 2448 654 2488 rei
692 2447 917 2489 discrimen
952 2449 1065 2490 haud
1101 2448 1227 2489 dubie
1264 2447 1535 2488 detrectante.
1598 2445 1760 2486 Paucos

366 2510 461 2556 post
481 2503 570 2544 dics
594 2503 787 2546 Romana
809 2505 1064 2562 Rhodiaque
1093 2505 1245 2554 classis,
1268 2516 1315 2545 ut
1335 2504 1423 2560 regi
1445 2518 1567 2559 opem
1589 2503 1757 2552 ferrent,

368 2558 540 2601 Elaeam
570 2561 621 2602 ab
653 2561 777 2603 Samo
807 2572 1025 2605 venerunt.
1092 2563 1211 2610 Quos
1244 2562 1315 2603 ubi
1347 2561 1586 2617 exposuisse
1619 2560 1759 2616 copias

407 2720 426 2751 6
451 2722 600 2753 Obsessae
626 2724 713 2761 ’νεῃίο
740 2724 902 2762 praesidio
928 2724 1034 2761 urbis]
1125 2724 1143 2751 8
1168 2724 1210 2753 In
1225 2723 1412 2762 principiis]
1440 2723 1478 2753 cf.
1497 2723 1590 2761 Supr.
1607 2720 1660 2752 vii.
1682 2730 1729 2752 12.

365 2762 475 2801 Urbis,
492 2774 573 2804 quae
595 2764 642 2794 sui
666 2764 742 2794 iuris
758 2776 820 2795 uon
838 2768 919 2797 esset
935 2766 975 2795 ob
991 2776 1036 2795 re-
1124 2775 1143 2805 9
1168 2765 1448 2804 Opq)uquandmn]
1485 2765 1757 2804 Oppuynandam,

362 2806 449 2845 gium
468 2807 671 2846 praesidium.
696 2808 802 2838 (Σιὼν.
1082 2818 1164 2846 quac
1182 2818 1240 2837 vox
1261 2808 1301 2838 ad
1326 2808 1507 2847 proximam
1526 2817 1635 2837 vocem
1651 2817 1756 2837 arcem

412 2856 428 2888 7
452 2851 585 2880 Pacatis
614 2851 742 2888 celeris]
787 2851 900 2886 Quum
932 2854 1037 2881 cetera
1082 2850 1247 2887 referatur,
1276 2854 1406 2881 auctore
1442 2849 1581 2890 Sigonio,
1614 2848 1755 2888 reposuit

362 2891 494 2930 oppida,
508 2896 633 2931 practer
651 2892 788 2927 lassum,
802 2896 916 2932 pacata
932 2897 1036 2923 essent
1083 2892 1221 2923 Bekkcr.

361 2937 394 2964 et
409 2934 514 2965 amica
530 2935 696 2966 Romanis.
720 2935 826 2966 Cnssv.
