1960 3218
543 451 621 520 T.
686 453 963 516 LIVII
1030 453 1553 518 PATAVINI

707 661 751 713 L
782 661 807 712 l
839 660 887 712 Β
924 660 968 711 Ε
1001 659 1049 711 R
1117 658 1395 712 XXXVI.

922 859 1182 885 4—

144 1056 243 1088 [χρ.
268 1055 339 1096 551,
502 1029 887 1074 CORNELIUM
919 1029 999 1071 Cn.
1028 1029 1161 1070 filium
1203 1028 1441 1086 Scipionem
1478 1039 1521 1071 et
1554 1029 1627 1071 Μ’.
1648 1030 1751 1071 Aci-

142 1101 182 1131 A.
208 1100 246 1131 C.
271 1109 340 1141 191.
468 1122 486 1141 ,
527 1090 629 1131 lium
657 1089 930 1130 Glabrionem
954 1087 1158 1137 consules,
1183 1087 1288 1128 inito
1310 1087 1566 1143 magistratu,
1591 1088 1748 1137 Patres,

142 1142 330 1216 {ociis-'nii
352 1149 597 1205 priusquam
623 1148 675 1189 de
706 1146 931 1204 provinciis
962 1154 1147 1201 agerent,
1170 1160 1234 1186 res
1263 1145 1426 1186 divinas
1453 1146 1588 1187 facere
1620 1146 1750 1186 maio-

190 1209 199 1222 ,
267 1210 274 1216 .

142 1228 219 1258 cilio
236 1229 327 1260 Coss.
353 1207 467 1247 ribus
498 1206 643 1247 hostiis
675 1206 887 1246 iusserunt
918 1205 961 1244 in
993 1203 1188 1244 omnibus
1217 1202 1335 1252 fanis5
1368 1203 1410 1243 in
1448 1204 1600 1259 quibus
1632 1203 1779 1244 lecti-1

353 1264 558 1306 sternium
577 1264 777 1304 maiorem
795 1272 955 1318 partem
978 1261 1077 1302 anni
1094 1261 1184 1302 fieri
1205 1260 1333 1309 solet3
1358 1261 1615 1318 precarique,
1635 1261 1747 1317 quod

353 1331 521 1363 senatus
550 1322 602 1362 de
633 1337 742 1362 novo
770 1320 880 1361 bello
910 1319 951 1359 in
982 1319 1122 1359 animo
1151 1318 1335 1367 haberet,
1359 1328 1405 1360 ut
1432 1334 1481 1360 ea
1501 1335 1566 1360 res
1587 1319 1750 1360 senatui

353 1379 594 1436 populoque
637 1379 832 1420 Romano
873 1378 980 1418 bene
1027 1386 1151 1432 atque
1193 1376 1370 1417 feliciter
1414 1377 1612 1418 eveniret.
1688 1376 1752 1417 Ea

355 1438 496 1479 omnia
521 1437 722 1478 sacrificia
743 1436 850 1476 laeta
870 1435 1053 1484 fuerunt,
1077 1434 1306 1490 primisque
1335 1434 1481 1475 hostiis
1508 1435 1749 1490 perlitatum
1766 1454 1783 1474 α

354 1505 442 1536 cst:
492 1504 534 1536 et
574 1495 632 1536 ita
671 1493 911 1549 haruspices
951 1492 1271 1548 responderunt,
1309 1508 1358 1533 eo
1399 1492 1509 1533 bello
1551 1493 1751 1533 terminos

354 1553 499 1609 populi
524 1552 705 1593 Romani
727 1550 960 1607 propagari,
984 1550 1197 1590 victoriam
1220 1565 1266 1590 ac
1290 1549 1549 1605 triumphum
1572 1550 1748 1591 ostendi.

358 1610 478 1652 Haec
519 1625 650 1666 quum
690 1609 929 1650 renuntiata
969 1616 1120 1656 essent,
1163 1607 1306 1648 solutis
1346 1607 1547 1663 religione
1589 1607 1750 1657 animis,

146 1676 315 1725 Bellunja
356 1668 503 1710 Patres
534 1667 792 1724 rogationem
827 1666 879 1707 ad
914 1665 1117 1722 populum
1147 1665 1243 1706 ferri
1278 1666 1512 1706 iusserunt:
1553 1665 1753 1706 ‘Vellent

145 1719 292 1792 {3¹ss
358 1727 650 1774 ‘iuberentne‚
673 1741 770 1766 cum
795 1723 1010 1765 Antiocho
1042 1738 1152 1778 rege,
1188 1723 1346 1779 quique
1379 1723 1468 1764 cius
1499 1733 1653 1764 sectam
1687 1738 1752 1764 se-

143 1773 368 1837 dgssggssjtflff‘
385 1784 471 1825 cuti
493 1793 643 1833 essent,
667 1782 822 1824 bellum
847 1781 943 1822 iniri
959 1781 995 1821 ’θ’
1019 1780 1051 1821 si
1073 1796 1122 1821 ea
1142 1781 1303 1836 rogatio
1325 1780 1483 1836 perlata.
1503 1790 1623 1830 esset,
1646 1790 1749 1830 tum,

355 1842 388 1882 si
410 1842 469 1883 ita
489 1842 702 1882 videretur
723 1839 975 1888 consulibus,
999 1853 1087 1879 rem
1109 1839 1313 1894 integram
1338 1838 1391 1878 ad
1412 1848 1602 1879 senatum
1625 1838 1752 1879 refer-

355 1908 460 1940 rent.
523 1899 570 1940 P.
599 1897 824 1939 Cornelius
860 1911 951 1937 eam
987 1896 1248 1951 rogationem
1290 1896 1474 1951 pertulit.
1537 1896 1650 1937 Tum
1687 1911 1751 1937 se-

355 1966 477 1998 natus
505 1956 704 2005 decrevit,
728 1965 775 1996 ut
795 1953 987 1996 consules
1008 1953 1172 1994 Italiam
1202 1962 1244 1994 et
1269 1953 1490 1994 Graeciam
1516 1954 1751 2010 provincias

146 2026 336 2060 Provinciae
355 2016 629 2063 sortirentur3
678 2013 745 2054 cui
783 2012 962 2053 Graecia
1002 2011 1220 2060 evenisset,
1256 2019 1303 2051 ut
1338 2020 1502 2067 practer
1539 2026 1634 2052 eum
1673 2027 1782 2059 nil-3

143 2076 175 2102 et
191 2072 310 2102 exerei-
354 2088 517 2113 merum
540 2072 735 2120 militum,
759 2085 887 2126 quem
910 2069 959 2110 L.
983 2068 1209 2117 Quinctius
1239 2069 1281 2108 in
1304 2084 1395 2110 eam
1417 2069 1673 2125 provinciam
1698 2084 1752 2110 ex

143 2118 204 2145 tus.
355 2130 601 2172 auctoritate
632 2138 800 2170 senatus
833 2127 1062 2183 scripsisset
1095 2126 1404 2182 imperassetve,
1432 2135 1478 2167 ut
1506 2141 1603 2167 eum
1633 2141 1785 2172 exer-4

354 2188 484 2229 citum
513 2187 734 2243 acciperet,
758 2200 884 2242 quem
913 2184 974 2225 M.
996 2184 1179 2225 Baebius
1206 2192 1374 2240 praetor
1402 2199 1512 2224 anno
1540 2184 1676 2240 priore
1699 2199 1752 2225 ex

402 2347 412 2367 1
443 2337 688 2367 [lectisternium
718 2336 867 2365 maiorem
904 2337 1029 2373 partem
1078 2332 1156 2369 vius,
1183 2332 1258 2371 quia
1289 2342 1386 2372 saepe
1417 2333 1599 2371 complures
1629 2331 1752 2363 hostiae

355 2381 436 2410 anni
452 2380 531 2419 fieri
554 2377 646 2417 solet]
683 2378 852 2407 Hactenus
878 2377 1029 2406 lectister-
1075 2375 1338 2412 immolabantur,
1354 2385 1453 2414 quum
1471 2375 1594 2414 primae
1617 2385 1680 2404 non
1703 2380 1751 2405 sat

356 2423 480 2451 niorum
505 2422 602 2451 modo
623 2424 713 2451 extra
732 2421 875 2449 ordinem
902 2419 1030 2458 placan-
1076 2417 1182 2447 felicia
1206 2421 1321 2447 eventa
1347 2417 1573 2456 praenuntiare
1602 2417 1750 2448 videban-

356 2466 417 2494 dae
447 2462 542 2494 desim
576 2463 640 2493 irae
678 2463 871 2492 indictorum
910 2461 1031 2490 montio
1076 2464 1138 2496 tur,
1175 2461 1383 2499 quoadusque
1428 2460 1613 2499 perlitatum
1660 2460 1751 2492 foret.

356 2508 440 2536 flictu
457 2517 475 2536 a
494 2505 584 2536 Livio
601 2510 658 2536 est.
706 2505 755 2535 Ex
774 2505 834 2534 hoc
852 2505 922 2534 loco
938 2503 1030 2533 intel·
1078 2503 1153 2533 vid.
1172 2502 1266 2532 huius
1282 2502 1324 2532 rci
1343 2503 1528 2541 exemplum
1547 2502 1617 2533 infr.
1632 2503 1687 2533 xli.
1704 2511 1750 2541 15.

355 2549 484 2587 ligimus
499 2548 595 2578 fuisse
615 2551 646 2578 et
666 2547 756 2577 statis
772 2546 971 2585 temporibus
987 2545 1031 2575 in-
1076 2546 1181 2576 Cum.

356 2592 418 2621 dici
435 2591 530 2621 solita
546 2590 750 2620 lectisternia.
784 2589 892 2619 liuius
909 2587 1032 2627 generis
1119 2596 1136 2625 3
1164 2589 1206 2618 Ut
1218 2592 1349 2627 praeter
1364 2598 1436 2618 enm
1454 2599 1620 2617 nitrum-um
1640 2612 1647 2618 .
1666 2612 1672 2619 .
1691 2612 1697 2619 .
1715 2593 1751 2619 ut

357 2633 586 2664 lectisternium
615 2636 745 2662 notatur
772 2632 802 2661 in
833 2629 1032 2661 Kalendario
1076 2640 1146 2661 eum
1163 2631 1354 2667 emere-ilum]
1388 2630 1552 2660 Particula
1569 2635 1602 2660 nt
1619 2641 1682 2660 non
1705 2641 1750 2661 ra-

357 2677 470 2706 ldibus
484 2674 734 2711 Novembribus,
750 2674 798 2703 his
815 2673 1028 2712 verl>is,Epu-
1074 2682 1108 2702 ro
1136 2672 1223 2710 apud
1250 2672 1375 2702 Livium
1404 2672 1559 2711 geminari
1588 2673 1679 2704 solet.
1710 2673 1750 2704 cf.

356 2720 419 2749 lum
438 2720 605 2753 indictum,
621 2726 738 2756 nempe
754 2716 822 2747 diis.
874 2716 925 2745 De
941 2715 1030 2745 lecti·
1075 2725 1159 2754 supr.
1176 2715 1253 2745 xxii.
1276 2725 1321 2745 ιι.
1339 2715 1438 2745 xxviii
1466 2725 1494 2756 9.

357 2761 474 2792 sternio
491 2761 531 2791 cf.
547 2770 632 2799 supr.
652 2770 678 2790 v,
701 2768 744 2797 [3.
769 2760 875 2789 CREV.
1119 2769 1137 2794 4
1159 2758 1344 2797 Scripsisset
1367 2756 1615 2804 nuperum-etim]
1641 2758 1747 2797 Scrip-

401 2814 416 2834 2
441 2804 626 2843 Primis-que
640 2803 749 2832 hostiis
762 2802 949 2841 perlitatum
967 2799 1028 2840 est]
1074 2800 1176 2836 sis-sa,
1191 2800 1435 2839 intelligendum
1453 2806 1500 2830 cst
1516 2801 1556 2830 dc
1571 2800 1727 2830 Romanis
1741 2811 1747 2830 :

358 2848 398 2877 In
426 2846 536 2886 primis
563 2844 670 2875 statim
700 2844 811 2873 hostiis
838 2853 875 2873 ca
902 2842 1033 2873 inventa
1076 2844 1272 2882 imperasset,
1289 2843 1329 2873 de
1345 2843 1458 2873 sociis:
1484 2846 1519 2873 ut
1536 2846 1625 2882 patet
1637 2842 1707 2873 infr.
1720 2851 1748 2881 3.

356 2893 430 2919 sunt
446 2889 546 2927 signa,
558 2898 596 2918 ex
614 2887 729 2927 quibus
744 2886 945 2916 indicabatur
957 2886 1034 2915 dcos
1077 2886 1182 2917 Cum.

357 2941 425 2961 esse
443 2930 606 2970 propitios.
642 2930 716 2960 Hoc
733 2928 805 2960 ideo
821 2929 966 2959 observat
982 2928 1031 2958 Li-
