1960 3218
531 139 657 181 LIB.
691 138 910 181 XXXIV.
959 137 1106 180 CAP.
1141 141 1207 180 23.
1489 140 1566 180 147

175 230 338 273 Consul
358 231 569 287 reliquum
598 230 766 272 aestatis
787 229 897 271 circa
928 228 1093 270 Padum
1126 227 1369 270 Placentiae
1398 237 1440 269 et
1464 228 1570 270 Cre-
1585 236 1630 268 U.
1646 236 1685 268 C.
1708 245 1780 277 557·

170 304 320 330 monae
349 289 582 330 exercitum
612 288 772 338 habuit,
802 287 1082 343 restituitque,
1114 301 1221 342 quae
1253 286 1298 326 in
1326 287 1376 327 iis
1404 286 1570 343 oppidis
1583 280 1622 311 Α·
1647 280 1686 311 C·
1712 287 1782 321 195·

168 346 280 388 bello
301 347 441 388 diruta
461 347 638 388 fuerant.

231 405 376 453 Quum
406 405 474 445 hic
496 413 626 445 status
657 419 797 445 rerum
825 403 870 444 in
902 402 1024 444 Italia
1056 402 1348 459 Hispaniaque
1371 411 1490 452 esset,
1515 402 1565 444 Τ.
1583 414 1740 446 Graeciae

173 463 390 512 Quinctio,
413 462 457 502 in
477 462 657 503 Graecia
677 462 735 503 ita
756 461 941 502 hibernis
963 461 1076 510 actis,
1095 469 1154 510 ut,
1178 461 1365 516 exceptis
1388 460 1566 510 Aetolis,
1580 462 1693 490 status.

169 521 322 576 quibus
343 535 421 561 nec
450 535 525 576 pro
554 535 626 576 spe
655 519 852 561 victoriae
881 519 1066 575 praemia
1093 519 1370 574 contigerant,
1393 533 1472 559 nec
1494 518 1568 559 diu

169 578 263 633 quis
290 577 455 634 placere
481 586 658 633 poterat,
682 578 876 618 universa
899 576 1090 626 Graecia,
1114 576 1238 617 simul
1265 576 1378 632 pacis
1399 575 1568 617 liberta-

169 636 306 692 tisque
328 635 545 691 perfruens
566 636 699 684 bonis,
723 635 889 691 egregie
912 643 1023 676 statu
1043 649 1118 675 suo
1139 633 1356 690 gauderet,
1379 649 1458 674 nec
1480 649 1568 674 ma-

166 693 230 750 gis
251 694 296 734 in
325 693 435 734 bello
457 693 656 734 virtutem
687 693 871 734 Romani
892 692 1024 741 ducis,
1048 707 1174 748 quam
1201 692 1245 733 in
1266 691 1440 733 victoria
1461 699 1568 732 tem-

134 761 153 792 8
167 751 400 808 perantiam
414 751 702 806 iustitiamque
720 759 762 792 et
781 750 1110 792 moderationem
1128 750 1360 799 miraretur,
1380 758 1568 791 senatus-

167 808 419 858 consultum,
455 824 539 864 qno
571 808 729 850 bellum
766 808 963 849 adversus
1000 807 1144 849 Nabin
1179 807 1567 848 Lacedaemonium

167 866 383 908 decretum
406 876 506 917 erat,
530 867 711 908 affertur.
778 866 876 914 Quo
905 865 1027 915 lecto,
1054 865 1282 914 Quinctius
1310 874 1567 906 conventum

171 923 425 966 Corinthum
468 925 658 966 omnium
694 924 900 966 sociarum
937 923 1169 965 civitatium
1206 923 1485 979 legationibus
1521 925 1565 965 in

168 982 281 1023 diem
323 992 481 1024 certam
516 983 656 1024 edicit.
720 982 793 1023 Ad
829 997 957 1038 quarn
993 982 1065 1023 ubi
1096 982 1338 1037 frequentes
1375 981 1566 1037 undique

167 1041 379 1096 principes
407 1050 708 1090 convenerunt,
735 1041 793 1081 ita
821 1049 868 1081 ut
898 1055 951 1081 ne
981 1039 1123 1081 Aetoli
1155 1039 1326 1096 quidem
1360 1040 1564 1089 abessent,

168 1098 241 1139 tali
272 1098 459 1139 oratione
489 1108 550 1139 est
582 1114 701 1140 usus:
743 1104 755 1122 ‘
772 1097 940 1139 Bellum
972 1097 1168 1139 adversus
1200 1097 1447 1152 Philippum
1479 1112 1566 1138 non
1581 1105 1729 1154 Quinctii

169 1156 325 1212 ‘magis
346 1156 559 1197 communi
580 1156 721 1196 animo
743 1155 1002 1211 consilioque
1027 1155 1210 1196 Romani
1233 1163 1275 1196 et
1300 1154 1452 1196 Graeci
1473 1170 1568 1210 ges·
1579 1153 1681 1222 <gano
1697 1150 1759 1222 add

169 1220 348 1263 ‘serunt,
373 1229 499 1269 quam
526 1214 693 1269 utrique
722 1229 817 1254 suas
842 1228 984 1255 causas
1012 1213 1111 1254 belli
1138 1213 1388 1254 habuerunt.
1452 1213 1565 1254 Nam
1579 1202 1737 1265 bersfficffi,
1762 1203 1780 1223 Θ

169 1276 236 1312 ‘et
270 1271 560 1312 Romanorum
594 1271 834 1321 amicitiam,
871 1286 985 1312 nunc
1020 1270 1391 1326 Carthaginienses
1424 1270 1566 1312 hostes
1580 1288 1687 1326 versus
1704 1278 1771 1308 Na-

169 1333 336 1371 ‘eorum
364 1329 560 1379 iuvando,
583 1345 698 1370 nunc
726 1329 795 1370 hic
820 1329 942 1370 sociis
967 1329 1118 1370 nostris
1147 1328 1455 1385 oppugnandis,
1478 1329 1566 1370 vio—
1577 1321 1643 1352 bm.

169 1387 371 1436 ‘laverat3
409 1396 451 1428 et
478 1387 522 1427 in
554 1402 626 1428 vos
659 1387 749 1428 talis
779 1387 870 1436 fuit,
897 1396 945 1428 ut
975 1387 1108 1436 nobis,
1135 1386 1298 1428 etiamsi
1328 1396 1565 1428 nostrarum

169 1445 534 1486 ‘oblivisceremur
573 1445 833 1494 iniuriarum,
874 1453 1034 1486 vestrae
1076 1444 1252 1486 iniuriae
1293 1445 1391 1485 satis
1436 1445 1566 1501 digna

168 1507 317 1544 ‘causa
351 1502 450 1544 belli
480 1502 648 1544 fuerint.
713 1502 934 1544 Hodierna
965 1502 1215 1544 consultatio
1247 1511 1334 1543 tota
1364 1518 1417 1543 ex
1448 1503 1565 1544 vobis

168 1561 361 1616 ‘pendet.
426 1561 582 1602 Refero
614 1560 727 1601 enim
759 1560 813 1601 ad
840 1576 924 1610 vos,
957 1570 1098 1601 utrum
1131 1561 1281 1616 Argos,
1314 1560 1421 1602 sicut
1451 1561 1566 1602 scitis

166 1623 178 1641 ‘
191 1619 283 1674 ipsi,
306 1619 357 1660 ab
380 1617 549 1659 Nabide
566 1627 791 1674 occupatos
812 1618 899 1674 pati
920 1618 1057 1659 velitis
1074 1619 1150 1659 sub
1172 1618 1331 1660 ditione
1349 1619 1438 1660 eius
1455 1634 1563 1660 esse:

167 1681 245 1717 ‘an
267 1691 449 1733 aequum
471 1676 687 1725 censeatis,
711 1676 1011 1717 nobilissimam
1034 1676 1442 1732 vetustissimamque
1464 1676 1567 1718 civi-

167 1739 178 1757 ‘
197 1743 336 1784 tatem,
369 1735 413 1774 in
445 1734 585 1775 media
618 1733 798 1775 Graecia
828 1734 961 1783 sitam,
994 1734 1127 1790 repeti
1159 1734 1203 1774 in
1239 1733 1489 1784 libertatem,
1523 1742 1566 1776 et

167 1792 341 1833 ‘eodem
370 1800 492 1842 statii,
515 1807 600 1848 quo
628 1801 787 1833 ceteras
810 1793 932 1833 urbes
960 1792 1244 1848 Peloponnesi
1272 1801 1315 1833 et
1346 1792 1563 1842 Graeciae,

167 1854 291 1891 ‘esse.
355 1849 475 1891 Haec
500 1849 764 1899 consultatio,
795 1859 842 1891 ut
868 1849 1031 1899 videtis,
1060 1858 1147 1891 tota
1174 1849 1227 1891 de
1252 1865 1296 1891 re
1325 1850 1564 1906 pertinente

167 1912 179 1930 ‘
194 1908 248 1949 ad
268 1923 340 1949 vos
362 1917 449 1949 est:
485 1907 701 1949 Romanos
717 1907 823 1948 nihil
845 1908 1065 1964 contingit,
1084 1908 1163 1948 nisi
1185 1916 1394 1965 quatenus
1413 1907 1565 1950 libera-

167 1970 258 2006 ‘tae
284 1965 501 2015 Graeciae,
525 1966 650 2007 unius
678 1965 856 2006 civitatis
877 1966 1065 2015 servitus,
1088 1981 1174 2006 non
1195 1965 1378 2022 plenam,
1400 1981 1478 2007 nec
1502 1966 1566 2006 in-

168 2028 179 2046 ‘
196 2032 355 2079 tegram
376 2023 552 2079 gloriam
581 2038 668 2064 esse
691 2023 801 2064 sinit.
868 2022 1071 2065 Ceterum
1100 2023 1133 2064 si
1154 2038 1226 2064 vos
1255 2038 1334 2064 nec
1355 2038 1454 2064 cura
1475 2024 1566 2064 eius

169 2081 382 2129 ‘civitatis‚
412 2096 490 2122 nec
520 2080 775 2136 exemplum,
799 2096 877 2121 nec
905 2081 1138 2136 periculum
1170 2090 1322 2130 movet,
1346 2096 1398 2122 ne
1427 2089 1566 2137 serpat

133 2138 319 2185 9‘latius
352 2139 546 2194 contagio
588 2138 678 2179 eius
715 2138 835 2187 mali,
885 2153 961 2179 nos
997 2138 1121 2194 aequi
1157 2138 1342 2194 bonique
1375 2138 1562 2180 facimus.

167 2202 179 2220 ‘
193 2196 261 2237 De
283 2196 360 2237 hac
377 2211 420 2237 re
443 2212 515 2238 vos
529 2195 713 2245 consulo,
729 2205 911 2238 staturus
927 2212 991 2245 eo,
1007 2195 1123 2252 quod
1136 2195 1277 2252 plures
1294 2196 1565 2238 censueritis.'

165 2254 267 2296 Post
301 2254 532 2295 orationem
576 2253 761 2295 Romani
796 2254 1071 2310 imperatoris,
1110 2254 1347 2309 percenseri
1387 2254 1564 2296 aliorum
1642 2253 1709 2292 23·

164 2312 396 2354 sententiae
440 2320 612 2367 coeptae
654 2319 762 2352 sunt.
829 2311 977 2360 Quum
1017 2311 1178 2367 legatus
1220 2311 1562 2362 Atheniensium,

166 2378 373 2426 quantum
395 2379 557 2426 poterat
584 2369 728 2425 gratiis
748 2369 934 2426 agendis,
959 2369 1249 2410 Romanorum
1271 2369 1315 2410 in
1340 2368 1564 2412 Graeciam

165 2428 315 2470 merita
330 2427 558 2477 extulisset,
583 2426 849 2483 ‘imploratos
865 2427 1083 2477 auxilium,
1099 2427 1296 2468 adversus
1317 2426 1564 2484 Philippum

168 2484 337 2526 ‘tulisse
361 2500 507 2541 opem3
540 2500 627 2526 non
653 2493 830 2541 rogatos,
853 2485 963 2526 ultro
992 2484 1188 2526 adversus
1217 2493 1445 2542 tyrannum
1476 2485 1565 2526 Na-

169 2542 267 2583 ‘bin
298 2543 446 2584 offerre
479 2543 729 2591 auxilium3⁷
770 2543 1098 2599 indignatusque
1131 2551 1251 2593 esset,
1286 2542 1417 2584 ‘hacc
1449 2551 1565 2584 tanta

215 2659 234 2689 8
262 2660 592 2698 *S'enaluscmzsultum,
628 2672 690 2701 quo
728 2662 843 2692 bellam
889 2661 1014 2692 videtur
1030 2662 1151 2692 bellum
1177 2662 1328 2692 adversus
1345 2661 1376 2691 N
1381 2661 1455 2691 abin
1477 2671 1566 2692 sena-

165 2702 320 2732 adversus
336 2704 465 2740 Nahin]
502 2703 567 2732 Hic
584 2703 774 2742 requirimus
792 2703 842 2734 Li-
888 2705 1089 2735 tnsconsulto
1106 2705 1281 2734 decretum.
1306 2704 1412 2735 ΟΜΝ.

169 2744 208 2774 vii
234 2744 443 2781 diligentiam.
490 2745 593 2785 Supra
617 2746 715 2782 enim,
731 2747 842 2777 xxxiii.
931 2756 950 2788 9
975 2749 1042 2777 Nos
1057 2749 1152 2787 aequi
1169 2747 1472 2787 bonique-favimus]
1508 2746 1566 2776 Di-

168 2795 218 2824 45.
235 2787 359 2825 scripsit
382 2787 568 2827 permissum
585 2788 680 2818 fuisse
696 2798 715 2818 a
731 2794 843 2819 senatu
889 2789 982 2819 cendi
1000 2790 1150 2826 formula,
1167 2800 1229 2828 qna
1246 2789 1317 2828 quis
1332 2789 1421 2826 dicit,
1442 2799 1475 2819 se
1499 2799 1565 2818 rem

168 2829 207 2860 T.
226 2830 395 2867 Quinctio,
417 2831 503 2869 quod
527 2831 568 2860 ad
592 2831 702 2861 Nabin
728 2832 842 2862 attinc-
890 2842 950 2861 non
966 2842 1076 2862 curare
1091 2833 1146 2862 sed
1160 2832 1271 2871 utique
1285 2831 1340 2861 alii
1354 2832 1566 2862 committere.

168 2876 226 2909 ret,
247 2873 377 2909 faceret,
399 2883 481 2912 quac
505 2883 522 2903 e
549 2873 715 2912 republica
739 2884 844 2904 cense-
889 2874 928 2904 cf.
943 2874 1011 2905 Cic.
1028 2875 1069 2904 ad
1088 2875 1154 2905 Aet.
1172 2874 1223 2906 vii.
1245 2883 1271 2913 7.
1296 2874 1369 2906 Ter.
1385 2874 1507 2904 licant.
1526 2874 1566 2906 iv.

168 2918 215 2945 ret
240 2924 316 2945 esse.
366 2915 464 2945 Unde
494 2915 600 2945 minus
631 2915 757 2955 proprie
781 2916 843 2946 dici
891 2925 920 2955 5.
937 2927 986 2954 40.
1012 2917 1137 2950 Rascn.

1263 2972 1287 3001 L
1311 2962 1334 3000 2
