1960 3218
539 154 666 197 LIB.
700 152 966 195 XXXVIII.
1015 152 1162 196 CAR
1196 157 1264 195 22.
1521 155 1602 194 341

170 262 315 304 apora,
347 256 395 289 ut
424 261 532 304 quae
563 260 794 301 nunquam,
827 244 907 285 nisi
936 244 978 285 in
1009 259 1165 300 pugna,
1197 243 1438 284 nudentur:
1472 243 1531 284 ita
1560 251 1603 283 et
1618 251 1661 283 U.
1680 252 1717 284 C.
1741 251 1812 292 563·

200 305 295 361 plus
316 304 530 361 sanguinis
551 319 574 345 e
596 303 730 344 multa,
755 318 878 343 earne
900 301 1167 351 fundebatur,
1191 310 1234 342 et
1254 301 1462 342 foediores
1484 310 1602 357 pate·
1615 295 1655 326 Α·
1680 295 1718 327 C·
1745 296 1813 336 189·

201 364 303 404 bant
323 363 482 419 plagae,
506 371 547 402 et
576 360 733 402 candor
759 375 981 416 corporum
1012 360 1142 415 magis
1173 359 1376 414 sanguine
1403 368 1492 399 atro
1514 374 1601 399 ma-

202 421 430 462 culabatur.
496 419 581 460 Sed
623 434 709 459 non
756 427 839 458 tam
883 417 1124 473 patentibus
1169 416 1303 472 plagis
1349 425 1598 457 moventur:

173 478 416 520 3interdum
445 478 604 518 insecta
634 485 744 525 cute,
778 475 846 516 ubi
882 475 1016 524 latior,
1044 489 1170 530 quam
1205 474 1338 523 altior,
1370 473 1492 529 plaga
1525 482 1600 524 est,

204 537 328 577 etiam
358 535 576 591 gloriosius
602 549 644 575 se
670 548 857 590 pugnare
880 541 1041 588 putant.
1106 532 1254 581 Iidem,
1278 546 1409 587 quum
1433 531 1603 572 aculeus

203 594 375 648 sagittae
413 602 485 633 aut
518 592 696 648 glandis,
734 591 900 632 abditae
937 591 1153 639 introrsus,
1192 590 1310 630 tenui
1346 589 1521 630 vulnere
1558 589 1603 629 in

203 651 386 707 speciem
420 651 516 699 urit,
552 659 592 691 et
626 658 869 698 scrutantes,
906 663 990 704 qua
1022 647 1217 697 evellant,
1253 647 1383 688 telum
1418 662 1503 687 non
1540 661 1604 687 se-

204 708 373 765 quitur3
408 718 511 758 tum,
536 708 578 748 in
600 708 757 748 rabiem
779 716 820 747 et
841 706 1047 763 pudorem
1071 717 1155 746 tam
1184 721 1334 761 parvae
1357 704 1604 761 perimentis

203 767 332 823 pestis
363 766 483 815 versi,
516 774 787 822 prosternunt
818 779 991 820 corpora
1022 763 1154 813 humi,
1186 764 1294 804 sicut
1324 763 1477 819 passim
1509 777 1605 818 pro-

205 825 464 865 cumberent,
545 823 646 872 Alii,
678 831 854 866 ‚ruentes
891 823 934 862 in
976 822 1152 871 hostem,
1192 821 1381 877 undique
1419 820 1605 876 confige-

204 882 383 923 bantur:
430 891 484 930 et,
520 897 651 937 quum
688 881 878 921 cominus
913 888 1128 928 venerant,
1165 879 1314 935 gladiis
1351 894 1375 919 a
1409 878 1605 919 velitibus

207 940 534 981 trucidabantur.
600 938 684 979 Hic·
710 938 829 979 miles
855 937 1103 994 tripedalem
1126 952 1310 993 parmam
1334 936 1472 985 habet,
1497 944 1538 976 et
1560 936 1604 975 in

207 998 354 1039 dextra
387 997 536 1046 hastas,
561 997 713 1053 quibus
742 996 906 1037 eminus
938 995 1078 1036 utitur.
1146 994 1301 1035 Gladio
1333 993 1606 1050 Hispaniensi

207 1065 269 1097 est
291 1056 479 1096 cinctus:
509 1054 623 1111 quod
645 1054 676 1095 si
699 1054 807 1110 pede
831 1053 980 1095 collato
1003 1052 1276 1109 pugnandum
1302 1062 1375 1101 est,
1395 1051 1604 1092 translatis

206 1113 251 1154 in
280 1113 439 1154 laevam
468 1113 608 1162 hastis,
632 1112 798 1166 stringit
826 1111 1025 1167 gladium.
1090 1110 1220 1151 Pauci
1248 1118 1494 1166 supererant
1522 1109 1605 1149 iam

210 1170 440 1212 Gallorum.
748 1166 751 1167 ⁷

207 1229 417 1278 viderunt,
441 1238 483 1269 et
513 1229 665 1269 instare
697 1228 912 1282 legionum
944 1227 1074 1281 sigua,
1098 1227 1228 1267 effusa
1253 1226 1352 1281 fuga
1380 1234 1513 1266 eastra
1540 1240 1605 1266 re-

207 1296 370 1343 petunt,
405 1286 568 1343 pavoris
602 1295 644 1327 ct
677 1285 881 1326 tumultus
918 1285 999 1325 iam
1031 1284 1180 1340 plena:
1223 1293 1267 1324 ut
1304 1284 1375 1325 ubi
1409 1283 1603 1332 feminae,

206 1345 425 1401 puerique,
448 1353 491 1385 et
518 1344 598 1384 alia
622 1343 801 1384 imbellis
824 1343 945 1383 turba
971 1342 1180 1398 permixta
1208 1351 1326 1382 esset.
1391 1341 1607 1382 Romanos

207 1403 384 1443 victores
424 1402 577 1443 deserti
617 1401 716 1457 fuga
755 1401 938 1441 hostium
980 1408 1235 1456 acceperunt
1275 1399 1438 1440 tumuli.
1521 1398 1607 1439 Sub

209 1459 321 1501 idem
345 1469 510 1515 tempus
533 1459 581 1500 L.
603 1459 791 1499 Bilanlius
813 1468 854 1499 et
880 1457 929 1499 C.
952 1458 1143 1507 Helvius,
1167 1473 1312 1514 quum,
1336 1457 1477 1513 quoad
1498 1456 1608 1497 viam

211 1517 336 1559 colles
372 1518 532 1573 obliqui
564 1517 786 1566 dederunt,
820 1516 1118 1564 escendissent,
1151 1525 1373 1572 postquam
1408 1515 1461 1556 ad
1498 1514 1611 1555 invia

211 1585 384 1617 ventum
402 1585 475 1624 est,
494 1576 648 1616 flexere
671 1575 749 1615 iter
771 1575 815 1614 in
836 1583 995 1630 partem
1019 1573 1185 1622 montis,
1204 1589 1311 1629 quae
1330 1588 1414 1613 una
1430 1573 1612 1613 habebat

212 1634 318 1682 iter,
351 1643 394 1674 et
424 1633 542 1689 sequi
572 1632 753 1674 consulis
784 1647 948 1687 agmen,
976 1631 1141 1672 modico
1171 1641 1347 1686 uterque
1377 1630 1609 1679 intervallo,

212 1691 328 1732 velut
349 1706 401 1732 ex
424 1691 668 1746 composito,
692 1700 947 1745 coeperunt:
977 1689 1091 1744 quod
1114 1689 1249 1744 primo
1271 1689 1475 1744 optimum
1499 1688 1612 1728 factu

212 1749 369 1798 fuisset,
392 1749 433 1789 in
462 1749 505 1789 id
528 1748 773 1789 necessitate
803 1748 891 1803 ipsa
920 1746 1135 1802 compulsi.
1203 1746 1397 1787 Subsidia
1425 1746 1538 1787 enim
1568 1745 1612 1785 in

214 1806 364 1848 talibus
390 1806 682 1862 iniquitatibus
713 1805 900 1846 locorum
934 1805 1117 1845 maximo
1144 1819 1267 1860 saepe
1294 1804 1387 1844 usui
1412 1804 1608 1844 fuerunt:

213 1874 274 1914 ut,
309 1864 452 1921 primis
484 1864 589 1905 sorte
624 1863 866 1913 deturbatis,
901 1862 1075 1903 secundi
1112 1872 1155 1903 et
1191 1872 1335 1918 tegant
1376 1861 1530 1917 pulsos,
1571 1870 1614 1902 et

214 1922 367 1978 integri
389 1937 575 1978 pugnam
597 1922 821 1977 excipiant.
888 1920 1062 1969 Consul,
1086 1929 1306 1976 postquam
1335 1920 1387 1960 ad
1415 1919 1611 1968 tumulos,

215 1981 266 2021 ab
289 1980 369 2021 levi
391 1990 599 2021 armatura
620 1989 775 2035 captos,
793 1979 928 2035 prima
944 1979 1063 2034 signa
1079 1978 1293 2033 legionum
1315 1985 1612 2033 pervenerunt,

216 2037 416 2094 respirare
449 2047 492 2078 et
523 2038 818 2093 conquiescere
850 2036 1078 2092 paullisper
1108 2035 1285 2076 militem
1312 2036 1455 2084 iubet3
1489 2035 1613 2075 simul

217 2104 344 2136 Strata
370 2110 445 2151 per
472 2094 654 2135 tumulos
683 2110 856 2150 corpora
881 2093 1099 2134 Gallorum
1122 2102 1329 2133 ostentat:
1365 2102 1419 2142 et,
1454 2099 1465 2116 ‘
1482 2107 1614 2148 quum

219 2158 231 2176 ‘
247 2152 348 2194 levis
376 2162 584 2193 armatura
606 2152 686 2192 tale
710 2151 915 2208 proelium
938 2151 1129 2200 ediderit,
1153 2150 1257 2206 quid
1286 2151 1336 2191 ab
1362 2150 1612 2206 legionibus,

187 2216 230 2252 4‘
247 2209 351 2266 quid
368 2211 419 2251 ab
436 2210 553 2250 iustis
570 2209 705 2258 armis,
725 2209 828 2264 quid
850 2209 900 2249 ab
923 2209 1072 2249 animis
1092 2208 1409 2249 fortissimorum
1434 2207 1614 2249 militum

219 2274 231 2292 ‘
248 2268 514 2323 exspectari?
578 2267 726 2308 Castra
754 2266 832 2306 illis
861 2266 1067 2322 capienda
1094 2281 1195 2315 esse,
1220 2266 1262 2306 in
1289 2281 1396 2321 quae
1425 2265 1615 2321 compul—

221 2332 232 2350 ‘
249 2341 317 2366 sus
346 2326 396 2366 ab
420 2325 499 2366 levi
529 2334 737 2365 armatura
765 2324 895 2365 hostis
924 2323 1132 2379 trepidet.’
1191 2323 1450 2364 Praecedere
1473 2333 1616 2364 tamen

220 2384 337 2425 iubet
366 2383 502 2424 levem
533 2392 809 2424 armaturam:
845 2397 966 2438 quae,
989 2396 1120 2437 quum
1153 2390 1282 2422 staret
1310 2396 1473 2437 agmen,
1501 2380 1618 2422 colli-

268 2552 284 2572 2
307 2544 348 2574 Ut
360 2554 441 2583 qnae
454 2554 631 2583 nunquam,
646 2543 707 2572 nisi
725 2544 758 2572 in
769 2553 895 2582 passum,

224 2586 405 2623 nudentur]
442 2586 544 2615 Notat
576 2586 625 2615 his
653 2585 755 2615 verbis
788 2585 897 2614 Livius

225 2627 440 2657 diversitatem
456 2638 474 2657 a
487 2628 719 2658 consuetudine
734 2629 896 2657 Romano-

225 2679 294 2699 rum
322 2674 354 2699 et
382 2670 590 2707 Graecorum,
617 2671 705 2709 apud
733 2680 813 2709 quos
840 2671 897 2700 fre-

225 2712 441 2752 quensbalnei
453 2717 483 2742 et
499 2713 676 2751 palaestrae
691 2723 773 2742 usus.
791 2714 896 2743 Ciu-:v¹

271 2765 287 2793 3
312 2756 438 2785 [mecm
462 2756 549 2791 ente]
588 2756 680 2785 Intus
703 2759 789 2785 secta
815 2760 897 2784 cute.

228 2797 295 2837 Ipsi
319 2803 427 2827 secant
453 2802 572 2833 cutem,
591 2797 657 2834 ubi,
675 2797 785 2827 latiore
802 2807 898 2836 quain

227 2839 432 2880 profundiore
471 2840 576 2878 plaga,
607 2849 678 2878 spes
716 2844 763 2869 est
801 2840 896 2869 evelli

228 2893 319 2922 posse
356 2883 455 2913 telum
496 2892 559 2920 quo
600 2882 755 2911 vulnerati
800 2886 894 2912 sunt:

227 2929 324 2965 atque
348 2925 392 2956 sic
415 2924 558 2955 dilatatis
579 2923 691 2964 plagii-z,
713 2934 750 2954 eo
775 2934 808 2954 se
832 2924 897 2963 glo-

942 2541 1054 2571 riosius
1092 2552 1234 2581 pugnare
1270 2544 1399 2581 putant,
1431 2541 1514 2571 latas
1547 2541 1620 2571 illas

942 2585 1064 2623 plaga&
1080 2588 1234 2623 tanquam
1258 2584 1391 2623 pignora
1413 2584 1619 2621 fortitudinis,

943 2631 1150 2657 ostentantes.
1176 2627 1282 2657 Cizici:

989 2681 1007 2707 4
1032 2671 1118 2707 Quid
1155 2671 1194 2699 ab
1232 2671 1325 2700 iustis
1363 2671 1477 2708 armis]
1525 2671 1619 2699 Iusta

943 2723 1046 2748 arma,
1070 2712 1136 2742 sive
1154 2711 1273 2742 milites
1290 2712 1489 2751 legionarios,
1506 2711 1618 2741 militi-

944 2756 1003 2783 bus
1013 2756 1090 2784 levis
1101 2760 1290 2785 arnmtnrae
1303 2755 1332 2785 h.
1346 2755 1365 2784 l.
1380 2754 1499 2793 opponi
1513 2758 1620 2784 censet

948 2797 1113 2827 Drakcnb.
1131 2798 1184 2827 sed
1207 2797 1293 2827 haud
1316 2797 1379 2827 seio
1399 2808 1439 2826 an
1457 2797 1564 2836 potius
1579 2796 1621 2825 ad

944 2840 1173 2878 praecedentes
1191 2850 1283 2870 voees
1306 2841 1369 2870 tale
1387 2840 1559 2879 proelium,
1577 2849 1619 2868 sc.

942 2892 961 2911 a
989 2882 1050 2912 levi
1078 2886 1241 2912 armatura
1267 2882 1402 2918 editum,
1431 2881 1548 2912 rectius
1575 2891 1622 2910 re-

943 2924 1074 2955 feratur.

508 1171 608 1220 Qui,
631 1179 852 1226 postquam
885 1170 936 1210 ab
963 1169 1045 1210 levi
1077 1178 1287 1209 armatura
1316 1176 1532 1224 superatos
1562 1181 1604 1207 se
1620 1172 1820 1212 Effusafuga

769 1228 776 1234 -
1619 1220 1818 1255 castrarepe-

1618 1262 1701 1290 tunt.

1685 1397 1752 1434 22.
