1960 3218
139 237 185 269 U.
203 238 241 269 C.
264 246 338 278 557.

139 281 179 312 A.
204 282 243 313 C.
268 290 336 322 195.

140 644 252 675 Socios
267 645 308 675 ad

140 697 254 726 pacem
267 688 338 720 hor-

139 734 235 761 tatur.

207 1568 273 1605 34.

352 144 432 182 158
866 141 1016 184 TITI
1059 141 1238 183 LIVII

350 232 559 273 sententia
576 240 686 274 erat:
723 232 1108 274 ‘Perseverandum
1132 233 1174 273 in
1199 233 1310 274 bello
1332 249 1433 283 esse,
1452 242 1495 275 ct
1517 233 1750 274 tollendum

352 296 631 347 ‘tyrannum:
675 306 893 346 nunquam
936 291 1057 332 aliter
1098 300 1231 332 tutam
1272 291 1509 333 libertatem
1546 290 1749 332 Graeciae

353 348 479 389 ‘fore.
545 347 682 389 Satius
715 348 848 389 multo
879 349 1018 399 fuisse,
1052 364 1137 389 non
1170 349 1329 390 moveri
1360 349 1517 390 bellum
1553 349 1750 390 adversus

353 412 488 454 ‘eum,
522 421 648 461 quam
681 406 818 447 omitti
849 416 1022 448 motum.
1087 406 1143 447 Et
1173 407 1311 462 ipsum
1339 407 1454 448 velut
1482 407 1752 463 comprobata

352 464 667 505 ‘dominatione
699 464 927 505 firmiorem
968 464 1166 513 futurum,
1199 474 1368 505 auctore
1405 464 1550 505 iniusti
1584 464 1750 520 imperii

353 527 590 577 ‘assumpto
623 521 781 577 populo
816 522 1036 571 Romano:
1080 531 1122 563 et
1155 522 1367 578 extemplo
1400 522 1553 563 multos
1584 522 1626 562 in
1659 521 1751 562 aliis

352 584 364 604 ‘
379 579 616 620 civitatibus
638 580 691 620 ad
713 579 999 620 insidiandum
1025 580 1209 621 libertati
1230 580 1385 621 civium
1411 595 1580 620 suorum
1602 579 1751 620 incita-

354 637 547 678 ‘turun].'
608 637 744 693 Ipsius
776 637 1038 693 imperatoris
1067 638 1230 678 animus
1259 638 1312 678 ad
1339 653 1486 694 pacem
1513 637 1752 678 inclinatior

351 704 450 736 era-t.
514 694 699 736 Videbat
730 695 856 745 enim,
891 695 1106 751 compulso
1137 696 1246 736 intra
1282 696 1447 736 moenia
1479 695 1610 744 hoste,
1643 693 1751 734 nihil

350 759 516 809 praeter
544 752 805 794 obsidionem
835 762 1000 794 restare.
1066 752 1171 794 Eam
1203 762 1342 794 autem
1376 753 1462 795 fore
1493 753 1747 793 diuturnam.

352 816 364 834 ‘
378 810 480 851 Non
501 810 613 851 enim
635 810 856 867 Gythium,
881 810 996 865 quod
1017 810 1153 866 ipsum
1175 819 1315 851 tamen
1338 811 1551 859 traditum,
1570 825 1655 851 non
1677 825 1751 851 ex-

353 875 610 924 ‘pugnatum
634 877 754 917 esset,
777 868 851 908 scd
877 868 1256 918 Lacedaemonem,
1279 868 1574 909 validissimam
1602 868 1750 909 urbem

353 932 363 950 ⁶
379 926 474 966 viris
495 926 718 981 armisque,
742 934 1068 981 oppugnaturos,
1133 925 1276 966 Unam
1305 941 1421 982 spem
1450 926 1588 975 fnisse,
1611 925 1644 966 si
1667 941 1751 981 qua

353 983 698 1024 ‘admoventibus
732 984 963 1024 exercitum
1000 983 1202 1024 dissensio
1236 983 1347 1024 inter
1376 983 1486 1039 ipsos
1523 998 1569 1024 ac
1600 983 1750 1024 seditio

353 1047 365 1065 ‘
381 1041 553 1082 excitari
579 1051 728 1097 posset.
796 1041 940 1089 Quum
971 1041 1087 1097 signa
1116 1041 1246 1097 portis
1273 1056 1402 1097 prope
1432 1041 1576 1081 inferri
1604 1056 1751 1082 cerne-

353 1105 365 1124 ‘
377 1108 483 1148 rent,
502 1099 715 1140 neminem
739 1114 781 1140 se
800 1099 1001 1140 movisse.'
1062 1099 1317 1148 Adiiciebat,
1338 1105 1347 1122 ‘
1362 1109 1404 1139 et
1421 1114 1515 1140 cum
1535 1098 1750 1139 Antiocho

353 1157 550 1198 ‘infidam
569 1172 728 1212 pacem,
748 1156 923 1197 Villium
942 1157 1127 1212 legatum
1149 1156 1247 1197 inde
1269 1156 1517 1197 redeuntem
1534 1157 1749 1197 nuntiare:

353 1221 365 1240 ‘
379 1215 510 1256 multo
532 1215 770 1264 maioribus,
794 1230 918 1270 quam
942 1224 1052 1264 ante,
1076 1214 1338 1255 terrestribus
1360 1214 1658 1269 navalibusque
1681 1229 1751 1255 co-

353 1279 365 1297 ‘
410 1273 457 1313 iis
490 1273 534 1313 in
576 1272 789 1328 Europam
824 1288 920 1313 eum
958 1272 1163 1314 transisse.
1230 1271 1273 1313 Si
1310 1281 1553 1328 occupasset
1589 1271 1750 1312 obsidio

354 1288 711 1372 ‘Eacedaemonis
737 1331 984 1380 exercitum,
1008 1330 1160 1386 quibus
1188 1329 1279 1370 aliis
1309 1330 1439 1385 copiis
1468 1329 1664 1370 adversus
1685 1344 1749 1371 re·

354 1394 474 1444 ‘gem
507 1397 590 1431 tam
622 1388 806 1429 validum
839 1404 886 1429 ac
917 1397 1134 1444 potentem
1168 1387 1322 1428 bellum
1355 1387 1594 1443 gesturos‘?'
1631 1386 1750 1427 Haec

352 1446 565 1503 propalam
590 1446 777 1487 dicebat:
812 1446 883 1486 illa
905 1447 1031 1487 tacita
1051 1446 1219 1486 suberat
1240 1460 1350 1494 cura,
1374 1460 1427 1486 ne
1449 1460 1583 1485 novus
1604 1444 1750 1485 consul

357 1504 578 1545 Graeciam
612 1504 870 1559 provinciam
902 1504 1129 1553 sortiretur,
1163 1512 1205 1544 et
1235 1503 1419 1544 inchoati
1449 1502 1549 1543 belli
1579 1502 1753 1544 victoria

354 1562 579 1603 successori
603 1561 804 1602 tradenda
828 1571 945 1603 essct.
1013 1561 1158 1610 Quum
1185 1561 1380 1602 adversus
1409 1560 1624 1601 tendendo
1645 1559 1752 1600 nihil

353 1628 540 1660 moveret
561 1619 705 1668 socios,
729 1619 964 1660 simulando
987 1635 1028 1660 se
1056 1619 1228 1660 transire
1252 1619 1294 1659 in
1317 1633 1461 1659 eorum
1483 1617 1750 1666 sententiam,

354 1693 499 1719 omnes
530 1678 574 1717 in
605 1692 817 1718 assensum
856 1677 1019 1718 consilii
1050 1677 1114 1718 sui
1146 1676 1344 1717 traduxit.
1410 1675 1556 1717 ‘Bene
1592 1675 1752 1725 vertat,’

353 1736 505 1790 inquit,
546 1735 741 1790 ‘qnando
782 1736 840 1775 ita
875 1735 1025 1791 placet,
1064 1734 1328 1775 obsideamus
1370 1733 1748 1775 Lacedaemonem.

355 1798 367 1816 ‘
381 1793 491 1833 Illud
518 1793 643 1834 modo
672 1808 725 1833 ne
752 1792 865 1833 fallat
886 1802 1086 1841 ceterum,
1110 1807 1241 1847 quum
1270 1807 1335 1832 res
1361 1801 1444 1832 tam
1474 1791 1599 1840 lenta,
1623 1805 1751 1846 quam

355 1851 461 1906 ‘ipsi
495 1850 620 1900 scitis,
653 1851 912 1906 oppugnatio
946 1850 1112 1891 urbium
1145 1850 1209 1899 sit,
1242 1858 1284 1890 et
1317 1849 1606 1890 obsidentibus
1636 1848 1751 1904 prius

356 1914 516 1964 ‘saepe‚
547 1923 674 1964 qnam
705 1908 893 1957 obsessis,
927 1908 1113 1948 taedium
1144 1908 1300 1956 afferat,
1328 1907 1411 1947 iam
1439 1921 1552 1947 nunc
1584 1906 1663 1947 hoc
1694 1906 1753 1946 ita

356 1972 614 2022 ‘proponere
645 1981 717 2007 vos
749 1966 898 2006 animis
929 1974 1106 2022 oportet,
1138 1965 1449 2006 hibernandum
1481 1964 1590 2005 circa
1618 1963 1752 2004 Lace-

356 2024 596 2065 ‘daemonis
618 2023 784 2064 moenia
809 2038 909 2064 csse.
977 2024 1098 2071 Quae
1122 2038 1237 2064 mora
1257 2023 1290 2063 si
1312 2022 1495 2063 laborem
1517 2030 1682 2062 tantum
1704 2036 1751 2062 ac

356 2082 613 2137 ‘periculum
642 2081 827 2130 haberet,
861 2090 907 2122 ut
938 2090 980 2122 et
1010 2081 1172 2129 animis,
1203 2088 1245 2121 et
1273 2080 1515 2136 corporibus
1546 2079 1599 2120 ad
1629 2078 1752 2120 susti-

356 2139 523 2180 ‘nenda
562 2154 612 2180 ea
652 2139 785 2194 parati
826 2139 981 2188 essetis,
1019 2139 1206 2179 hortarer
1244 2153 1328 2179 vos.
1393 2137 1522 2178 Nunc
1562 2137 1753 2192 impensa

356 2202 550 2252 ‘quoque
584 2212 736 2252 magna
766 2205 862 2252 eget
892 2197 936 2236 in
970 2211 1107 2252 opera,
1140 2196 1183 2236 in
1216 2195 1559 2244 machinationes,
1591 2203 1632 2235 et
1670 2202 1751 2235 tor-

356 2259 535 2304 ‘menta‚
560 2254 713 2310 quibus
742 2263 857 2294 tanta
880 2255 976 2295 urbs
1004 2253 1288 2310 oppugnanda
1309 2261 1394 2301 est3
1429 2252 1473 2292 in
1495 2259 1752 2292 commeatus

356 2312 500 2352 ‘vobis
529 2312 734 2367 nobisque
764 2312 807 2351 in
836 2311 1019 2352 hiemem
1046 2310 1344 2366 expediendos.
1407 2309 1570 2364 Itaque,
1598 2323 1650 2349 ne
1680 2317 1752 2350 aut

356 2375 367 2392 ‘
382 2378 555 2425 repente
579 2369 809 2425 trepidetis,
832 2378 904 2409 aut
932 2384 1018 2409 ren]
1042 2368 1280 2409 inchoatam
1306 2367 1483 2422 turpiter
1503 2366 1750 2415 destituatis,

357 2427 650 2467 ‘scribendum
679 2436 776 2467 ante
802 2427 948 2467 vestris
974 2426 1212 2466 civitatibus
1240 2440 1403 2473 censeo,
1427 2423 1754 2479 explorandum-

358 2489 479 2539 ‘que,
503 2484 606 2539 quid
635 2499 827 2540 quaeque
857 2482 1000 2533 animi,
1023 2483 1126 2538 quid
1154 2482 1303 2523 virium
1330 2481 1491 2522 habeat.
1555 2480 1752 2521 Auxilio-

359 2547 474 2581 ‘rnm
497 2542 594 2581 satis
622 2556 829 2596 superque
852 2541 1008 2582 habco:
1043 2540 1130 2589 scd,
1158 2555 1242 2595 quo
1272 2539 1410 2595 plures
1436 2554 1591 2588 sumuS,
1621 2538 1752 2594 pluri-

358 2599 459 2638 ‘bus
493 2599 616 2639 rebus
649 2599 876 2654 egebimus.
941 2597 1063 2638 Nihil
1103 2598 1185 2638 iam
1220 2605 1384 2652 practer
1419 2596 1582 2637 nudum
1618 2595 1752 2637 solum

359 2661 370 2679 ⁶
386 2670 484 2711 ager
514 2655 695 2696 hostium
720 2655 855 2696 habet.
921 2655 992 2695 Ad
1017 2655 1096 2695 hoc
1124 2655 1258 2695 hiems
1283 2653 1457 2703 accedit,
1481 2653 1534 2694 ad
1561 2668 1753 2709 compor-

360 2713 562 2754 ‘tandum
604 2728 657 2753 cx
698 2713 930 2768 longinquo
971 2712 1176 2753 difficilis?
1238 2711 1357 2752 Ilaec
1398 2712 1529 2752 oratio
1570 2711 1752 2766 primum

359 2771 519 2811 animos
541 2770 728 2810 omnium
752 2771 804 2810 ad
827 2770 1087 2825 respicienda
1109 2770 1261 2824 cuique
1279 2769 1508 2810 domestica
1524 2768 1631 2809 mala
1653 2783 1752 2808 con-

358 2828 504 2869 vertit:
539 2828 772 2883 segnitiam,
790 2827 989 2868 invidiam
1007 2836 1050 2868 ct
1071 2827 1418 2869 obtrectationem
1441 2826 1555 2868 domi
1577 2840 1752 2867 manen-
