1960 3218
151 233 195 264 U.
213 233 251 264 C.
274 233 346 273 558.

148 277 188 308 A.
212 277 251 308 C.
277 285 347 317 194.

211 322 279 360 50.

148 698 245 731 Cives
261 699 328 730 Ro-

147 742 236 773 mani
252 742 309 782 qui

147 785 330 816 serviebant

147 829 236 867 apud
248 828 347 859 Grae-

148 881 202 902 cos
211 871 347 902 liberati.

148 1327 338 1360 Acrocorin-

148 1372 236 1410 thus,
249 1372 347 1404 Chal-

149 1414 206 1452 cis,
223 1418 255 1445 et
272 1415 338 1445 De-

150 1457 280 1488 metrias
296 1457 332 1488 li-

149 1501 290 1532 beratae.

364 134 446 175 170
882 132 1032 174 ΤΙΤΙ
1069 131 1249 174 LIVII

361 222 451 264 Has
472 222 588 264 velut
615 223 801 280 parentis
829 238 952 265 voces
974 238 1106 280 quum
1135 223 1343 273 audirent,
1366 238 1534 264 manare
1564 222 1759 264 omnibus

358 281 514 337 gaudio
545 281 754 331 lacrimae,
785 281 891 323 adeo
921 290 967 323 ut
994 282 1133 337 ipsum
1161 296 1331 337 quoque
1360 280 1668 322 confunderent
1695 280 1760 321 di-

359 348 538 381 centem.
602 338 838 396 Paullisper
866 339 1056 380 fremitus
1077 339 1402 395 approbantium
1423 338 1536 380 dicta
1556 338 1648 387 fuit,
1670 353 1759 379 mo-

359 397 639 453 nentiumque
669 397 845 439 aliorum
874 397 989 447 alios,
1013 406 1060 438 ut
1081 412 1151 438 eas
1171 412 1306 447 voces,
1328 396 1443 438 velut
1472 395 1639 437 oraculo
1660 395 1760 436 mis-

359 470 435 505 sas,
468 455 511 495 in
552 463 723 511 pectora
758 455 1004 511 animosque
1039 454 1323 496 demitterent.
1388 454 1565 496 Silentio
1602 453 1757 495 deinde

358 513 482 562 facto,
512 513 636 569 petiit
663 513 714 554 ab
746 513 807 563 iis,
837 521 885 554 ut
913 514 1024 554 cives
1053 512 1281 563 Romanos,
1309 512 1343 554 si
1371 512 1445 568 qui
1473 511 1587 568 apud
1614 526 1685 552 eos
1713 511 1759 552 in

359 571 559 612 servitute
583 579 734 620 essent,
757 570 1016 626 conquisitos
1032 570 1143 611 intra
1160 570 1266 612 duos
1287 585 1451 612 menses
1472 569 1689 611 mitterent
1704 568 1760 610 ad

359 644 402 670 se
439 629 483 669 in
517 628 790 670 Thessaliam.
855 628 953 669 ‘Ne
988 628 1086 685 ipsis
1117 628 1291 684 quidem
1322 628 1547 669 honestum
1579 642 1681 677 esse,
1713 627 1758 668 in

361 686 562 728 ‘liberata
592 695 702 728 terra
732 686 974 728 liberatores
1005 687 1094 727 eius
1125 686 1306 728 servire.>
1367 685 1528 727 Omnes
1558 684 1760 726 acclama-

360 753 470 795 runt,
496 744 674 800 ‘gratias
695 759 737 785 se
767 744 879 785 inter
899 753 1040 785 cetera
1059 744 1186 785 etiam
1209 745 1261 785 ob
1286 744 1367 785 hoc
1389 758 1525 798 agere,
1549 741 1665 799 quod
1685 741 1760 783 ad-

361 802 536 844 ‘moniti
559 810 711 852 essent,
734 811 781 843 ut
803 810 887 843 tam
908 802 992 858 pio,
1016 810 1102 843 tam
1124 802 1357 843 necessario
1379 801 1516 843 officio
1532 801 1760 856 fungeren-

362 861 480 902 ‘tur.'
541 859 697 916 Ingens
723 874 924 900 numerus
953 868 1042 900 erat
1069 859 1180 900 bello
1208 859 1373 900 Punico
1398 866 1630 915 captorum,
1653 872 1759 914 quos

360 917 591 967 Hannibal,
622 932 754 973 quum
786 932 810 958 a
840 917 924 958 suis
954 932 1043 958 non
1073 917 1394 966 redimerentur,
1426 915 1756 958 venundederat.

360 975 654 1017 Multitudinis
675 990 821 1016 eorum
843 983 1138 1032 argumentum
1156 974 1222 1024 sit,
1240 974 1357 1030 quod
1378 973 1581 1031 Polybius
1602 973 1758 1023 scribit,

358 1042 530 1076 centum
551 1032 718 1074 talentis
735 1048 827 1074 eam
845 1048 934 1074 rem
949 1033 1134 1074 Achaeis
1155 1032 1315 1074 stetisse
1331 1048 1340 1073 :
1374 1047 1504 1088 quum
1523 1031 1759 1087 quingenos

358 1091 551 1134 denarios
571 1091 754 1147 pretium
776 1091 820 1132 in
841 1090 991 1147 capita,
1010 1090 1126 1147 quod
1146 1089 1394 1131 redderetur
1413 1089 1607 1139 dominis,
1630 1097 1760 1130 statu-

358 1150 498 1191 issent.
562 1148 685 1190 Mille
727 1149 842 1190 enim
875 1148 1080 1190 ducentos
1116 1164 1165 1190 ea
1197 1148 1359 1189 ratione
1394 1147 1559 1189 Achaia
1597 1146 1756 1188 habuit.

361 1207 512 1249 Adiice
535 1222 648 1248 nunc
669 1222 745 1264 pro
773 1206 980 1263 portione,
1003 1214 1108 1263 quot
1135 1205 1359 1248 verisimile
1387 1206 1440 1247 sit
1470 1213 1599 1247 totam
1625 1203 1759 1246 Grae—

359 1266 467 1307 ciam
489 1265 694 1306 habuisse.

418 1322 623 1364 Nondum
646 1331 878 1364 conventus
899 1322 1093 1363 dimissus
1114 1329 1215 1372 erat,
1234 1337 1366 1378 quum
1387 1320 1619 1377 respiciunt
1638 1334 1758 1376 prae-

359 1381 526 1431 sidium,
559 1381 610 1423 ab
648 1380 958 1422 Acrocorintho
989 1379 1263 1429 descendens,
1295 1379 1487 1435 protinus
1515 1377 1569 1419 ad
1593 1387 1757 1434 portam

359 1439 457 1481 duci
480 1447 605 1494 atque
628 1439 753 1480 abire.
821 1438 1014 1486 Quorum
1036 1453 1188 1494 agmen
1209 1438 1438 1493 imperator
1458 1444 1638 1485 secutus,
1660 1450 1758 1491 pro-

359 1497 633 1554 sequentibus
663 1496 837 1546 cunctis,
867 1505 1118 1537 servatorem
1145 1495 1498 1550 liberatoremque
1527 1492 1759 1534 acclaman-

359 1556 483 1605 tibus,
500 1554 687 1595 salutatis
709 1554 971 1610 dimissisque
995 1553 1058 1603 iis,
1081 1553 1241 1603 cadem,
1261 1568 1344 1609 qua
1363 1560 1549 1601 venerat,
1570 1551 1638 1592 via
1659 1550 1758 1592 Ela-

361 1613 461 1655 tiam
484 1612 621 1654 rediit.
684 1611 791 1653 Inde
814 1627 911 1652 cum
928 1611 1122 1652 omnibus
1139 1611 1269 1667 copiis
1291 1610 1374 1667 Ap.
1393 1609 1623 1652 Claudium
1644 1608 1757 1665 lega-

361 1680 452 1713 tum
473 1670 659 1711 dimittit.
722 1669 805 1711 Per
832 1669 1094 1710 Thessaliam
1123 1677 1250 1725 atque
1274 1668 1452 1725 Epirum
1481 1667 1636 1708 ducere
1661 1666 1758 1708 Ori-

361 1744 457 1771 cum
485 1729 614 1777 iubet,
645 1735 771 1783 atque
800 1727 859 1767 ibi
887 1742 929 1768 se
959 1727 1164 1783 opperiri:
1199 1726 1297 1767 inde
1330 1741 1513 1781 namque
1546 1725 1590 1765 in
1616 1724 1757 1766 animo

362 1802 463 1836 esse,
487 1786 721 1827 exercitum
738 1785 780 1825 in
804 1784 968 1826 Italiam
991 1785 1192 1825 traiicere.
1257 1783 1313 1824 Et
1329 1783 1379 1824 L.
1403 1783 1606 1831 Quinctio
1627 1782 1756 1832 fratri,

362 1844 500 1900 legato
533 1852 575 1884 et
611 1843 821 1899 praefecto
854 1842 1005 1891 classis,
1043 1842 1197 1892 scribit,
1231 1849 1278 1882 ut
1313 1840 1521 1882 onerarias
1557 1855 1610 1880 ex
1641 1840 1757 1880 omni

366 1902 569 1943 Graeciae
592 1917 663 1942 ora
683 1900 833 1942 eodem
851 1899 1128 1941 contraheret.
1192 1898 1302 1955 Ipse,
1322 1897 1572 1939 Chalcidem
1594 1897 1757 1954 profec-

363 1969 442 2010 tus,
474 1959 667 2001 deductis
703 1973 789 1999 non
820 1973 844 1998 a
877 1957 1081 1999 Chalcide
1113 1956 1261 2006 solum,
1294 1956 1368 1997 sed
1399 1956 1526 1997 etiam
1557 1956 1608 1997 ab
1643 1955 1756 1997 Oreo

362 2027 489 2074 atque
520 2017 696 2066 Eretria,
719 2015 948 2072 praesidiis,
972 2024 1227 2056 conventum
1256 2014 1314 2055 ibi
1344 2013 1627 2055 Euboicarum
1655 2013 1758 2054 civi-

363 2076 511 2117 tatium
537 2074 710 2117 habuit:
745 2073 1121 2129 commonitosque,
1148 2073 1192 2113 in
1218 2088 1303 2128 quo
1334 2081 1443 2113 statu
1474 2086 1613 2112 rerum
1639 2086 1757 2113 acce-

362 2134 490 2190 pisset
519 2149 602 2182 eos,
635 2141 678 2173 et
708 2132 752 2172 in
785 2147 870 2188 quo
902 2130 1173 2187 relinqueret,
1206 2130 1374 2171 dimisit.
1438 2129 1757 2170 Demetriadem

362 2192 461 2233 inde
502 2190 802 2248 proficiscitur:
847 2188 1117 2244 deductoque
1158 2188 1366 2244 praesidio
1407 2186 1756 2243 prosequentibus

363 2249 538 2298 cunctis,
556 2249 663 2290 sicut
682 2246 879 2289 Corinthi
893 2255 935 2287 et
954 2246 1172 2295 Chalcide,
1190 2246 1326 2301 pergit
1342 2246 1401 2286 ire
1419 2246 1463 2285 in
1477 2243 1753 2286 Thessaliam:

363 2307 436 2348 ubi
457 2323 542 2348 non
564 2305 803 2347 liberandae
821 2304 947 2345 modo
969 2304 1156 2345 civitates
1174 2313 1305 2352 erant,
1321 2303 1394 2344 sed
1415 2317 1468 2343 cx
1490 2301 1605 2342 omni
1626 2300 1756 2342 collu-

363 2365 485 2406 vione
517 2373 560 2405 et
589 2363 832 2404 confusione
864 2362 907 2402 in
938 2361 1122 2417 aliquam
1154 2360 1411 2402 tolerabilem
1442 2359 1617 2400 formam
1646 2358 1757 2399 redi-

362 2422 536 2477 gendae.
601 2421 694 2462 Nec
716 2420 829 2461 enim
859 2428 1095 2475 temporum
1117 2418 1243 2459 modo
1266 2418 1388 2467 vitiis,
1411 2433 1458 2458 ac
1479 2416 1690 2466 violentia,
1713 2424 1756 2457 et

363 2479 532 2521 licentia
564 2479 678 2535 regia
714 2477 868 2519 turbati
904 2485 1047 2517 erant:
1091 2475 1164 2516 sed
1197 2475 1387 2531 inquieto
1423 2474 1549 2515 etiam
1586 2474 1757 2529 ingenio

363 2537 513 2593 gentis,
543 2552 621 2577 1100
650 2535 830 2584 comitia,
854 2550 932 2575 1100
960 2542 1229 2582 conventum,
1251 2547 1329 2573 1100
1355 2531 1580 2573 concilium
1608 2531 1755 2581 ullum,

365 2610 451 2635 non
479 2609 553 2650 per
574 2593 823 2634 seditionem
845 2607 892 2632 ac
914 2591 1155 2639 tumultum,
1178 2591 1260 2631 iam
1289 2589 1388 2630 inde
1418 2604 1441 2629 a
1469 2589 1675 2645 principio
1703 2589 1756 2629 ad
1774 2618 1788 2625 -

367 2661 549 2692 nostram
571 2666 703 2707 usquc
732 2658 926 2698 aetatem,
950 2648 1217 2689 traducentis.
1283 2647 1323 2687 A
1350 2662 1478 2687 censu
1507 2647 1688 2687 maxime
1714 2655 1757 2687 et

367 2718 556 2751 senatum
598 2718 641 2749 ct
681 2707 841 2748 iudices
881 2706 1008 2762 legit:
1053 2705 1420 2761 potentioremque
1462 2719 1553 2745 cam
1595 2712 1757 2760 partem

414 2832 423 2852 1
450 2823 534 2852 Eam
556 2821 639 2858 rem]
676 2818 947 2857 Redemptionem
974 2818 1037 2849 Ro-
1083 2816 1199 2856 centis]
1236 2816 1255 2846 i.
1278 2827 1304 2847 0.
1329 2816 1405 2847 Sine
1432 2816 1598 2848 seditione.
1650 2816 1757 2856 Vulgo

366 2875 534 2896 manorum
550 2863 768 2895 servientium.
792 2862 918 2892 lust-11.
1085 2859 1200 2900 legitur
1214 2861 1425 2891 traducentes.

412 2918 426 2937 Ἰι
452 2909 527 2938 Non
549 2918 609 2947 per
631 2906 814 2937 seditionem
831 2929 837 2936 .
856 2928 861 2935 .
880 2928 887 2935 .
906 2928 912 2935 .
930 2904 1038 2934 [ratla-
