1960 3218
547 146 673 189 LIB.
707 146 926 189 XXXIV.
972 145 1120 188 CAP.
1153 150 1222 188 49.
1510 147 1591 187 169

193 240 397 282 Romanis
425 239 609 281 amicitia
636 254 734 280 cum
758 238 1020 281 Graecorum
1041 246 1180 295 gente,
1204 245 1248 279 et
1275 236 1589 293 imperatorum,
1606 246 1651 280 U.
1667 247 1706 280 C.
1730 246 1804 288 558.

193 299 267 354 qui
302 307 399 340 ante
434 313 477 339 se
513 298 559 338 in
590 297 846 338 Macedonia
873 297 1063 347 fuissent,
1095 296 1265 352 suisque
1296 295 1420 336 rebus
1450 294 1589 351 gestis.
1604 292 1645 323 A.
1660 292 1708 339 ‚C·
1732 300 1803 332 194·

1604 344 1763 365 melorum

195 356 353 398 Omnia
368 371 464 397 cum
483 355 784 412 approbatione
798 355 963 411 ingenti
976 362 1075 396 sunt
1095 353 1238 395 audita
1254 369 1264 403 3
1297 361 1591 417 praeterquam
1605 378 1737 418 legatos.

194 429 325 470 quum
366 413 420 454 ad
459 413 719 454 mentionem
756 412 937 454 Nabidis
971 422 1147 454 ventum
1181 419 1302 460 esset,
1336 410 1382 451 id
1417 411 1590 451 minime

193 471 448 513 conveniens
484 471 678 512 liberanti
712 470 936 512 Graeciam
965 470 1199 520 videbatur,
1232 478 1459 526 tyrannum
1497 467 1595 509 reli-

194 530 346 585 quisse,
368 544 455 570 non
484 543 582 570 suae
605 528 739 570 solum
767 529 925 585 patriae
954 543 1137 585 gravem,
1160 527 1235 569 sed
1260 526 1455 568 omnibus
1484 526 1594 567 circa

193 587 432 628 civitatibus
459 586 750 636 metuendum,
779 586 1025 628 haerentem
1052 586 1279 627 visceribus
1309 583 1591 626 nobilissimae

193 645 383 686 civitatis.
447 644 541 686 Nec
563 644 732 701 ignarus
753 644 877 685 huius
898 644 1067 685 habitus
1088 644 1324 685 animorum
1350 642 1590 692 Quinctius,

194 707 207 726 ⁶
226 702 271 744 Si
301 702 390 744 sine
422 702 590 744 excidio
627 702 958 744 Lacedaemonis
988 702 1080 743 fieri
1110 701 1342 758 potuisset,’
1371 700 1591 749 fatebatur,

198 760 335 816 ‘pacis
356 775 452 801 cum
482 769 662 817 tyranno
685 761 946 802 mentionem
974 759 1281 801 admittendam
1310 758 1479 799 auribus
1507 773 1593 799 non

161 823 182 856 6
198 818 360 859 ‘fuisse
438 817 481 859 N
487 833 581 868 unc,
605 833 737 874 quum
759 818 892 868 aliter,
917 833 1043 874 quam
1063 818 1184 859 ruina
1204 816 1472 872 gravissimae
1495 816 1595 857 civi-

197 881 209 900 ⁶
222 876 330 926 tatis,
354 876 533 933 opprimi
555 891 642 918 non
663 884 817 933 posset,
839 877 967 917 satius
988 876 1124 917 visum
1146 890 1248 925 esse,
1272 884 1499 931 tyrannum
1521 873 1596 915 de-

197 939 210 958 ⁶
221 933 447 985 bilitatum,
480 950 526 975 ac
561 935 658 975 totis
688 949 818 991 prope
850 934 1007 975 viribus
1038 934 1092 974 ad
1123 933 1364 974 nocendum
1396 932 1595 988 cuiquam

197 997 210 1016 ⁶
223 992 442 1048 ademptis,
457 992 639 1048 relinqui
648 1008 658 1041 ;
685 1008 811 1048 quam
826 992 1043 1033 intermori
1055 991 1453 1039 vehementioribus,
1469 1005 1596 1046 quam

167 1066 184 1098 7
198 1055 210 1074 ⁶
226 1065 333 1106 quae
355 1050 442 1106 pati
458 1059 608 1106 posset,
626 1050 823 1091 remediis
845 1050 1056 1091 civitatem
1074 1050 1222 1098 sinere,
1242 1049 1286 1089 in
1307 1048 1598 1104 ipsa'vindicta

199 1113 211 1131 ⁶
223 1107 427 1149 libertatis
443 1108 699 1164 perituram?
749 1108 1078 1149 Praeteritorum
1095 1106 1483 1149 commemorationi
1500 1106 1598 1146 sub-

196 1165 308 1215 iecit,
342 1165 581 1206 ‘Proficisci
614 1166 692 1207 sibi
722 1166 767 1206 in
795 1165 973 1215 Italiam,
1003 1174 1130 1221 atque
1162 1180 1330 1206 omnem
1363 1164 1596 1205 exercitum

198 1228 210 1247 ⁶
225 1223 459 1279 deportare,
500 1223 544 1263 in
593 1224 733 1265 animo
782 1239 882 1265 esse.
965 1223 1251 1264 Demetriadis
1295 1222 1596 1277 Chalcidisque

198 1286 209 1304 ⁶
225 1281 432 1337 praesidia
460 1281 570 1322 intra
598 1281 810 1322 decimum
839 1281 953 1323 diem
978 1281 1195 1322 audituros
1220 1280 1425 1322 deducta:
1461 1280 1598 1320 Acro-

199 1343 210 1362 ⁶
226 1338 466 1380 corinthum
487 1339 586 1395 ipsis
607 1339 822 1396 extemplo
843 1339 1085 1380 videntibus
1105 1354 1280 1380 vacuam
1308 1338 1492 1379 Achaeis
1515 1347 1598 1378 tra-

198 1396 437 1438 ⁶diturum:
474 1406 518 1437 ut
546 1412 691 1439 omnes
723 1398 891 1447 sciren‘t,
922 1406 1064 1438 utrum
1094 1397 1311 1446 Romanis,
1335 1411 1388 1437 an
1418 1395 1596 1445 Aetolis,

199 1460 211 1478 ⁶
224 1455 392 1496 mentiri
414 1469 503 1496 mos
520 1464 649 1505 esset3
684 1456 758 1512 qui
779 1455 886 1497 male
904 1455 1167 1497 commissam
1185 1455 1422 1495 libertatem
1439 1453 1598 1510 populo

165 1517 185 1548 8
199 1517 211 1536 ⁶
228 1512 423 1554 Romano
439 1514 700 1555 sermonibus
717 1513 970 1563 distulerint,
988 1522 1030 1555 et
1051 1522 1232 1554 mutatos
1248 1528 1324 1568 pro
1347 1511 1598 1553 BIacedoni-

200 1571 302 1612 ‘bus
332 1570 547 1612 Romanos
573 1571 777 1613 dominos.
844 1571 929 1612 Sed
949 1571 1043 1622 illis,
1066 1586 1144 1612 nec
1167 1570 1272 1627 quid
1293 1570 1495 1619 dicerent,
1517 1585 1598 1611 nec

200 1634 212 1652 ⁶
229 1627 332 1684 quid
352 1628 550 1678 facerent,
574 1630 801 1685 quicquam
828 1645 1016 1686 unquam
1043 1629 1164 1685 pensi
1192 1629 1329 1669 fuisse.
1395 1628 1598 1684 Reliquas

201 1692 212 1710 ⁶
225 1686 413 1727 civitates
430 1701 614 1737 monere,
630 1696 677 1728 ut
692 1703 745 1728 ex
758 1687 889 1737 factis,
904 1703 991 1729 non
1007 1703 1059 1728 ex
1077 1687 1212 1737 dictis,
1228 1687 1382 1728 amicos
1398 1694 1596 1742 pensent:

202 1750 213 1768 6
228 1744 566 1800 intelligantque,
590 1746 743 1801 quibus
771 1745 1045 1794 credendum,
1069 1754 1111 1786 ct
1137 1760 1160 1786 a
1181 1745 1334 1801 quibus
1362 1743 1599 1785 cavendum

201 1802 292 1843 ‘sit.
355 1802 571 1844 Libertate
597 1803 762 1844 modice
786 1813 968 1845 utantur.
1032 1803 1330 1859 Temperatam
1360 1817 1466 1851 eam,
1489 1801 1599 1843 salu-

202 1860 343 1901 ⁶brem
372 1869 414 1901 et
436 1860 622 1916 singulis,
646 1870 688 1902 ct
716 1861 952 1902 civitatibus
980 1876 1095 1903 esse:
1129 1861 1304 1902 nimiam
1332 1869 1375 1901 et
1396 1860 1486 1900 aliis
1506 1875 1600 1916 gra-

203 1923 334 1968 ‘vem,
358 1927 401 1959 ct
421 1918 533 1974 ipsis,
557 1919 628 1975 qui
651 1919 848 1969 habeant,
871 1920 1117 1961 effrenatam
1138 1928 1180 1960 et
1200 1918 1474 1975 praecipitem
1496 1933 1597 1959 esse.

202 1981 214 2000 ⁶
232 1975 497 2017 Concordiae
520 1976 564 2017 in
585 1977 836 2027 civitatibus,
859 1977 1070 2033 principes
1092 1986 1135 2018 et
1157 1977 1326 2017 ordines
1347 1977 1457 2017 inter
1477 1991 1534 2025 se,
1557 1985 1601 2017 et

168 2049 188 2080 9
203 2039 215 2057 ⁶
227 2033 271 2073 in
292 2049 515 2074 commune
538 2049 683 2075 omnes
700 2034 901 2084 civitates,
924 2034 1204 2076 consulerent.
1268 2034 1484 2075 Adversus
1501 2048 1600 2074 con-

203 2096 215 2115 ⁶
228 2091 456 2132 sentientes
477 2107 554 2132 nec
575 2107 718 2148 regem
739 2107 997 2148 quemquam
1018 2092 1115 2133 satis
1136 2091 1335 2141 validum,
1358 2106 1437 2132 nec
1459 2100 1601 2147 tyran-

204 2154 333 2189 ‘num
370 2149 469 2190 fore,
534 2149 799 2191 Discordiam
836 2159 879 2191 et
909 2150 1159 2191 seditionem
1191 2150 1333 2190 onmia
1363 2158 1602 2205 opportuna

204 2212 216 2230 ⁶
232 2206 527 2248 insidiantibus
547 2207 697 2257 facere,
715 2223 847 2264 quum
869 2223 975 2263 pars,
995 2223 1102 2263 quae
1125 2207 1356 2248 domestico
1373 2207 1600 2248 certamine

203 2264 400 2305 ‘inferior
431 2265 494 2314 sit,
522 2274 698 2306 externo
728 2266 867 2321 potius
898 2281 940 2306 sc
971 2265 1166 2322 applicet,
1197 2280 1323 2321 quam
1353 2265 1434 2305 civi
1465 2265 1598 2306 cedat.

204 2328 216 2347 ⁶
229 2321 396 2363 Alienis
418 2323 541 2363 armis
562 2332 737 2379 partam,
756 2333 930 2364 externa
947 2323 1029 2364 fide
1047 2323 1254 2364 redditam
1276 2323 1510 2364 libertatem
1529 2337 1603 2364 sua

205 2386 216 2404 ⁶
229 2395 329 2421 cura
342 2381 602 2422 custodirent
617 2392 933 2437 servarcntque:
969 2390 1015 2422 ut
1031 2381 1213 2438 populus
1229 2381 1446 2422 Romanus
1463 2380 1603 2436 dignis

206 2437 368 2479 ‘datam
402 2438 650 2489 libertatem,
684 2455 730 2481 ac
762 2454 916 2480 munus
946 2454 1068 2480 suum
1100 2440 1207 2480 benc
1239 2439 1422 2495 positum
1453 2439 1603 2480 sciret.'

248 2583 267 2614 6
291 2586 508 2616 (travissinme
523 2587 680 2624 civitatis]
718 2586 881 2623 Inclutac,
972 2594 987 2625 7
1012 2588 1052 2617 ln
1076 2588 1147 2625 ipsa
1171 2587 1312 2616 vindicta
1336 2586 1494 2616 libertatis
1519 2587 1602 2624 peri-

206 2627 367 2658 maximae
391 2628 536 2659 civitatis.
583 2629 635 2659 Sic
659 2639 744 2668 supr.
766 2639 811 2667 17.
828 2631 880 2659 Se·
927 2631 1050 2667 Iuram]
1081 2628 1259 2658 Perituram
1284 2628 1316 2657 in
1339 2628 1376 2657 iis
1395 2628 1468 2667 ipsis
1485 2628 1603 2657 conati-

203 2671 366 2708 ι(μ’μ’-ηἰ-αιη,
400 2682 531 2710 yruvem
564 2677 660 2711 atque
697 2673 881 2711 opulentam
927 2673 986 2701 bus
1003 2671 1057 2711 qui
1081 2671 1216 2702 adhibiti
1233 2671 1365 2701 fuissent
1383 2672 1422 2701 ad
1442 2670 1603 2700 vindican-

207 2714 376 2744 civitalem.
423 2716 575 2745 (Actorum
595 2714 647 2744 hic
664 2715 741 2744 olim
760 2715 882 2753 lcgcba-
929 2716 1003 2745 dam
1020 2725 1090 2745 eam
1108 2714 1139 2744 in
1158 2714 1350 2744 libertatem.
1375 2715 1481 2743 (jam.

208 2759 259 2785 tur
281 2757 379 2785 ruina
404 2757 596 2795 araris-sima
620 2758 767 2787 cii-itaci&
816 2758 882 2788 lac.
971 2758 989 2787 8
1015 2758 1230 2794 Dis-tulerint}
1272 2756 1395 2786 Passim
1425 2756 1602 2795 promulga-

209 2797 392 2828 Grouovius
422 2798 545 2828 monuit
576 2799 704 2829 Thuau.
737 2799 878 2829 codicem
929 2800 1038 2831 verint.
1065 2802 1172 2831 (Ἳιιιῑν.

209 2841 325 2870 habt-re
352 2842 584 2879 uraris-sinum:
626 2842 719 2881 idque
754 2842 881 2872 admisit
970 2854 989 2882 ι)
1015 2845 1053 2872 ln
1071 2844 1250 2879 rmnnzmn’]
1289 2843 1386 2877 Quod
1405 2842 1442 2871 ad
1463 2852 1603 2871 cuminu-

209 2883 363 2914 Clericus.
419 2884 537 2913 Firmat
573 2884 756 2914 Victorinus
794 2885 882 2916 liber.
929 2896 1002 2918 acm
1018 2886 1173 2916 Graeciae
1190 2885 1362 2915 utilitatem
1380 2884 1539 2915 attineret.

210 2926 314 2958 CREV.
361 2928 558 2957 (lrarisse'ma
577 2928 716 2966 reposuit
736 2928 874 2959 bekker.

1669 645 1737 684 49,
