1960 3218
587 135 713 179 LIB.
748 135 843 177 XL.
887 135 1033 177 CAP.
1071 138 1134 177 16.
1472 138 1554 178 447

177 237 324 288 ‘gures
352 229 537 286 recipiat,
568 227 746 283 receptis
776 241 889 267 arma
918 226 1070 267 adimi:
1101 235 1240 282 atque,
1267 240 1338 267 eos
1368 224 1420 267 ad
1457 240 1557 267 con·
1572 235 1617 268 U.
1633 236 1673 268 C.
1695 244 1769 276 570·

178 294 190 313 ‘
203 289 312 330 sules
331 288 454 337 mitti,
475 294 664 328 senatum
685 298 867 340 aequum
888 283 1085 325 censere.’
1569 278 1610 310 Α·
1635 280 1674 311 C.
1700 281 1769 311 1⁸²·

151 363 162 382 1
234 347 453 388 Praetores
473 343 622 385 eodem
643 351 844 398 tempore,
862 341 910 382 P.
927 340 1116 382 Manlius
1136 341 1180 381 in
1200 340 1440 382 ulteriorem
1458 339 1558 382 His·
1572 345 1613 394 11}
1631 344 1753 385 Hispa-

178 405 359 461 paniam,
391 416 516 458 quam
546 409 588 441 et
617 400 753 456 priore
785 407 980 455 praetura
1009 398 1267 454 provinciam
1297 398 1638 448 obtinuerat311ffl·

184 462 236 510 Q.
256 460 424 503 Fulvius
443 458 615 499 Flaccus
644 458 689 498 in
717 457 952 498 citeriorem
972 456 1176 512 pervenit,-
1199 457 1516 512 exercitumque
1539 471 1564 497 a

150 519 381 561 2Terentio
402 516 579 572 accepim
636 514 750 556 Nam
780 514 952 555 ulterior
981 522 1113 554 morte
1131 513 1178 554 P.
1201 513 1438 570 Sempronii
1467 529 1565 569 pro-

181 576 360 618 consulis
389 574 477 615 sine
505 573 681 629 imperio
710 573 857 613 fuerat.
919 571 1113 612 Fulvium
1135 571 1331 612 Flaccum
1360 571 1565 627 oppidum

183 634 434 690 Hispanum,
458 631 689 672 Urbicuam
716 630 900 678 nomine,
923 637 1236 685 oppugnantem
1261 628 1465 670 Celtiberi
1493 628 1568 669 ad-

151 692 260 734 sorti
291 699 398 731 sunt.
461 689 582 730 Dura
610 689 669 729 ibi
698 687 857 744 proelia
886 686 1046 742 aliquot
1074 686 1204 728 facta:
1240 686 1363 743 multi
1384 686 1568 727 Romani

182 749 335 791 milites
356 757 398 789 et
417 746 634 796 vulnerati,
657 754 699 787 et
719 744 925 786 interfecti
955 752 1062 785 sunt.
1125 744 1240 786 Victi
1262 743 1571 801 perseverantia

183 806 333 855 Fulvii,
356 805 471 861 quod
501 804 616 845 nulla
641 804 683 844 vi
713 802 895 844 abstrahi
925 802 976 843 ab
1007 802 1223 843 obsidione
1254 802 1404 858 potuit,
1437 801 1572 843 Celti-

183 864 285 913 beri,
307 864 401 905 fessi
432 862 600 919 proeliis
626 861 748 902 variis
773 860 1070 902 abscesserunt.
1134 860 1259 910 Urbs,
1283 868 1422 901 amoto
1452 859 1572 901 auxi-

185 922 242 963 lio
263 936 420 970 eorum,
442 921 552 961 intra
581 934 735 975 paucos
759 918 848 959 dies
869 926 990 974 capta
1009 925 1052 958 et
1072 917 1235 974 direpta
1255 926 1339 959 est:
1372 916 1572 974 praedam

186 979 388 1020 militibus
416 986 581 1034 praetor
605 976 819 1018 concessit.
882 974 1066 1025 Fulvius,
1086 975 1165 1016 hoc
1187 976 1343 1032 oppido
1365 983 1499 1031 capto,
1521 974 1570 1015 P.

188 1036 388 1086 Manlius,
420 1034 605 1076 exercitu
638 1043 802 1075 tantum
833 1033 878 1074 in
908 1048 1041 1074 unum
1072 1042 1228 1083 coacto,
1253 1033 1326 1089 qui
1352 1033 1574 1088 dissipatus

188 1095 334 1143 suerat,
356 1093 472 1134 nulla
492 1092 571 1134 alia
590 1091 850 1132 memorabili
874 1100 989 1147 gesta
1009 1106 1066 1140 re,
1089 1091 1297 1132 exercitus
1324 1091 1368 1131 in
1400 1090 1576 1131 hiberna

189 1151 467 1194 deduxerunt.
530 1149 650 1191 Haec
672 1164 721 1190 ea
741 1157 894 1190 aestate
917 1149 961 1189 in
984 1148 1191 1204 Hispania
1219 1158 1347 1205 gesta.
1411 1147 1575 1189 Teren-

190 1211 285 1259 tius,
322 1209 395 1264 qui
430 1223 484 1249 ex
517 1223 566 1249 ea
599 1207 814 1263 provincia
845 1206 1090 1255 decesserat,
1128 1221 1255 1247 ovans
1288 1206 1435 1247 urbem
1467 1205 1573 1246 iniit.

192 1266 471 1315 Translatum,
494 1264 657 1321 argenti
681 1264 823 1320 pondo
853 1279 1004 1305 novem
1034 1263 1163 1304 millia
1192 1272 1379 1305 trecenta
1397 1263 1573 1319 viginti:

192 1325 281 1366 auri
301 1323 514 1379 octoginta
533 1321 687 1378 pondo,
709 1330 753 1363 et
773 1321 880 1362 duae
901 1336 1079 1362 coronae
1107 1336 1256 1362 aureae
1286 1321 1429 1378 pondo
1457 1335 1577 1362 sexa-

191 1383 308 1439 ginta
327 1389 498 1437 septem.
1302 1420 1307 1423 ,

251 1439 412 1480 Eodem
439 1453 550 1479 anno
576 1437 687 1478 inter
713 1435 916 1492 populum
940 1434 1333 1492 Carthaginiensem
1364 1444 1407 1478 et
1436 1450 1578 1492 regem

194 1496 459 1538 Masinissam
489 1495 534 1536 in
563 1510 607 1535 re
637 1494 846 1550 praesenti
866 1493 1162 1549 disceptatores
1184 1494 1367 1535 Romani
1395 1493 1448 1535 de
1478 1508 1577 1549 agro
1736 1531 1742 1537 .
1770 1531 1776 1537 .

194 1555 374 1596 fuerunt.
439 1552 623 1608 Ceperat
646 1566 742 1592 eum
765 1551 815 1592 ab
839 1550 1267 1606 Carthaginiensibus,
1296 1559 1415 1608 pater
1445 1550 1576 1592 Masi-
1589 1532 1792 1605 ξῐξζὲῗζὲιω

195 1612 341 1660 nissae,
367 1609 495 1651 Gala:
535 1609 684 1650 Galam
721 1607 892 1664 Syphax
927 1607 1026 1649 inde
1062 1608 1300 1664 expulerat:
1343 1617 1501 1664 postea,
1532 1609 1663 1649 incum
1679 1618 1751 1648 Ma-

196 1669 370 1725 gratiam
400 1667 531 1708 soceri
563 1666 850 1715 Hasdrubalis,
874 1665 1290 1721 Carthaginiensibus
1317 1666 1429 1707 dono
1450 1666 1579 1707 dede-
1591 1660 1713 1691 sinissa.

198 1736 271 1767 rat.
329 1725 697 1780 Carthaginienses
717 1739 767 1764 eo
788 1739 898 1764 anno
915 1723 1137 1764 Masinissa
1157 1723 1385 1780 expulerat.
1449 1723 1581 1764 Haud

197 1784 358 1825 minore
380 1783 605 1823 certamine
635 1781 881 1830 animorum,
905 1796 1031 1836 quam
1053 1796 1185 1837 quum
1215 1781 1323 1822 ferro
1344 1790 1387 1822 et
1407 1781 1495 1822 acie
1517 1780 1583 1822 di-

198 1841 417 1890 micarunt,
439 1855 504 1881 res
525 1849 615 1881 acta
635 1839 747 1895 apud
770 1838 995 1880 Romanos.
1063 1838 1444 1895 CarthaginienseS,
1467 1838 1583 1895 quod

200 1899 333 1955 primo
361 1898 565 1939 maiorum
595 1912 763 1938 suorum
783 1895 940 1945 fuisset,
963 1896 1116 1938 deinde
1148 1897 1199 1937 ab
1233 1896 1425 1953 Syphace
1456 1896 1509 1938 ad
1539 1911 1582 1937 se

199 1956 466 2013 pervenisset,
492 1955 748 2011 repetebant.
812 1953 1046 2003 Masinissa,
1071 1955 1258 2010 ‘paterni
1288 1954 1406 2010 regni
1437 1969 1582 2010 agrum

171 2020 269 2060 4‘se
291 2022 334 2055 et
354 2013 570 2068 recepisse,
593 2021 635 2053 et
656 2012 808 2053 habere
829 2012 917 2052 iure
949 2012 1165 2068 gentium,’
1187 2012 1334 2061 aiebat,
1359 2017 1425 2053 ‘et
1446 2026 1583 2061 causa,

203 2078 271 2113 ‘et
309 2070 565 2127 possessione
607 2069 862 2125 superiorem
904 2084 1003 2110 esse.
1066 2069 1187 2110 Nihil
1227 2069 1341 2110 aliud
1376 2084 1419 2110 se
1456 2069 1500 2109 in
1535 2084 1585 2110 ea

204 2128 527 2184 ‘disceptatione
558 2135 757 2176 metuere,
780 2142 905 2183 quam
927 2142 979 2167 ne
1001 2126 1136 2182 pudor
1159 2126 1460 2176 Romanorum,
1482 2126 1584 2167 dum

205 2193 217 2211 ‘
230 2194 462 2235 vereantur,
484 2200 537 2226 ne
559 2184 663 2240 quid
687 2184 797 2225 socio
819 2193 944 2240 atque
973 2184 1107 2226 amico
1136 2185 1224 2241 regi
1255 2185 1451 2225 adversus
1473 2199 1586 2225 com—

173 2258 190 2291 5
206 2250 217 2268 ⁶
230 2258 376 2286 munes
392 2257 486 2284 suos
506 2251 632 2299 atque
654 2241 764 2282 illius
784 2241 923 2282 hostes
943 2241 1161 2283 indulsisse
1179 2242 1412 2292 videantur,
1431 2241 1586 2283 damno

1662 1430 1727 1473 17.

1591 1488 1766 1520 Contentio

205 2384 310 2423 natus,
333 2384 388 2415 sed
413 2383 580 2414 consulum
605 2380 795 2412 sententiam
821 2390 874 2410 ex-

207 2427 329 2467 quirere
353 2426 521 2463 decuisset,
545 2435 578 2455 se
601 2429 709 2454 tamen
736 2423 876 2453 dicturos

209 2470 285 2509 quid
301 2469 451 2506 sentiant,
466 2478 595 2507 nempe,
610 2478 674 2497 uon
693 2467 834 2506 placere,
849 2467 875 2495 si

207 2523 267 2552 per
293 2513 477 2543 deditionem
501 2512 639 2550 Liyures
662 2510 804 2548 recipiet,
828 2520 875 2539 ‘re-

211 2556 309 2593 ceptis
324 2565 414 2584 arma
431 2555 538 2584 adimi.
583 2553 720 2583 Senatus
737 2552 796 2581 hoc
812 2551 879 2590 qui-

211 2598 284 2627 dem
300 2596 457 2635 scripsisse
471 2596 606 2632 videtur,
616 2606 656 2625 nc
670 2595 712 2632 id,
724 2595 809 2633 quod
825 2605 878 2623 an-

212 2650 253 2669 no
283 2638 443 2678 superiore
473 2638 650 2668 Marcellus
676 2637 782 2667 Gallis
811 2647 878 2667 sese

212 2681 404 2712 dedentibus
428 2690 511 2719 supr.
537 2680 647 2710 xxxix.
674 2688 723 2717 54.
750 2680 880 2717 fecerat,

214 2724 383 2764 Liguribus
399 2732 525 2762 quoque
540 2722 708 2753 accideret.

261 2777 270 2797 1
298 2768 337 2797 Ι).
349 2767 498 2796 fllanlz'ns
513 2766 549 2794 in
565 2765 745 2795 ulteriorem
759 2765 880 2804 IIispa-

214 2811 313 2846 nimn,
333 2819 428 2848 qnam
452 2813 482 2838 ec
504 2808 612 2846 priore
631 2812 789 2846 praetura
807 2818 881 2847 pro-

214 2853 352 2883 vinciam
375 2851 573 2888 obtinuerat]
607 2849 695 2879 IIuic
718 2852 826 2880 tamen
849 2849 881 2880 in

216 2895 319 2934 priore
341 2897 489 2934 practura
511 2891 636 2923 citerior
653 2891 814 2932 IIispania
829 2893 881 2921 ob-

918 2380 1025 2420 tigisse
1035 2385 1229 2412 memoratur
1238 2391 1257 2412 a
1269 2381 1371 2417 Livio,
1383 2391 1468 2421 supr.
1476 2382 1588 2413 xxxiii.

920 2432 970 2461 43.
994 2424 1100 2455 CREv.

964 2476 980 2495 2
1004 2468 1090 2496 Nam
1111 2467 1260 2505 ulterior]
1288 2467 1374 2498 Ante
1394 2467 1474 2498 haec
1493 2468 1589 2498 verba

920 2509 1035 2548 supple
1062 2520 1101 2539 ex
1126 2520 1241 2539 sensu:
1269 2510 1309 2540 ab
1330 2510 1421 2540 nullo
1444 2514 1589 2549 praetore

924 2552 962 2581 P.
976 2552 1120 2582 Manlius
1136 2551 1311 2582 exereitum
1327 2552 1462 2592 accepit.
1501 2553 1589 2584 Nam

924 2598 983 2624 cte.
1008 2594 1113 2625 Cnssv.

965 2645 982 2675 3
1005 2638 1102 2667 Dura
1136 2638 1180 2667 iba·
1207 2639 1347 2677 proelia]
1387 2639 1498 2668 Dubia
1534 2648 1591 2677 pro

922 2680 1007 2709 dura
1025 2681 1245 2719 reponendum
1269 2681 1381 2711 suadet
1398 2680 1592 2717 Gronovius,

925 2726 957 2752 et
973 2722 1257 2753 Drakenborchius
1274 2724 1397 2763 probat.

968 2776 987 2803 4
1009 2767 1089 2796 Iure
1101 2767 1261 2805 ¹omilium]
1290 2766 1364 2796 Iure
1379 2765 1465 2804 apud
1483 2774 1593 2795 omnes

925 2811 1035 2847 gentes
1054 2815 1194 2847 recepto,
1210 2812 1245 2838 ut
1264 2818 1373 2838 eorum
1390 2817 1472 2846 quae
1489 2817 1591 2846 possc-

926 2850 972 2881 dit
990 2854 1091 2889 pater,
1107 2850 1191 2881 filius
1206 2851 1297 2881 heres
1312 2850 1365 2880 sit.
1388 2850 1493 2880 Cnnv.

970 2902 986 2930 5
1011 2894 1138 2924 Damno
1152 2894 1209 2930 sit]
1236 2893 1314 2931 Sibi,
1330 2903 1371 2923 sc.
1389 2891 1588 2925 Masinissae.
