1960 3218
625 138 751 180 LIB.
786 138 883 179 XL.
931 138 1078 180 CAP.
1111 142 1179 180 44.
1514 139 1593 181 471

147 272 150 273 γ
199 246 351 287 magna
375 230 483 272 fama
511 238 721 286 gestarum
752 244 914 270 rerum:
949 230 1035 286 qui,
1059 245 1191 286 quum
1212 237 1332 270 extra
1353 229 1499 270 urbem
1521 228 1594 270 tri·
1610 243 1655 275 υ,
1671 244 1710 276 c,
1732 252 1805 283 572·

199 288 347 345 umphi
369 303 493 330 causa
513 297 632 337 esset,
655 286 801 328 consul
832 297 894 328 est
924 297 1086 328 creatus
1114 303 1210 328 cum
1233 286 1282 328 L.
1303 286 1467 328 Manlio
1488 286 1594 328 Aci·
1605 286 1647 318 A·
1670 287 1709 318 C.
1736 288 1804 319 ¹80·

199 346 325 396 dino;
360 355 403 388 et
432 355 526 402 post
555 360 709 401 paucos
740 344 829 386 dies
857 360 954 386 cum
986 345 1200 394 militibus,
1224 360 1329 401 quos
1353 360 1496 386 secum
1518 344 1592 386 de-

198 404 388 454 duxerat,
408 403 668 459 triumphans
684 403 831 443 urbem
852 412 914 443 est
935 403 1135 444 invectus.
1180 403 1300 443 Tulit
1316 403 1359 443 in
1377 402 1590 459 triumpho
1605 409 1647 458 q.
1665 409 1774 440 Fulvii

198 477 372 504 coronas
407 476 551 502 aureas
587 469 757 502 centum
794 460 943 515 viginti
979 469 1202 517 quattuor:
1250 469 1466 516 praeterea
1500 460 1592 501 auri
1601 453 1795 492 tnumphus.

165 519 340 576 8pondo
373 519 542 575 triginta
572 534 728 568 unum3
766 527 808 559 et
838 518 989 574 signati
1013 518 1211 560 Oscensis
1241 533 1463 559 nummum
1494 534 1593 560 cen-

199 586 289 618 tum
310 576 576 633 septuaginta
597 576 675 618 tria
702 576 832 617 millia
851 576 1067 618 ducentos.
1132 575 1342 617 Militibus
1363 575 1416 616 de
1438 576 1594 632 praeda

198 635 519 691 quinquagenos
540 634 733 676 denarios
754 634 884 684 dedit,
908 633 1066 690 duplex
1088 633 1416 693 penturionibus,
1440 633 1593 690 triplex

197 692 344 749 equiti,
368 692 618 734 tantundem
639 692 761 734 sociis
782 692 927 733 Latini
947 692 1142 742 nominis,
1161 700 1204 733 et
1224 691 1482 748 stipendium
1503 706 1594 732 om-

196 751 322 792 nibus
343 750 514 807 dupleX.

164 823 184 854 9
257 807 321 849 Eo
354 824 465 850 anno
500 808 660 865 rogatio
692 807 875 864 primum
908 807 992 849 lata
1021 816 1083 849 est
1113 808 1165 849 ab
1193 807 1243 848 L.
1262 806 1393 848 Villio
1425 807 1592 848 tribuno
1668 808 1737 847 44.

168 880 181 901 1
198 865 343 922 plebis,
366 874 470 923 quot
490 881 621 907 annos
642 865 730 907 nati
751 881 964 922 quemque
987 866 1272 922 magistratum
1304 873 1497 922 peterent
1525 880 1593 906 ca·
1606 863 1676 912 Ifex
1692 875 1790 895 anna-

197 933 443 980 perentque.
506 923 614 965 Inde
642 939 879 979 cognomen
903 923 1084 965 familiae
1115 923 1311 973 inditum,
1334 932 1381 964 ut
1403 922 1593 964 Annales
1603 917 1659 939 ΠΕ·

167 998 183 1019 2
198 981 520 1037 appellarentur.
584 981 802 1023 Praetores
824 990 1024 1037 quattuor
1051 990 1145 1038 post
1172 980 1325 1022 multos
1347 996 1478 1022 annos
1499 980 1592 1037 lege
1606 989 1776 1020 Praetores

198 1038 357 1081 Baebia
377 1040 518 1090 creati,
541 1055 649 1096 quae
678 1039 849 1080 alternis
871 1048 1097 1095 quaternos
1126 1039 1298 1081 iubebat
1326 1039 1468 1080 creari.
1532 1038 1594 1079 Hi
1605 1036 1768 1072 quattuor.

197 1096 307 1147 sacti,
334 1096 414 1139 Cn.
436 1094 661 1139 Cornelius
686 1096 839 1154 Scipio,
866 1097 915 1138 C.
935 1097 1129 1139 Valerius
1151 1097 1375 1147 Laevinus,
1402 1096 1454 1145 Q.
1479 1105 1522 1138 et
1543 1096 1591 1138 P.

198 1153 336 1196 Mucii
361 1155 414 1204 Q.
435 1155 478 1196 F.
506 1155 740 1197 Scaevolae.
797 1155 850 1203 Q.
867 1155 1015 1196 Fulvio
1037 1163 1080 1196 et
1100 1155 1150 1197 L.
1167 1154 1331 1196 Manlio
1352 1154 1593 1196 consulibus
1608 1166 1651 1197 U.
1670 1166 1707 1197 C.
1731 1174 1803 1206 573.

197 1212 347 1254 eadem
378 1213 606 1270 provincia,
641 1229 749 1269 quae
783 1213 1078 1269 superioribus,
1114 1213 1204 1270 pari
1240 1228 1416 1254 numero
1448 1213 1592 1268 copiae
1606 1210 1646 1240 A.
1668 1210 1804 1282 ἶς’-11779·

196 1270 402 1326 peditum,
425 1271 629 1327 equitum,
653 1271 821 1320 civium,
844 1271 1052 1312 sociorum
1083 1271 1288 1312 decretae.
1353 1270 1405 1311 In
1437 1269 1593 1327 Hispa·
1606 1252 1798 1325 ssMssssnlfiss'

195 1327 278 1368 niis
298 1328 461 1369 duabus
484 1328 550 1369 Ti.
570 1328 818 1384 Sempronio
840 1338 882 1369 et
904 1328 953 1369 L.
973 1328 1191 1370 Postumio
1219 1344 1315 1370 cum
1344 1327 1493 1369 iisdem
1519 1343 1593 1369 ex·
1605 1338 1694 1369 Coss.

196 1385 407 1436 ercstibus,
438 1401 542 1442 quos
566 1386 784 1436 haberent,
813 1394 1083 1442 prorogatum
1113 1386 1338 1442 imperium
1366 1394 1451 1427 est:
1486 1395 1528 1426 et
1549 1386 1594 1426 in
1609 1391 1809 1423 Provinciae.

196 1443 539 1499 supplementum
562 1443 755 1485 consules
776 1443 954 1485 scribere
972 1444 1072 1485 iussi
1089 1443 1143 1485 ad
1159 1444 1237 1485 tria
1253 1443 1383 1484 millia
1403 1443 1595 1500 peditum

198 1499 504 1551 Romanorum,
537 1509 746 1542 trecentos
776 1501 967 1557 equites3
1003 1502 1192 1558 quinque
1225 1501 1357 1543 millia
1387 1501 1595 1543 sociorum

239 1625 258 1656 8
280 1627 410 1665 Siynczti
445 1627 607 1664 Oscensis]
650 1626 702 1657 De
739 1629 872 1666 argento
917 1624 1096 1662 Quinctius
1122 1625 1338 1663 Flamininus,
1365 1624 1419 1664 qui
1447 1625 1593 1656 consula-

198 1669 330 1700 Oscensi
348 1669 388 1699 cf.
405 1679 490 1708 supr.
507 1669 617 1700 xxxiv.
640 1678 686 1700 10.
916 1672 987 1698 tum
1018 1668 1112 1708 petiit
1142 1669 1287 1698 nondum
1325 1678 1426 1698 annos
1463 1667 1595 1707 triginta

239 1721 258 1751 9
281 1712 332 1741 Ab
352 1713 389 1742 L.
410 1713 518 1750 Villio]
546 1712 677 1742 Nomen
701 1710 797 1742 huius
819 1710 872 1742 tri-
917 1715 1022 1749 natus,
1035 1714 1072 1741 ut
1088 1715 1213 1741 constat
1229 1721 1269 1741 ex
1284 1711 1460 1742 Plutarcho
1476 1710 1509 1740 in
1525 1710 1594 1741 eius

196 1753 274 1784 huni
291 1754 507 1785 deformatum
531 1758 628 1785 antea
648 1755 814 1794 legebatur
834 1756 872 1786 L.
919 1755 994 1792 vita,
1020 1758 1130 1785 tamen
1162 1765 1218 1794 per
1248 1755 1333 1793 leges
1364 1763 1479 1793 capere
1506 1753 1594 1784 hunc

195 1797 292 1828 Iulio.
338 1797 536 1828 Emendavit
551 1797 708 1837 Sigonius.
914 1797 1138 1837 magistratum
1156 1807 1247 1837 posse
1262 1796 1423 1827 iudicatur
1434 1806 1454 1826 a
1466 1800 1592 1834 senatu,

242 1849 255 1870 1
283 1840 365 1877 Quot
384 1851 485 1871 annos
505 1842 576 1870 nati
597 1851 752 1881 quemque
771 1841 871 1879 mayz‘-
914 1850 1000 1880 supr.
1017 1839 1119 1870 xxxii.
1139 1847 1166 1879 7.
1212 1840 1306 1870 Haec
1326 1839 1410 1869 inter
1430 1849 1463 1869 se
1484 1850 1591 1870 exem-

195 1887 333 1913 stratam
342 1887 489 1922 peterent
501 1884 732 1924 caperentque]
753 1883 870 1913 Manu-
916 1883 971 1922 pla
994 1882 1018 1913 si
1043 1883 1259 1920 conferantur,
1278 1892 1343 1912 non
1369 1883 1506 1912 absurde
1530 1883 1591 1912 for-

196 1924 271 1962 tius,
287 1925 368 1955 libro
384 1926 424 1956 de
441 1926 564 1965 legibus
580 1926 750 1962 Romanis,
763 1930 872 1956 censet
915 1929 999 1956 tasse
1019 1925 1195 1965 poterimus
1216 1925 1371 1964 suspicari
1392 1929 1468 1955 ante
1487 1925 1590 1964 legem

198 1967 337 1998 Villium
375 1969 415 1999 de
449 1968 613 1999 curulibus
645 1969 871 1999 tantummodo
918 1969 1055 1999 Villiam
1074 1969 1232 1999 sancitum
1253 1968 1479 1998 tautummodo
1495 1968 1591 1998 fuisse

196 2010 435 2050 magistratibus
451 2011 604 2042 sanxisse.
646 2012 739 2042 Idem
756 2012 871 2051 probat
914 2011 947 2041 id
964 2012 1049 2050 quod
1066 2022 1105 2041 ex
1121 2011 1258 2051 Polybio
1274 2010 1453 2047 retulimus,
1466 2021 1506 2040 ne
1519 2010 1591 2049 quis

197 2063 237 2083 ex
255 2053 410 2084 Cicerone
427 2054 572 2093 aliisque,
589 2054 768 2094 legitimum
785 2054 870 2085 aedi·
916 2055 1019 2084 ullum
1030 2054 1250 2094 magistratum
1264 2056 1404 2093 caperet,
1415 2056 1589 2093 autequam

198 2095 298 2126 litatis
311 2096 431 2127 curulis
442 2106 564 2127 aunum
576 2097 685 2135 fuisse,
697 2097 872 2136 septimum
917 2098 1000 2128 dena
1016 2097 1178 2136 stipendia
1194 2096 1327 2127 emerita
1342 2096 1484 2126 haberet.
1524 2096 1589 2127 Sci-

198 2142 231 2168 et
251 2138 447 2178 trigesimum
468 2152 475 2176 ;
500 2143 678 2179 praeturae,
698 2141 872 2179 quadrage-
917 2140 970 2180 pio
996 2139 1093 2177 enim,
1117 2143 1186 2169 tum
1211 2150 1311 2179 quum
1335 2139 1364 2170 ei
1389 2139 1588 2169 aedilitatem

198 2181 314 2211 simum
335 2195 342 2218 3
365 2183 560 2220 consulatus,
577 2183 707 2213 tertium
725 2187 756 2213 et
773 2184 870 2222 quad·
916 2183 1039 2222 petenti
1081 2183 1306 2219 obsistebatur‚
1344 2182 1487 2211 nondum
1533 2188 1591 2221 per

198 2224 401 2263 ragesimum.
469 2227 688 2260 Quaesturam
732 2236 797 2255 non
836 2225 870 2255 li·
915 2229 1055 2256 aetatem
1077 2226 1160 2255 dena
1180 2225 1341 2264 stipendia
1362 2224 1514 2254 meruisse
1535 2234 1590 2264 po-

199 2267 301 2297 cuisse
339 2277 453 2306 capere
489 2271 565 2298 ante
601 2278 723 2298 annum
757 2268 872 2299 aetatis
916 2272 998 2298 terat
1014 2280 1021 2304 ;
1038 2272 1164 2307 poterat
1181 2268 1395 2304 Flamininus,
1407 2271 1476 2297 tum
1490 2277 1588 2306 quum

198 2310 373 2349 septimum
395 2314 427 2340 et
444 2310 630 2350 vigesimum
653 2311 814 2349 colligitur
832 2321 871 2341 ex
917 2312 1120 2341 consulatum
1143 2311 1284 2350 petebat.
1332 2311 1406 2340 Iloc
1428 2310 1452 2339 si
1474 2309 1589 2340 admit-

200 2352 350 2392 Polybio,
362 2353 415 2392 qui
433 2353 473 2384 vi.
496 2362 540 2392 17.
558 2353 697 2384 affirmat
712 2354 871 2384 urbanum
915 2357 1013 2390 tatur,
1040 2354 1208 2393 apparebit
1234 2353 1361 2392 proprie
1385 2356 1417 2383 et
1440 2356 1590 2383 accurate

198 2395 421 2435 magistratum
444 2396 591 2435 capiendi
613 2396 662 2426 ius
683 2396 804 2427 nemini
825 2396 872 2426 fu-
918 2397 1061 2426 locutum
1084 2407 1151 2426 esse
1169 2395 1310 2433 Livium,
1327 2397 1402 2426 dum
1425 2395 1507 2425 dixit
1528 2395 1590 2425 hoc

198 2436 272 2475 isse,
295 2442 469 2477 antequam
497 2440 580 2469 (lena
603 2439 765 2478 stipendia
788 2449 871 2469 eme·
917 2439 1054 2478 primum
1077 2450 1162 2469 anno
1182 2439 1379 2478 rogationem
1396 2438 1495 2468 latam
1511 2448 1590 2475 csse,

199 2479 260 2509 rita
296 2480 438 2512 haberet.
498 2481 725 2521 Auspicandae
762 2485 871 2512 autem
916 2487 992 2522 quot
1004 2493 1106 2512 annos
1119 2483 1187 2512 nati
1201 2492 1354 2522 quemque
1365 2482 1590 2521 mayistratum

199 2522 335 2553 militiae
351 2534 453 2554 annus
474 2524 636 2564 legitimus
651 2525 711 2555 fuit
728 2524 872 2554 decimus
912 2529 1058 2564 peterent
1074 2529 1298 2565 cuperentque.
1323 2525 1429 2555 CREV.

199 2564 366 2603 septimus.
412 2567 563 2597 Ceterum
591 2578 655 2597 nou
683 2567 728 2598 ita
753 2567 871 2606 accipi·
961 2577 977 2597 2
1002 2568 1084 2606 Leye
1101 2567 1238 2607 Baebia]
1269 2568 1320 2597 De
1342 2567 1402 2597 hac
1423 2567 1492 2606 lege
1508 2567 1590 2596 mul-

200 2608 283 2637 enda
314 2612 388 2638 sunt
418 2619 500 2647 quae
534 2610 586 2640 hic
621 2610 718 2640 tradit
750 2610 871 2647 Livius,
916 2614 985 2640 tum
1024 2611 1189 2650 disputant
1222 2609 1333 2640 critici.
1390 2609 1523 2649 Pighius
1557 2613 1588 2639 ct

200 2651 289 2688 quasi
315 2655 383 2681 tum
411 2651 550 2691 primum
575 2653 615 2683 de
641 2653 785 2693 legitima
805 2663 871 2683 ma-
918 2653 1149 2683 IIotomanuus
1175 2664 1245 2683 eam
1277 2653 1364 2692 apud
1393 2653 1524 2682 Festum
1556 2652 1589 2682 in

198 2693 388 2731 gistratuum
421 2694 647 2733 capiendorum
679 2700 786 2726 aetate
816 2695 872 2726 ali-
920 2706 996 2726 voce
1018 2698 1121 2735 Isqqat
1138 2696 1275 2735 spectari
1293 2695 1488 2725 existimant.
1536 2695 1588 2725 Pi-

199 2736 276 2774 quid
315 2736 472 2766 sancitum
507 2737 613 2768 fuerit.
660 2738 746 2768 Nam
787 2749 873 2779 supr.
918 2739 1011 2777 ghius
1026 2750 1045 2768 a
1062 2740 1108 2769 M.
1129 2739 1250 2769 Baebio
1266 2742 1410 2778 praetore
1424 2748 1498 2768 auu.
1516 2737 1587 2775 561.

200 2789 274 2810 xxv.
301 2789 329 2810 2.
354 2779 473 2809 tribuni
499 2780 600 2818 plebis
623 2780 782 2811 obstitisse
807 2792 871 2811 me-
924 2782 962 2811 U.
975 2782 1012 2812 C.
1027 2781 1115 2811 illam
1129 2783 1226 2812 latam
1242 2781 1336 2811 fuisse
1349 2780 1588 2816 coniicitfftbro-

200 2826 365 2852 morantur
402 2821 544 2861 Scipioni
581 2822 780 2853 aedilitatem
820 2834 872 2863 pe·
917 2828 1025 2863 gatam
1049 2829 1158 2855 autem
1182 2828 1257 2854 autc
1282 2834 1356 2854 aun.
1384 2822 1454 2862 576.
1483 2824 1524 2855 U.
1550 2824 1589 2855 C.

201 2864 292 2901 tenti,
314 2866 397 2905 qnod
419 2867 557 2895 nondum
577 2867 620 2895 ml
638 2868 810 2904 petendum
831 2867 871 2896 le·
920 2867 1074 2898 Dukerus
1091 2871 1211 2898 censet.

197 2909 311 2945 ,qitima
349 2912 437 2939 aetas
474 2913 561 2939 essct.
610 2909 651 2937 At
690 2918 794 2938 rursus
832 2909 870 2939 T.
