1960 3218
578 156 712 198 LIB.
736 156 908 198 XXXI.
956 156 1100 198 CAP.
1134 162 1200 200 22.
1519 165 1568 203 19

193 247 364 297 connisi,
396 247 569 289 obruere
601 256 725 304 atque
756 248 943 289 obterere
974 263 1061 290 sese
1092 248 1282 290 dextram
1312 248 1432 300 alam,
1460 266 1566 307 quae
1582 260 1626 292 U.
1642 261 1681 292 C.
1703 270 1775 302 55²·

191 306 326 362 prima
355 315 453 356 erat,
485 315 701 362 sperarunt
732 321 862 362 posse.
926 305 1012 347 Ubi
1046 305 1090 347 id
1122 321 1269 362 parum
1301 307 1565 363 procedebat,
1578 304 1619 335 A·
1643 304 1681 336 C·
1704 315 1775 337 ²00·

192 363 408 405 circumire
437 380 461 405 a
486 364 691 414 cornibus,
714 372 755 405 et
782 363 975 420 amplecti
1003 363 1185 405 hostium
1209 364 1341 405 aciem
1362 365 1497 421 (quod
1522 367 1567 408 in

190 421 457 463 multitudine
485 421 679 463 adversus
708 437 861 478 paucos
885 421 1002 463 facile
1023 422 1261 478 videbatur)
1288 423 1427 464 conati
1455 434 1563 466 sunt.

190 478 242 520 Id
258 480 329 520 ubi
344 479 449 520 vidit
464 488 641 536 praetor,
658 488 706 521 ut
726 488 768 521 et
783 481 871 536 ipse
889 479 1079 521 dilataret
1100 480 1244 530 aciem,
1262 480 1364 522 duas
1380 480 1565 538 legiones

188 552 242 578 ex
269 537 460 578 subsidiis
480 537 628 579 dextra
653 537 851 593 laevaque
879 537 980 587 alae,
1003 553 1109 594 quae
1138 538 1179 578 in
1208 538 1341 594 prima
1370 540 1457 580 acie
1488 555 1566 596 pu-

157 595 353 650 5gnabat,
391 595 630 645 circumdat,
667 595 898 652 aedemque
935 595 1014 637 deo
1050 595 1141 637 Iovi
1175 596 1300 645 vovit,
1336 596 1369 637 si
1410 612 1459 638 eo
1495 597 1563 639 die

155 652 325 694 6hostes
351 653 535 695 fudisset.
597 653 646 695 L.
665 653 834 695 Valerio
860 653 1049 710 imperat,
1078 662 1125 695 ut
1151 663 1267 710 parte
1299 654 1475 695 duarum
1506 655 1564 697 le-

185 711 358 766 gionum
379 711 554 767 equites,
576 711 704 752 altera
730 712 934 753 sociorum
962 712 1195 768 equitatum
1223 712 1266 752 in
1295 727 1450 754 cornua
1470 713 1564 755 hos-

185 768 290 809 tium
312 769 485 819 emittat,
508 785 586 811 nec
614 769 829 811 circumire
858 785 927 811 eos
955 770 1086 811 aciem
1110 770 1301 826 patiatur.
1367 770 1501 812 Simul
1522 780 1564 813 et

184 826 285 883 ipse,
308 835 355 868 ut
385 836 651 868 extenuatam
678 827 858 868 mediam
880 827 1059 869 diductis
1087 828 1280 869 cornibus
1305 828 1437 870 aciem
1461 828 1563 870 Gal-

184 883 319 926 lorum
343 885 459 935 vidit,
482 886 598 942 signa
625 885 775 926 inferre
804 885 1008 927 confertos
1036 886 1200 935 milites,
1224 895 1266 927 et
1292 901 1560 943 perrumpere

184 942 348 984 ordines
375 943 503 985 iubet.
566 943 623 984 Et
650 959 805 985 cornua
831 944 881 984 ab
903 944 1125 1000 equitibus,
1148 953 1189 985 et
1216 944 1344 985 medii
1371 960 1395 985 a
1418 945 1559 1001 pedite

182 1000 315 1056 pulsi:
349 1016 396 1042 ac
415 1009 599 1057 repente,
623 1017 753 1058 quum
781 1001 895 1042 omni
922 1010 1037 1057 parte
1065 1001 1191 1042 caede
1216 1002 1377 1058 ingenti
1401 1012 1560 1045 sterne-

182 1067 337 1108 rentur,
363 1058 476 1100 Galli
497 1068 611 1116 terga
631 1067 809 1108 vertunt,
830 1059 1011 1115 fugaque
1038 1060 1167 1100 effusa
1193 1068 1389 1116 repetunt
1415 1070 1556 1103 castra.

183 1114 407 1172 Fugientes
434 1126 675 1173 persecutus
702 1132 841 1173 equeS,
865 1132 962 1158 mox
991 1126 1033 1158 et
1059 1117 1243 1173 legiones
1273 1117 1483 1159 insecutae
1514 1119 1559 1160 in

181 1183 312 1215 castra
331 1174 535 1230 impetum
556 1175 754 1216 fecerunt.
811 1174 957 1215 Minus
978 1189 1051 1216 sex
1072 1175 1201 1216 millia
1220 1175 1439 1216 hominum
1460 1176 1558 1218 inde

180 1232 439 1288 effugerunt:
463 1247 581 1274 caesa
601 1241 673 1273 aut
693 1240 814 1289 capta
834 1247 956 1288 supra
972 1233 1158 1288 quinque
1180 1242 1222 1274 et
1243 1233 1413 1288 triginta
1428 1234 1558 1275 millia

179 1304 275 1330 cum
296 1289 422 1346 signis
442 1290 687 1331 militaribus
708 1290 982 1347 septuaginta,
1000 1290 1205 1346 carpentis
1225 1290 1410 1341 Gallicis,
1427 1291 1559 1333 multa

150 1347 332 1403 7praeda
359 1348 549 1398 oneratis,
571 1348 664 1405 plus
691 1348 893 1389 ducentis.
956 1348 1170 1390 Hamilcar
1196 1349 1284 1389 dux
1311 1348 1479 1390 Poenus
1507 1365 1556 1391 eo

178 1405 336 1461 proelio
357 1405 520 1456 cecidit,
543 1416 585 1447 et
605 1415 686 1447 tres
707 1406 974 1463 imperatores
996 1406 1156 1448 nobiles
1179 1406 1408 1448 Gallorum.
1461 1407 1556 1449 Pla—

178 1463 335 1504 centini
370 1464 522 1519 captivi
557 1464 611 1505 ad
641 1464 726 1505 duo
761 1464 890 1505 millia
923 1464 1149 1506 liberorum
1183 1465 1366 1521 capitum
1401 1465 1556 1507 redditi

178 1520 344 1563 colonis.
407 1521 566 1578 Magna
604 1522 776 1563 victoria
814 1522 1004 1578 laetaque
1047 1522 1207 1564 Romae
1247 1523 1337 1564 fuit.
1400 1522 1555 1565 Literis
1630 1527 1695 1565 22.

178 1578 322 1629 allatis,
354 1579 599 1636 supplicatio
631 1580 676 1620 in
711 1580 897 1621 triduum
927 1580 1098 1622 decreta
1132 1589 1205 1622 est.
1268 1580 1554 1623 Romanorum

178 1632 465 1693 sociorumque
486 1637 539 1679 ad
560 1638 644 1679 duo
672 1637 801 1679 millia
827 1653 877 1679 eo
904 1638 1062 1695 proelio
1087 1638 1353 1680 ceciderunt:
1386 1639 1555 1695 plurimi

178 1693 347 1737 dextrae
380 1695 481 1745 alae,
513 1695 557 1736 in
587 1711 713 1752 quam
745 1696 880 1752 primo
912 1697 1073 1752 impetu
1101 1697 1162 1737 vis
1193 1697 1341 1753 ingens
1372 1696 1555 1738 hostium

176 1751 292 1798 illata
328 1761 400 1795 est.
466 1753 720 1810 Quanquam
754 1769 829 1810 per
862 1763 1095 1811 praetorem
1134 1769 1264 1811 prope
1299 1754 1554 1796 debellatum

176 1818 276 1861 erat,
312 1811 457 1852 consul
492 1827 659 1868 quoque
695 1812 742 1854 C.
762 1812 973 1861 Aurelius,
1009 1812 1214 1869 perfectis,
1248 1828 1355 1869 quae
1392 1812 1552 1854 Romae

176 1868 338 1924 agenda
365 1869 542 1919 fuerant,
567 1869 774 1926 profectus
800 1870 845 1911 in
875 1869 1068 1921 Galliam,
1093 1870 1292 1912 victorem
1323 1871 1553 1912 exercitum

175 1941 200 1967 a
217 1934 406 1982 praetore
427 1927 597 1984 accepit.

234 1982 395 2026 Consul
424 1985 539 2035 alter,
561 2000 692 2042 quum
724 1994 948 2028 auctumno
978 1986 1107 2027 ferme
1138 1995 1285 2028 exacto
1313 1987 1357 2027 in
1384 1987 1552 2043 provin·
1565 1994 1632 2041 Res
1648 1995 1746 2026 Grae-

174 2041 282 2082 ciam
312 2042 504 2093 venisset,
540 2043 649 2085 circa
682 2043 951 2100 Apolloniam
986 2044 1241 2085 hibernabat.
1304 2044 1373 2085 Ab
1409 2045 1548 2095 classe,
1564 2047 1641 2068 mae.

174 2114 280 2154 quae
323 2100 528 2157 Corcyrae
574 2100 776 2142 subducta
815 2110 915 2151 erat,
960 2101 1009 2142 C.
1037 2101 1239 2142 Claudius
1280 2102 1548 2158 triremesque

175 2157 403 2207 Romanae,
435 2158 541 2199 sicut
576 2167 671 2199 ante
704 2158 863 2200 dictum
897 2168 970 2209 est,
1001 2159 1192 2200 Athenas
1226 2159 1385 2209 missae,
1418 2175 1548 2216 quum
1562 2170 1709 2203 Athenae

174 2213 393 2256 Piraeeum
420 2216 715 2272 pervenissent,
743 2216 1100 2274 despondentibus
1129 2217 1211 2259 iam
1241 2217 1401 2259 animos
1430 2218 1549 2259 sociis
1561 2214 1720 2246 defensae.

215 2380 232 2411 5
248 2373 428 2414 Aedemque
443 2375 498 2406 deo
512 2373 599 2414 Iovi]
619 2374 776 2405 Mendum
790 2375 833 2405 la-

172 2419 218 2447 tet
240 2415 273 2446 in
290 2426 367 2446 voce
379 2417 444 2454 deo,
457 2427 553 2456 quam
574 2417 746 2457 adiungere
763 2417 833 2448 Iovi

172 2458 302 2489 omnino
317 2469 588 2499 supervacaneum
601 2463 657 2491 est.
691 2460 838 2499 Sigonius

172 2502 323 2532 emendat
338 2503 491 2543 aedesque
506 2504 588 2533 (luas
598 2504 678 2534 leui.
710 2503 838 2534 Revera

172 2544 258 2575 enim
274 2544 394 2575 mentio
411 2545 447 2575 fit
462 2545 532 2576 infr.
550 2545 657 2576 xxxiv.
675 2553 690 2584 5
697 2555 723 2585 3.
740 2545 835 2576 unius

172 2587 259 2617 aedis
283 2587 449 2618 dedicatae
474 2587 543 2619 Iovi
566 2588 598 2619 in
622 2588 736 2625 insula,
753 2599 834 2628 quac

173 2633 247 2659 vota
261 2629 356 2660 fuisse
377 2630 494 2661 ibidem
511 2630 627 2661 dicitur
646 2641 665 2661 a
687 2631 723 2661 L.
738 2631 835 2661 Furio

173 2671 381 2711 Purpureone
402 2677 557 2712 praetore,
578 2673 705 2704 Gallico
725 2675 811 2704 bello
829 2687 836 2711 3

171 2724 209 2745 ac
234 2724 338 2744 rursus
361 2725 457 2747 xxxv.
478 2726 528 2755 41.
558 2716 646 2747 aedis
670 2716 835 2747 dedicatae

175 2756 244 2787 Iovi
274 2757 306 2786 in
333 2757 506 2797 Capitolio,
532 2769 628 2798 quam
658 2758 769 2789 itidem
798 2760 834 2790 L.

175 2799 288 2830 Furius
327 2799 492 2839 Purpureo
537 2805 662 2841 praetor
706 2802 834 2833 Gallico

171 2843 258 2873 bello
303 2842 423 2873 vovisse
466 2848 669 2875 memoratur.
730 2845 836 2875 Possis

172 2895 298 2925 quoque
326 2895 396 2915 cum
426 2886 527 2917 Henr.
551 2887 681 2917 valesio
709 2888 833 2927 legere:

171 2929 340 2968 aedemque
361 2929 479 2959 Diiovi.
526 2929 650 2967 Iupiter
673 2929 756 2960 enim
779 2932 835 2960 Di-

877 2375 956 2405 iovis
983 2378 1014 2405 et
1041 2376 1205 2415 Diespiter
1231 2376 1272 2405 ab
1298 2375 1438 2415 antiquis
1463 2376 1545 2408 dice-

877 2418 980 2449 batur.
1004 2418 1110 2449 CREv.

923 2459 942 2491 6
966 2462 1066 2492 Parte
1102 2462 1242 2491 duarum
1274 2462 1450 2500 leyz'onum]
1488 2463 1545 2493 Al-

881 2507 950 2534 tera
969 2507 1044 2533 aute
1060 2513 1170 2534 vocem
1184 2508 1278 2543 parte
1294 2504 1453 2535 desiderat
1469 2505 1543 2536 Cre-

879 2546 953 2577 vier.
966 2547 1021 2577 scd
1037 2546 1120 2576 hanc
1136 2546 1288 2585 loquendi
1304 2547 1439 2577 formam
1453 2547 1544 2578 Livio

879 2599 941 2619 non
972 2588 1158 2619 inusitatam
1189 2599 1256 2620 esse
1286 2593 1394 2620 censet
1421 2590 1543 2621 Grono—

880 2631 960 2668 vius,
983 2636 1015 2662 et
1044 2631 1076 2661 in
1107 2642 1177 2662 eam
1202 2631 1326 2662 codices
1351 2633 1444 2673 longe
1473 2634 1543 2673 plu-

880 2674 951 2704 rimi
968 2674 1180 2705 consentiunt.

924 2719 1012 2755 7Eo
1046 2718 1167 2757 proelio
1200 2718 1326 2756 cecidit]
1375 2718 1458 2748 Eum
1490 2718 1542 2749 tri-

880 2759 974 2790 ennio
1001 2764 1074 2800 post
1100 2763 1230 2800 captum
1259 2764 1291 2790 et
1318 2760 1349 2790 in
1381 2760 1543 2801 triumpho

878 2803 1010 2833 ductum
1032 2802 1138 2839 fuisse,
1159 2803 1238 2833 alios
1258 2803 1389 2834 fortasse
1411 2805 1544 2834 annales

879 2849 1016 2883 secutus,
1040 2850 1146 2876 noster
1168 2847 1262 2876 refert
1284 2845 1354 2877 infr.
1375 2846 1474 2877 xxxii.
1494 2856 1542 2886 30.

880 2887 990 2919 xxxiii.
1009 2897 1058 2926 ²3·
1084 2889 1197 2918 Drmz.

1245 2975 1313 3013 (¹2
