1960 3218
314 829 576 884 EPITO
591 830 720 884 ME
781 831 1037 886 LIBRI
1096 833 1390 888 XXXIII.

163 1211 212 1250 T.
245 1210 612 1261 QUINCTIUS
638 1209 1055 1251 FLAMININUS
1082 1209 1303 1263 proconsul
1331 1224 1420 1249 cum
1450 1210 1554 1249 Phi-

153 1268 260 1322 lippo
296 1269 353 1307 ad
390 1268 709 1323 Cynoscephalas
750 1269 791 1307 in
834 1267 1046 1307 Thessalia
1082 1269 1168 1306 acie
1201 1268 1300 1306 victo
1333 1267 1551 1307 debellavit.

151 1326 204 1366 L.
249 1325 461 1375 Quinctius
501 1326 773 1374 Flamininus,
803 1326 948 1379 frater
990 1324 1256 1379 proconsulis,
1299 1324 1553 1374 Acarnanes,

151 1383 340 1423 Leucade
367 1384 473 1432 urbe,
496 1385 603 1438 quod
629 1390 752 1437 caput
779 1389 837 1422 est
854 1383 1136 1431 Acarnanum,
1160 1388 1402 1436 expuqnata,
1425 1383 1467 1422 in
1488 1383 1556 1422 de-

152 1441 337 1481 ditionem
358 1443 520 1495 accepit.
586 1441 629 1482 C.
654 1441 913 1495 Sempronius
944 1441 1176 1480 Tuditanus
1189 1447 1358 1494 praetor
1379 1456 1405 1479 a
1435 1440 1556 1481 Celti-

153 1499 254 1538 beris
285 1513 373 1538 cum
399 1501 570 1538 exercitu
596 1514 733 1538 caesus
760 1506 827 1539 est.
890 1498 1069 1547 Attalus,
1093 1514 1119 1537 a
1151 1499 1296 1538 Thebis
1317 1498 1362 1537 ob
1383 1498 1555 1538 subitam

153 1557 416 1596 valetudinem
457 1557 704 1611 Pcryamum
755 1557 989 1605 translatus,
1032 1557 1204 1596 decessit.
1268 1556 1362 1595 Pax
1404 1558 1559 1610 petenti

153 1614 358 1668 Philippo,
396 1614 593 1654 Graeciae
627 1615 786 1654 libertas
819 1615 917 1653 slata
950 1621 1016 1654 est.
1079 1614 1131 1654 L.
1151 1614 1307 1654 Furius
1339 1613 1556 1667 Purpureo

155 1678 192 1712 et
234 1671 430 1712 Claudius
470 1672 695 1712 flIarcellus
736 1672 910 1711 consules
947 1671 1071 1711 Boios
1111 1678 1149 1711 et
1183 1671 1371 1710 Insubres
1413 1671 1556 1711 Gallos

154 1730 399 1783 subeyerunt.
463 1730 689 1769 Marcellus
725 1730 1000 1783 triumphavit.
1064 1729 1291 1777 Hannibal,
1312 1729 1482 1781 frustra
1513 1731 1555 1769 in

154 1787 305 1841 Africa
336 1787 477 1827 bellum
508 1787 678 1835 molitus,
703 1794 740 1827 et
769 1788 814 1827 ol)
845 1788 917 1826 hoc
938 1787 1137 1826 Romanis
1163 1801 1239 1840 per
1269 1786 1454 1840 epistolas
1482 1787 1556 1826 ad·

155 1860 291 1885 versae
305 1845 506 1897 factionis
529 1847 762 1899 principum
790 1845 956 1893 delatus,
982 1851 1150 1899 propter
1178 1850 1322 1884 metum
1352 1844 1557 1884 Romano-

155 1917 259 1951 rum,
277 1904 348 1956 qui
367 1903 512 1956 lcqatos
529 1903 585 1941 acl
607 1902 1000 1957 Carthayiniensium
1021 1909 1201 1942 senatum
1223 1903 1269 1941 (le
1290 1917 1331 1941 eo
1352 1903 1555 1951 miserant,

151 1961 354 2015 prosufsus
388 1961 445 1999 ad
477 1960 721 2000 Antiochum
763 1975 891 2014 reqem
933 1960 1080 2015 Syriae
1119 1975 1159 2000 se
1200 1959 1376 2008 contulit,
1414 1960 1556 2001 bellum

158 2024 296 2058 contra
318 2018 521 2059 Romanos
535 2024 763 2077 parantem.
