1960 3218
104 255 300 296 U.C.565.

102 299 300 339 AMCIS'J.

290 1911 293 1914 ἱ
315 1858 439 1898 VOVlt.

182 1916 220 1953 3.

107 1970 417 2043 Cenomanispace
455 1973 635 2028 speciem
671 1972 770 2014 belli
801 1972 1264 2028 3113010115,1(101110111
1299 1988 1423 2014 arma.

101 2023 191 2043 arma
206 2014 260 2043 ad-

103 2059 215 2094 empta
229 2059 261 2086 et

103 2098 237 2130 reddita.

827 157 975 199 TITI
1018 157 1082 199 LI
1097 158 1195 200 VII

313 248 547 298 tradebant,
585 263 717 304 quum
753 248 1069 305 castigarentur,
1104 248 1258 289 relictis
1294 248 1407 298 vicis,
1445 248 1489 288 in
1526 256 1711 289 montem

314 306 535 362 Auginum
582 306 875 362 confugerunt.
953 306 1189 347 Confestim
1231 314 1397 347 secutus
1445 314 1507 346 est
1553 305 1709 346 consul.

317 363 463 405 Ceteri
494 363 615 404 effusi
646 379 798 413 rursus,
823 372 864 405 et
889 379 983 420 pars
1012 364 1194 404 maxima
1226 363 1418 413 ineimes,
1442 378 1516 418 per
1537 363 1650 404 invia
1670 372 1712 404 et

313 437 438 477 rupes
472 421 669 477 deruptas
704 421 1029 477 praecipitantes
1064 421 1274 477 fugerunt,
1311 437 1394 477 qua
1427 421 1544 476 sequi
1582 420 1713 461 hostis

314 494 401 519 non
432 488 582 534 posset.
646 478 712 519 Ita
737 489 850 520 trans
873 466 1151 535 Apenninum
1184 479 1386 519 amm-‚unt
1454 478 1541 526 Qui
1572 478 1713 518 castris

315 551 357 577 se
376 545 611 586 tenuerant,
627 537 887 577 circumsessi
904 537 1132 592 expugnati
1153 545 1260 577 sunt.
1313 536 1419 576 Inde
1439 546 1550 576 trans
1567 535 1711 591 Apen-

316 594 465 634 ninum
497 594 647 634 ductae
679 594 877 649 legiones.
942 593 1006 634 Ibi
1036 594 1200 643 montis,
1224 609 1351 649 quem
1381 602 1591 649 ceperant,
1622 593 1712 633 alti-

318 651 464 692 tudine
498 651 725 707 paullisper
755 666 797 692 se
831 651 966 700 tutati,
1000 666 1098 691 mox
1130 651 1173 690 in
1205 651 1465 691 deditionem
1498 666 1713 691 concesse-

316 717 428 749 runt.
482 709 593 749 Tum
617 709 853 764 conquisita
873 723 969 748 cum
992 708 1216 748 intentiore
1239 723 1338 748 cura
1359 723 1485 757 31103,
1508 718 1551 749 et
1571 709 1714 749 onmia

317 766 524 822 adempta.
589 766 856 806 Τ13051311101
891 765 1045 806 deinde
1081 765 1133 806 ad
1170 765 1377 820 Apuanos
1410 765 1589 820 Ligures
1625 765 1713 806 bel-

317 823 430 872 lum3
464 823 537 878 3111
569 823 613 863 111
644 838 789 876 agium
816 823 1015 863 Pisanum
1050 822 1448 878 Bononiensemque.
1480 823 1538 863 ita
1573 823 1713 863 ineur-

317 890 521 930 Sz'welant,
544 889 591 920 ut
612 880 692 921 0011
714 896 798 921 non
821 889 970 935 posset.
1036 880 1116 920 His
1138 895 1307 936 quoque
1329 880 1588 945 perdomitis,
1612 896 1713 921 con-

316 938 380 978 sul
401 953 546 993 pacem
570 937 689 978 dedit
710 937 910 978 finitimis.
966 937 1034 986 Et,
1060 938 1172 994 quia,
1196 953 1219 978 a
1242 937 1349 978 bello
1372 938 1516 993 quieta
1538 947 1585 978 ut
1606 946 1714 979 esset

347 1011 542 1060 rovme1a,
578 996 786 1045 effecerat,
824 1010 877 1036 ne
912 996 954 1035 in
992 996 1077 1036 0110
1113 995 1288 1036 militem
1323 995 1508 1044 haberet,
1542 995 1652 1036 viam
1690 1010 1744 1040 a3

315 1011 437 1093 lssom
427 1068 511 1093 ma
550 1053 750 1108 perduxit
790 1053 1020 1094 Arretium.
1085 1052 1146 1093 M.
1174 1052 1382 1094 Aemilius
1423 1053 1528 1094 alter
1567 1053 1713 1094 consul

315 1125 435 1167 agros
458 1110 660 1164 Ligurum
684 1111 895 1165 vicosque,
919 1111 991 1166 qui
1024 1111 1066 1150 in
1099 1111 1256 1166 campis
1287 1119 1358 1151 301
1378 1110 1554 1151 vallibus
1580 1120 1710 1160 erant,

314 1169 414 1223 ipsis
451 1176 615 1209 montes
651 1168 757 1209 duos
792 1167 991 1208 Balist'am
1030 1168 1418 1223 Suismontiumque
1456 1168 1710 1218 tenentibus,

315 1226 475 1266 deussit
502 1225 866 1281 depopulatusque
889 1235 961 1266 est.
1026 1225 1195 1266 Deinde
1218 1241 1302 1275 eos,
1321 1226 1393 1281 qui
1425 1226 1469 1266 in
1500 1226 1713 1267 montibus

315 1292 447 1332 erant,
478 1283 659 1332 adortus,
690 1284 825 1339 primo
857 1283 1018 1324 levibus
1054 1283 1221 1339 proeliis
1256 1283 1467 1339 fatigavit3
1500 1293 1712 1339 postremo

316 1351 481 1382 0030105
512 1341 554 1381 in
588 1341 719 1381 aciem
749 1340 1004 1381 descendere
1034 1341 1142 1381 iusto
1169 1341 1328 1396 proelio
1350 1341 1527 1382 devicit:
1562 1341 1604 1381 in
1627 1356 1712 1396 quo

315 1409 358 1439 et
380 1398 527 1439 aedem
550 1398 714 1439 Dianae
732 1398 855 1439 vovit.
909 1398 1100 1439 Subactis
1122 1398 1179 1439 015
1204 1399 1481 1454 Apenninum
1504 1399 1710 1448 omnibus,

317 1466 405 1496 tum
444 1465 778 1497 transmontanos
814 1456 983 1496 adortus
1018 1456 1082 1509 (in
1119 1455 1182 1496 his
1219 1465 1261 1496 et
1295 1455 1500 1496 Friniates
1534 1456 1712 1511 Ligures

316 1522 447 1562 erant,
471 1529 576 1569 quos
598 1529 683 1554 non
705 1513 864 1554 adierat
885 1513 934 1553 C.
953 1512 1203 1565 Flaminius)
1220 1528 1365 1554 omnes
1385 1513 1593 1554 Aemilius
1615 1514 1713 1555 sub-

316 1571 414 1625 egit,
438 1586 636 1626 armaque
659 1570 828 1619 ademit,
852 1579 895 1611 et
923 1570 975 1611 de
1005 1570 1219 1611 montibus
1249 1571 1294 1610 in
1325 1586 1492 1627 campos
1523 1571 1713 1612 multitu-

313 1628 456 1669 dinem
494 1629 684 1669 deduxit
755 1628 920 1669 Pacatis
957 1628 1198 1683 Ligwuibus,
1236 1628 1279 1668 10
1316 1644 1462 1683 31)·11110
1500 1628 1710 1669 Gallicum

314 1686 545 1726 exeicitum
569 1686 714 1727 duxit:
748 1686 975 1741 viamque
965 1686 1016 1726 ab
1035 1685 1265 1735 Placentii,
1285 1695 1331 1726 ut
1349 1686 1577 1727 Flaminiae
1598 1700 1745 1728 com-4

313 1743 512 1792 mitteret,
548 1744 790 1785 Α111111111110
824 1743 1034 1799 perduxit.
1099 1743 1266 1784 Ρ100110
1302 1744 1464 1793 ultimo,
1497 1759 1581 1799 quo
1615 1759 1711 1785 cum

315 1800 542 1856 Liguribus
574 1801 702 1856 signis
734 1800 893 1841 collatis
925 1800 1127 1849 conflixit,
1156 1800 1303 1841 aedem
1332 1801 1487 1841 Iunoni
1521 1802 1711 1858 Reginae

313 161 398 199 380

504 1857 654 1898 Haec
646 1873 688 1897 111
712 1857 938 1913 Liguribus
959 1873 1009 1898 eo
1031 1872 1141 1898 anno
1163 1867 1290 1913 gesta.

375 1915 426 1955 In
459 1915 597 1956 Gallia
622 1915 684 1956 Μ.
710 1915 859 1955 Furius
895 1924 1062 1971 praetor
1096 1915 1330 1956 insontibus
1369 1915 1637 1966 Cenomanis,
1668 1917 1710 1957 in

1487 1973 1538 2014 Id
1572 1975 1712 2015 Ceno-

317 2030 430 2071 mani
459 2031 677 2085 conquesti
702 2030 864 2070 Romae
897 2030 1009 2085 ipud
1038 2039 1242 2079 senatum,
1266 2031 1496 2086 reiectique
1528 2031 1579 2072 ad
1612 2047 1712 2072 000-

316 2088 449 2129 sulem
473 2088 718 2137 Aemilium,
741 2088 893 2137 001,111
919 2097 1190 2143 cognosceret
1221 2096 1520 2143 statueretque,
1543 2098 1711 2130 senatus

360 2238 376 2267 3
411 2230 497 2258 Viam
519 2240 538 2259 (ι
556 2230 702 2259 Bononia
716 2229 873 2267 perflarit
888 2230 988 2259 Arrc-

315 2273 411 2309 te'nm]
441 2272 545 2301 Aliter
566 2273 681 2301 Strabo
702 2282 729 2301 v.
749 2279 819 2309 217.
841 2271 895 2310 qni
921 2272 989 2300 vult

315 2314 401 2343 hunc
418 2313 616 2343 Flaminium
642 2313 815 2343 munivisse
841 2313 924 2343 viam
949 2315 988 2343 ab

317 2356 424 2386 Roma
443 2367 499 2395 per
517 2357 680 2385 Etruriam
699 2361 731 2386 et
751 2356 921 2386 Umbriam
940 2367 988 2385 us-

316 2409 378 2436 que
395 2400 435 2428 ad
452 2400 563 2428 urbem
582 2398 775 2428 Ariminum.
823 2399 988 2428 Nimirum

316 2440 371 2469 ille
406 2441 540 2470 credidit.
578 2441 737 2471 celebrem
775 2441 865 2470 illam
904 2445 935 2471 et
973 2452 992 2470 a

316 2483 428 2512 inultis
448 2487 656 2512 memoratam
676 2483 871 2512 Flaminiam
894 2484 991 2519 riam,

316 2535 399 2563 quae
424 2535 530 2554 revera
555 2527 594 2555 31)
618 2526 725 2555 Roma
748 2527 789 2555 ad
808 2526 991 2555 Ariminum

317 2568 472 2605 perducta
486 2568 600 2603 fuerat,
613 2567 772 2597 munitam
790 2578 857 2597 esse
873 2569 913 2598 ab
931 2568 991 2597 hoc

317 2610 448 2639 consule
475 2610 512 2640 C.
538 2609 708 2639 Flaminio.
756 2610 800 2639 At
826 2610 884 2639 1113
911 2620 992 2648 opus

317 2655 365 2681 est
382 2651 534 2681 Flaminii
554 2651 702 2687 censoris,
719 2651 807 2681 illius
822 2652 921 2690 ipsius
938 2651 990 2690 qni

318 2693 349 2723 in
363 2694 515 2733 pugnanti
528 2694 754 2723 Trasimcmun
768 2694 873 2723 lacum
887 2694 991 2733 periit,

318 2740 350 2766 ct
363 2740 410 2766 est
424 2736 556 2766 huiusce
572 2735 723 2766 Flaminii
737 2736 877 2766 consulis
892 2740 990 2775 pater.

320 2779 335 2808 Ι
341 2779 360 2808 d
388 2782 546 2809 testantur
572 2777 781 2809 Cassiodorus
807 2782 839 2808 et
866 2779 989 2809 Festus.

319 2821 396 2852 Vid.
421 2832 517 2860 supra
542 2832 596 2851 xx.
622 2823 670 2859 58.
718 2821 762 2850 Et
790 2822 895 2851 firmat
924 2821 991 2860 ipse

320 2863 442 2901 Livius,
463 2865 540 2894 dum
568 2863 767 2893 mentionem
796 2863 883 2900 facit,
905 2874 990 2903 supr.

319 2905 396 2937 xxii.
424 2915 469 2937 11.
502 2907 606 2937 multo
629 2909 705 2937 ante
728 2906 808 2937 hacc
832 2910 991 2946 tempora,

1036 2227 1218 2258 Flaminiae
1231 2228 1310 2262 riae„
1321 2234 1353 2258 et
1366 2228 1397 2257 in
1409 2238 1446 2258 ea
1459 2228 1546 2258 urbis
1557 2228 1711 2263 Ocriculi„

1035 2282 1119 2309 qua}
1145 2272 1219 2300 urbs
1242 2271 1274 2300 in
1303 2271 1472 2301 Itinerario
1497 2281 1624 2309 quoque
1646 2273 1709 2301 An-

1035 2313 1138 2343 tonini
1156 2313 1261 2352 prima
1277 2313 1413 2343 occurrit
1430 2314 1462 2342 in
1481 2313 1643 2343 Flaminia
1661 2313 1711 2343 via

1034 2358 1074 2386 ab
1093 2356 1200 2386 Roma
1218 2356 1398 2385 Ariminum
1418 2356 1577 2385 euntibus.
1603 2356 1709 2387 CREV.

1077 2411 1096 2436 4
1121 2400 1272 2438 l'iaqum
1288 2399 1326 2427 ab
1341 2399 1524 2434 Placentia,
1540 2403 1575 2427 ul
1590 2399 1709 2428 Flami-

1036 2451 1056 2470 η
1063 2442 1111 2471 itte
1121 2442 1334 2475 vommz'tleret‘,
1341 2442 1365 2469 A
1374 2442 1431 2469 rim
1438 2442 1468 2469 in
1476 2451 1525 2469 um
1535 2442 1706 2479 pertharit]

1038 2483 1131 2513 Ilaec
1148 2486 1194 2512 est
1213 2482 1263 2512 via
1282 2482 1432 2517 Aemilia,
1447 2492 1531 2520 quae
1548 2483 1645 2513 etiam
1663 2493 1709 2513 re-

1035 2525 1121 2563 gioni
1142 2535 1259 2554 nomen
1276 2524 1375 2554 dedit.
1421 2526 1573 2555 Ceterum
1597 2530 1709 2556 1101311-

1037 2569 1113 2597 dum
1131 2571 1177 2597 est
1194 2566 1246 2596 hic
1263 2577 1386 2596 rursum
1404 2567 1569 2598 dissentire
1585 2579 1604 2598 a
1618 2568 1710 2599 Livio

1037 2610 1240 2643 Strabonem,
1257 2609 1310 2647 qui
1333 2609 1430 2639 tradit.
1448 2611 1623 2640 Aemilium
1641 2621 1709 2641 mu-

1036 2652 1152 2681 nivisse
1176 2652 1258 2681 viam
1283 2652 1323 2680 ab
1346 2652 1491 2682 Arimino
1516 2653 1710 2691 Bononiam,

1036 2698 1133 2732 atque
1154 2693 1229 2724 inde
1247 2694 1429 2732 Aquileiam
1451 2706 1562 2734 usque.
1610 2696 1658 2726 Ut
1674 2700 1709 2726 ut

1037 2737 1088 2772 sit,
1101 2736 1151 2766 hic
1166 2736 1328 2766 Flaminia
1342 2737 1392 2767 via
1408 2738 1597 2777 accipienda
1613 2742 1659 2769 est
1672 2750 1710 2769 ea

1036 2789 1118 2817 quae
1145 2780 1185 2808 ab
1216 2780 1322 2809 Roma
1350 2780 1531 2810 Ariminum
1559 2781 1709 2817 ducebat,

1036 2832 1098 2851 non
1125 2832 1161 2851 ea
1187 2832 1283 2860 quam
1311 2823 1434 2862 collega
1459 2823 1554 2853 huius
1578 2822 1708 2853 Aemilii

1037 2863 1218 2894 Flaminius
1241 2875 1259 2894 3
1285 2865 1433 2895 Bononia
1449 2866 1610 2895 Arretium
1640 2876 1708 2905 per-

1037 2907 1165 2937 duxisse
1181 2907 1278 2938 modo
1294 2912 1491 2939 memoratus
1506 2911 1563 2940 est.
1588 2908 1694 2939 CREv.
