1960 3218
553 163 680 205 LIB.
714 161 913 204 XXXII.
957 162 1103 204 CAP.
1139 165 1206 206 27.
1535 165 1587 206 73

184 255 315 320 quina
335 254 466 296 millia
493 254 611 305 aeris,
634 263 677 296 et
696 254 946 296 libertatem.
1009 252 1199 294 Pretium
1229 267 1375 294 eorum
1395 269 1448 295 ex
1470 269 1586 295 aera·
1604 264 1644 296 U.
1663 265 1700 296 C.
1723 274 1795 304 554·

182 313 246 354 rio
267 312 449 354 solutum
471 321 534 354 est
549 312 743 354 dominis.
808 310 938 353 Haud
960 310 1018 352 ita
1038 311 1172 352 multo
1193 319 1300 376 post,
1323 326 1377 352 ex
1394 311 1584 353 eiusdem
1598 308 1638 339 Α
1662 309 1700 340 C.
1727 310 1796 348 ¹93·

185 371 487 412 coniurationis
527 369 728 426 reliquiis,
766 370 1009 411 nuntiatum
1043 379 1118 419 est,
1156 369 1324 410 servitia
1358 368 1585 412 Praeneste

184 437 448 485 occupatura.
513 428 577 469 Eo
603 428 653 469 L.
676 427 902 470 Cornelius
930 436 1098 484 praetor
1125 427 1349 483 profectus,
1376 427 1429 468 de
1460 428 1584 483 quin-

182 486 320 542 gentis
352 486 438 527 fere
472 485 726 536 hominibus,
762 486 835 542 qui
866 485 911 526 in
943 501 993 526 ea
1023 500 1135 526 noxa
1165 493 1296 535 erant,
1329 485 1583 541 supplicium

182 543 370 600 sumpsit.
434 543 486 585 In
512 544 660 585 timore
689 544 834 585 civitas
861 543 952 593 fuit,
980 543 1146 585 obsides
1175 543 1445 599 captivosque
1475 543 1584 585 Poe—

181 616 333 642 norum
355 617 405 643 ea
425 601 574 643 moliri.
638 601 788 658 Itaque
812 611 855 643 et
876 601 1039 642 Romae
1067 601 1234 657 vigiliae
1260 616 1335 657 per
1358 601 1470 643 vicos
1499 616 1585 643 ser—

151 668 322 708 7vatae3
356 660 539 716 iussique
568 660 787 701 circumire
810 675 880 701 eas
908 660 1091 700 minores
1120 659 1412 715 magistratus:
1447 669 1490 701 et
1512 660 1585 701 tri-

148 726 168 757 8
182 717 332 758 umviri
353 717 530 759 carceris
550 717 850 759 lautumiarum
871 717 1143 758 intentiorem
1171 717 1403 759 custodiam
1427 717 1582 760 habere

179 775 303 816 iussi:
339 784 381 817 et
402 775 512 817 circa
528 791 685 817 nomen
706 775 909 817 Latinum
932 791 956 817 a
975 784 1166 832 praetore
1188 775 1332 816 literae
1355 776 1517 826 missae,
1536 785 1584 818 ut

181 841 224 874 et
252 833 452 874 obsides
441 849 486 874 111
511 834 673 890 privato
701 842 978 883 servarentur,
1002 849 1155 898 neque·
1171 833 1215 874 in
1243 834 1460 890 publicum
1486 849 1584 890 pro-

180 890 341 932 deundi
362 891 536 933 facultas
564 891 746 957 daretur,
770 900 813 932 et
839 892 993 948 captivi
1022 907 1075 933 ne
1102 891 1240 932 minus
1269 892 1417 933 decem
1439 892 1583 948 pondo

180 946 456 1005 compedibus
485 950 617 991 vincti
642 949 687 990 in
715 949 832 991 nulla
859 950 952 999 alia,
975 965 1102 1005 quam
1130 949 1175 989 in
1206 950 1381 991 carceris
1409 950 1581 1007 publici,

180 1006 370 1048 custodia
390 1016 539 1048 essent.

240 1064 404 1106 Eodem
427 1081 537 1106 anno
566 1064 693 1121 legati
715 1066 766 1106 ab
793 1081 891 1121 rege
915 1064 1062 1107 Attalo
1087 1080 1283 1107 coronam
1310 1082 1479 1108 auream
1504 1067 1583 1109 du-
1660 1071 1728 1113 27.

181 1131 352 1164 centum
393 1123 673 1179 quadraginta
712 1138 786 1164 sex
826 1123 969 1179 pondo
1006 1123 1050 1164 in
1089 1123 1303 1179 Capitolio
1336 1134 1581 1181 posuerunt,

179 1180 417 1237 gratiasque
459 1181 623 1222 senatui
664 1190 854 1237 egerunt,
898 1180 1014 1236 quod
1054 1180 1306 1232 Antiochus,
1349 1182 1583 1239 legatorum

181 1237 474 1279 Romanorum
506 1238 754 1280 auctoritate
796 1247 946 1288 motus,
983 1238 1139 1280 finibus
1175 1239 1311 1281 Attali
1348 1241 1582 1283 exe1eitum

181 1295 435 1337 deduxisset.

238 1353 402 1395 Eadem
438 1334 592 1396 aestate
622 1355 787 1411 equites
815 1354 1001 1405 ducenti,
1032 1364 1075 1396 et
1102 1354 1317 1411 elephanti
1348 1356 1510 1407 decem,
1540 1365 1584 1398 et

179 1411 307 1453 tritici
328 1412 518 1453 modium
539 1412 723 1454 ducenta
743 1412 886 1463 millia,
910 1413 961 1454 ab
982 1428 1080 1469 rege
1103 1413 1328 1455 Masinissa
1348 1414 1401 1455 ad
1422 1415 1584 1456 exerci-

179 1477 283 1519 tum,
317 1470 389 1526 qui
422 1470 467 1511 in
503 1469 683 1512 Graecia
715 1479 815 1520 erat,
848 1480 1145 1527 pervenerunt.
1209 1471 1319 1513 Item
1352 1488 1404 1514 ex
1441 1472 1583 1514 Sicilia

183 1526 460 1584 Sardiniaque
474 1528 613 1585 magni
634 1537 892 1570 commeatus
907 1537 949 1570 et
962 1529 1212 1570 vestimenta
1225 1530 1429 1571 exercitui
1445 1531 1579 1572 missa.

184 1584 370 1626 Siciliam
397 1585 459 1627 M.
480 1564 721 1634 Marcellus,
749 1586 984 1628 Sardiniam
1007 1587 1069 1628 M.
1087 1587 1262 1629 Porcius
1287 1588 1396 1629 Cato
1417 1589 1581 1630 obtine-
1595 1601 1643 1633 Μ.
1657 1601 1752 1633 Cato.

179 1642 276 1692 bat3
310 1652 477 1685 sanctus
508 1652 550 1685 et
580 1644 796 1694 innocens,
830 1645 1015 1700 asperior
1046 1654 1187 1686 tamen
1218 1645 1263 1686 in
1293 1646 1437 1687 fen01e
1466 1662 1583 1688 coer-

148 1701 316 1752 9cendo
345 1701 523 1743 habitus.
586 1701 822 1758 Fugatique
852 1716 906 1743 ex
937 1702 1073 1743 insula
1100 1702 1367 1754 feneratores,
1397 1714 1439 1745 et
1471 1719 1585 1745 sum-

180 1767 290 1814 ptus,
309 1774 414 1814 quos
435 1759 479 1800 in
501 1759 662 1800 cultum
684 1768 925 1816 praetorum
947 1760 1048 1801 socii
1064 1760 1200 1802 faeere
1222 1761 1333 1802 soliti
1355 1770 1486 1812 erant,
1505 1763 1584 1804 cir-

180 1816 366 1867 cumcisi,
390 1825 462 1858 aut
482 1816 646 1858 sublati.

241 1873 336 1916 Sex.
358 1874 507 1916 Aelius
529 1875 677 1917 consul
705 1891 757 1916 ex
787 1875 926 1917 Gallia
952 1876 1218 1918 comitiorum
1247 1893 1371 1919 eausa
1400 1878 1580 1920 Romam
1597 1891 1748 1925 Comitia.

180 1947 312 1988 quum
334 1932 521 1982 ledisset,
543 1933 698 1974 creavit
718 1933 909 1975 consules
934 1933 984 1975 C.
1008 1933 1255 1976 Cornelium
1277 1935 1518 1993 Cethegum
1540 1948 1583 1978 et

184 1990 237 2038 Q.
259 1989 501 2031 Minucium
524 1990 697 2032 Rufum.
762 1990 902 2032 Biduo
930 2001 1024 2057 post
1050 2002 1291 2048 plaetorum
1313 1995 1484 2035 comitia
1508 1995 1582 2036 ha·

180 2047 278 2088 bita.
344 2047 427 2089 Sex
449 2057 661 2113 praetores
694 2048 764 2089 illo
787 2064 898 2090 anno
926 2050 1108 2114 plimum
1132 2065 1211 2091 cre·
1204 2051 1273 2100 111,
1297 2052 1581 2093 crescentibus
1595 2065 1658 2095 Sex
1676 2075 1766 2105 prae-

181 2104 262 2145 iam
286 2106 524 2161 provinciis,
547 2115 591 2147 et
611 2105 734 2146 latius
756 2114 997 2162 patescente
1020 2107 1207 2162 imperio.
1273 2108 1418 2150 Creati
1440 2118 1581 2151 autem
1594 2112 1688 2139 tores.

154 2161 239 2212 1hi,
259 2162 308 2204 L.
326 2162 514 2204 Manlius
531 2163 678 2212 Vulso,
700 2163 749 2204 C.
770 2163 1042 2219 Sempronius
1061 2165 1099 2205 Γ
1104 2165 1392 2215 0111110113,Μ
1413 2166 1583 2224 Selgius

185 2218 308 2271 Silus,
340 2220 403 2262 M.
425 2220 615 2271 Helvius,
648 2220 709 2262 M.
728 2221 946 2263 Minucius
976 2221 1126 2272 Rufus,
1158 2223 1207 2264 L.
1229 2223 1398 2267 Atilius.
1464 2203 1582 2267 Sem-

228 2385 243 2417 7
272 2379 466 2417 Triumvirz']
508 2379 684 2419 Capitales.
717 2380 756 2411 cf.
774 2390 859 2420 supr.

182 2431 257 2452 xxv.
279 2431 303 2452 1.

225 2465 244 2493 8
267 2463 537 2504 Lautumiarum]
575 2466 628 2495 Ita
644 2476 802 2496 carcerem
820 2466 861 2496 ad

906 2390 1023 2420 magno
1047 2390 1181 2410 numero
1204 2379 1297 2417 servi,
1316 2384 1348 2410 et
1372 2380 1484 2411 cohors
1506 2382 1584 2412 ami-

907 2433 1026 2454 corum.
1074 2424 1170 2459 Quae
1200 2423 1309 2453 omnia
1335 2423 1463 2454 sustulit
1490 2425 1584 2457 Cato.

908 2465 983 2496 Vid.
1000 2466 1088 2496 Plut.
1106 2466 1136 2495 111
1155 2467 1226 2497 Cat.
1244 2465 1374 2497 maiore.
1399 2467 1505 2498 Curw.

182 2506 426 2537 similitudinem
445 2507 688 2545 lautumiarum,
704 2519 786 2547 quae
804 2510 860 2548 Sy-

183 2549 303 2579 racusis
326 2554 427 2587 eraut,
451 2550 622 2588 appellari,
646 2561 684 2580 ex
710 2551 758 2586 iis,
780 2561 863 2590 quae

184 2591 299 2621 Festus
322 2592 362 2622 de
383 2592 443 2622 hac
471 2602 546 2622 voce
570 2597 692 2630 mouet,
714 2593 863 2631 colligere

184 2633 268 2663 licet.
295 2635 332 2664 ef.
350 2645 434 2674 supr.
452 2634 540 2665 xxvi.
558 2644 606 2674 27.
632 2636 748 2666 Festus
762 2647 788 2666 v.
800 2638 861 2666 La-

184 2678 312 2707 lumime.

227 2728 246 2759 9
269 2722 434 2757 Sumptus,
454 2731 531 2760 quos
558 2722 593 2750 in
620 2722 739 2751 cultum
767 2732 861 2760 prae-

184 2763 305 2799 torum]
334 2762 501 2792 Praetores
524 2764 740 2793 tabernaculis
763 2775 807 2799 se,
831 2767 863 2794 et

185 2804 287 2838 lectis,
303 2808 335 2833 ct
353 2808 438 2834 veste
458 2806 597 2843 stragula
620 2805 823 2836 instruendus
846 2817 863 2837 e

185 2847 316 2885 publico
341 2847 516 2883 eurab:mt;
539 2848 784 2887 sumptibusque
807 2860 862 2888 up-

187 2894 370 2927 paratorum
389 2889 606 2920 conviviorum
624 2892 798 2922 onerabunt
817 2903 863 2921 so-

187 2931 262 2969 cios,
280 2942 342 2961 11011
360 2931 419 2971 ipsi
436 2932 552 2969 solum,
569 2933 623 2963 sed
643 2938 674 2964 ct
695 2938 865 2973 sequentes

954 2518 964 2537 1
993 2510 1188 2547 sslass'eryins
1203 2510 1308 2546 Silas]
1347 2509 1399 2539 Dc
1423 2509 1519 2540 buius
1538 2510 1584 2540 in-

908 2550 1051 2581 credibili
1082 2551 1270 2582 fortitudine
1298 2562 1414 2590 operae
1446 2553 1585 2591 pretium

908 2597 955 2623 cst
987 2604 1177 2631 cognoscere
1204 2604 1286 2633 quam
1314 2599 1471 2625 memorat
1500 2596 1584 2627 l'liu.

910 2636 953 2666 H.
970 2636 1012 2666 N.
1030 2636 1079 2666 vii.
1099 2638 1146 2667 28.
1186 2638 1230 2674 Is,
1246 2637 1357 2666 multis
1372 2638 1585 2677 gravibusque

907 2679 1049 2718 acceptis
1076 2679 1107 2708 iu
1136 2680 1223 2709 bello
1252 2680 1446 2715 vulneribus,
1471 2686 1586 2712 neutra.

908 2731 1018 2758 runnu,
1035 2725 1147 2751 ueutro
1172 2723 1255 2761 pede
1276 2722 1352 2751 sutis
1369 2722 1467 2760 utilis,
1484 2734 1584 2762 quum

908 2763 939 2793 111
966 2767 1114 2803 praetura
1137 2764 1233 2795 sacris
1255 2769 1427 2801 arceretur,
1444 2770 1478 2796 ut
1498 2767 1582 2796 debi-

909 2806 958 2844 lis,
985 2806 1095 2836 habita
1126 2807 1280 2843 oratioue,
1308 2807 1338 2837 in
1367 2818 1432 2846 qua
1462 2810 1587 2847 egregia.

909 2859 966 2879 suu
990 2850 1074 2879 lucta
1098 2850 1374 2884 commemoravit..
1395 2848 1585 2889 huncigno-

909 2891 1042 2923 minium
1060 2893 1251 2932 deprecatus
1267 2896 1325 2923 est.
1350 2894 1456 2925 Culssv.
