1960 3218
552 161 679 203 LIB.
713 161 911 202 XXXII.

212 251 345 293 multo
367 251 520 318 minus,
541 267 648 308 quae
675 251 802 294 Ciani
824 167 1191 308 Abydenique,l
1151 252 1226 308 qui
1251 253 1397 308 procul
1418 270 1442 295 a
1462 256 1583 297 nobis
1600 263 1644 295 U.
1661 264 1699 295 C.
1722 273 1795 304 554·

719 318 957 351 nostrorum
992 309 1072 366 ipsi
1105 310 1341 361 vulnerum,
1376 311 1410 352 si
1442 313 1579 364 vultis,

157 242 197 273 ¹6

185 309 377 359 ⁶absunt,
414 310 523 366 passi
556 319 679 351 sunt:

961 162 1106 203 CAR
1141 166 1164 202 :2

186 367 534 432 ‘obliviscamur3
568 368 717 410 caedes
745 367 1089 424 direptionesque
1118 368 1326 409 bonorum
1357 368 1579 413 Messenae

152 440 169 470 3
185 425 257 465 ‘in
293 425 432 467 media
462 426 757 482 Peloponneso
792 425 946 467 factas·
937 458 947 474 ,
990 434 1033 467 et
1067 425 1277 482 hospitem
1314 426 1579 484 Cyparissiae

184 486 196 505 ⁶
214 482 461 525 Garitenem
484 493 630 525 contla
651 484 714 525 ius
736 499 860 525 omne
882 499 929 525 30
951 483 1010 525 fas
1032 484 1142 525 inter
1158 484 1302 543 epulas
1324 500 1453 542 prope
1472 486 1580 542 ipsas

148 545 195 584 4
211 541 420 582 occisum:

460 551 502 583 et
534 542 715 583 Aratum
746 551 908 598 patrem
929 541 1156 607 ‘filiumque
1192 541 1423 599 Sicyonios,
1447 559 1580 600 quum

182 602 354 640 ‘senem
386 599 598 641 infelicem
631 609 848 665 parentem
882 599 1009 641 etiam
1043 599 1252 656 appellare
1284 600 1429 642 solitus
1457 611 1577 652 esset,

183 656 476 707 ‘interfect0s3
510 657 586 698 filii
619 658 745 699 etiam
779 673 954 699 uxorem
988 657 1174 699 libidinis
1206 674 1331 700 causa
1362 659 1407 699 in
1433 659 1580 702 Mace-

148 728 165 759 5
182 718 194 737 ⁶
209 714 379 756 doniam
401 725 678 772 asportatam:
713 725 851 757 cetera
871 725 1015 782 stupra
1034 716 1246 772 virginum
1272 725 1580 759 matronarum-

148 784 167 817 6
182 776 194 795 ‘
209 788 292 829 que
325 773 527 815 oblivioni
559 774 739 815 dentur.

778 789 831 815 ne
865 774 949 815 sint
982 789 1079 815 cum
1115 774 1315 832 Philippo
1348 790 1425 826 reS,
1460 776 1579 818 cuius

181 831 468 873 ‘crudelitatis
496 840 613 873 metu
638 832 906 873 obmutuistis
927 847 1096 874 omnes:
1131 832 1249 888 (nam
1272 848 1380 889 quae
1409 833 1489 875 alia
1518 843 1580 875 ta-

150 905 166 939 7
182 889 334 930 ‘cendi
362 889 613 932 advocatis
603 906 647 930 in
676 890 903 932 concilium
931 905 1054 932 causa
1080 900 1143 932 est
1159 891 1197 947 ΖΡ)
1224 906 1321 932 011111
1345 892 1577 949 Antigono,

181 947 427 989 ‘mitissimo
449 964 496 990 ac
517 948 741 990 iustissimo
769 963 880 1005 rege,
903 957 946 990 et
967 948 1020 990 de
1048 949 1170 990 nobis
1197 949 1392 990 omnibus
1420 951 1578 1007 optime

182 1009 194 1028 ⁶
210 1005 372 1055 merito,
396 1006 683 1048 existimemus
705 983 1053 1062 disceptationem
1076 1022 1190 1048 esse:

1225 1023 1329 1048 num
1360 1008 1405 1049 id
1435 1018 1579 1064 postu-

181 1067 193 1086 ⁶
208 1062 314 1105 larct
333 1063 468 1105 facere
490 1080 579 1114 nos,
602 1064 716 1121 quod
746 1073 836 1105 tum
858 1064 948 1105 fieri
976 1080 1061 1106 non
1090 1066 1264 1121 posset?
1323 1065 1580 1108 Paeninsula

182 1125 274 1162 ‘est
319 1121 650 1178 Peloponnesus,
688 1122 875 1178 angustis
921 1122 1071 1163 Isthmi
1111 1123 1301 1164 faucibus
1341 1125 1579 1166 continenti

182 1183 194 1202 ⁶
209 1179 453 1230 adhaerens,
476 1180 581 1221 nulli
603 1180 785 1236 apertior
804 1195 944 1236 neque
966 1181 1255 1245 opportunior,
1278 1197 1404 1246 quam
1427 1198 1506 1223 nav
1510 1182 1577 1232 ali,

182 1241 193 1259 ⁶
208 1236 330 1278 bello.

397 1237 441 1279 Si
469 1247 639 1279 centum
670 1246 805 1280 tectae
838 1253 917 1279 nav
921 1253 977 1288 es,
1000 1247 1042 1279 et
1062 1238 1373 1303 quinquaginta
1402 1239 1579 1282 16110165

181 1299 390 1351 ‘apertae,
413 1304 455 1337 et
478 1296 650 1352 trisrinta
670 1295 813 1337 Issaici
842 1295 969 1337 lembi
991 1296 1244 1338 maritimam
1266 1312 1381 1338 oram
1402 1308 1577 1348 vastare,

181 1357 251 1394 ⁶et
278 1353 487 1410 expositas
514 1369 645 1411 prope
680 1354 725 1394 in
756 1354 857 1410 ipsis
889 1354 1080 1395 litoribus
1109 1355 1231 1396 urbes
1260 1356 1477 1411 coeperint
1505 1372 1579 1412 op-

180 1415 409 1467 ⁶pugnare,
431 1412 476 1452 in
505 1413 830 1454 mediterraneas
855 1412 1014 1453 scilicet
1041 1428 1116 1453 nos
1145 1413 1269 1454 urbes
1298 1413 1579 1470 recipiemus?

181 1468 433 1525 ‘Tanquam
470 1486 556 1511 non
592 1470 792 1512 intestino
828 1478 870 1511 et
906 1470 1106 1511 haerente
1145 1471 1190 1511 in
1223 1471 1322 1526 ipS1s
1353 1472 1580 1513 visceribus

181 1531 192 1550 ⁶
207 1541 378 1569 uramur
398 1528 539 1570 bello?
588 1528 735 1577 Quum
757 1537 867 1570 teria
889 1527 1023 1569 Nabis
1045 1537 1087 1569 et
1109 1528 1451 1579 Lacedaemonii,
1475 1530 1580 1571 mari

180 1584 407 1627 ‘Romana
441 1586 580 1628 classis
621 1587 858 1643 urgebunt3
907 1586 1020 1627 unde
1062 1586 1220 1642 regiam
1257 1588 1501 1629 societatem
1537 1597 1580 1630 et

181 1644 416 1698 ‘praesidia
437 1620 725 1686 Macedonu⁰m
754 1644 1006 1700 implorem?

1070 1645 1179 1685 An
1170 1645 1249 1701 ipsi
1277 1646 1427 1686 nostris
1455 1646 1579 1687 armis

181 1701 260 1742 ‘ab
281 1701 400 1743 hoste
426 1702 620 1744 Romano
643 1702 876 1744 tutabimur
897 1702 1033 1751 urbes,
1057 1717 1164 1758 quae
1187 1704 1570 1768 oppugnabuntur.
1561 1705 1579 1734 ‘³

147 1769 166 1798 8
181 1764 193 1782 ⁶
208 1759 374 1815 egreoie
397 1760 511 1801 enim
534 1760 695 1817 Dymas
717 1760 853 1816 priore
875 1760 986 1801 bello
1011 1775 1154 1801 sumus
1175 1761 1311 1803 tutati.

180 1817 442 1873 ‘emplorum
470 1818 591 1859 nobis
617 1818 777 1860 alienae
807 1817 946 1859 clades
974 1819 1203 1874 praebent:

179 1880 190 1898 ⁶
207 1875 566 1931 quemadmodum
588 1877 737 1917 ceteris
758 1875 954 1933 exemplo
975 1876 1116 1918 simus.

231 2042 242 2063 1
275 2035 366 2071 Quae
396 2034 492 2065 Ciani
522 2036 749 2075 Abydenique]
802 2035 855 2065 De

179 2076 355 2107 Cianorum
372 2077 525 2113 exscidio,
542 2078 581 2107 cf.
601 2078 716 2117 Polyb.
734 2088 786 2108 xv.
806 2087 853 2108 21.

179 2120 257 2149 Cius
289 2130 360 2149 vero
393 2120 568 2159 Bithyniae
605 2121 680 2150 urbs
713 2120 786 2157 fuit,
814 2121 855 2150 ad

179 2172 267 2192 oram
286 2163 512 2202 Propontidos,
535 2167 721 2202 expugnata
745 2167 777 2192 et
802 2163 854 2192 de-

179 2205 243 2235 leta
256 2216 275 2235 a
290 2205 444 2245 Philippo
458 2205 489 2235 in
502 2206 636 2245 gratiam
650 2205 794 2243 Prusiae,
803 2216 854 2245 ge-

179 2247 245 2278 neri
263 2248 331 2278 eius
347 2252 378 2278 et
395 2248 480 2279 socii.

223 2300 239 2320 2
258 2292 321 2328 Qui
334 2292 452 2331 procul
465 2302 484 2321 a
500 2293 589 2322 nohis
605 2292 739 2329 absunt]
765 2291 854 2327 Quo-

178 2343 313 2373 rumque
340 2334 421 2365 adeo
448 2334 583 2364 iniuriae
610 2334 727 2372 minus,
756 2344 853 2373 quam

179 2376 438 2415 Atheniensium,
451 2378 492 2408 ad
504 2388 562 2407 nos
574 2377 746 2417 pertinent.
767 2377 853 2408 CRE-

181 2428 268 2450 vum.

222 2471 239 2501 3
257 2464 421 2503 Hospitem
434 2464 640 2503 Cyparissiae
651 2462 852 2503 (ιἀνὶίειιειη]

181 2505 232 2536 De
259 2505 320 2536 hoc
345 2506 500 2537 Garitene
524 2506 605 2536 nihil
628 2506 853 2545 comperimus.

180 2547 363 2588 Cyparissia
393 2553 441 2579 cst
473 2549 630 2589 oppidum
662 2549 854 2579 Messeniae.

180 2590 286 2622 (ἷκεν.
323 2592 517 2623 Charitelem
535 2602 592 2631 pro
606 2593 792 2622 G'aritenem
809 2602 854 2622 re-

181 2633 288 2672 posuit
304 2634 444 2665 Bekker.

225 2688 244 2714 4
264 2678 405 2707 Aratum
418 2678 726 2717 patremfiliumque
743 2701 750 2708 .
765 2701 771 2708 .
787 2701 794 2708 .
807 2679 854 2708 in-

180 2720 342 2758 terfectos]
363 2719 438 2750 Vid.
453 2720 539 2751 Plut.
553 2720 585 2750 in
600 2720 709 2750 Arato.
743 2720 854 2756 Quan-

181 2771 277 2801 quam
304 2761 359 2792 ille
382 2762 511 2801 quidem
538 2763 672 2793 Aratum
697 2762 854 2793 iuniorem

182 2815 244 2834 non
261 2804 463 2835 interfectum
478 2815 495 2835 a
512 2805 678 2844 Philippo,
689 2806 742 2836 sed
757 2806 855 2836 medi-

182 2847 337 2878 camentis
358 2847 562 2886 quibusdam,
582 2858 664 2887 quae
692 2853 856 2879 moverent

181 2894 322 2920 mentem
352 2894 384 2920 ct
411 2890 600 2926 alienarent,
628 2891 667 2921 ad
700 2891 855 2922 insaniam

181 2933 331 2963 adactum
350 2937 516 2964 memorat.
540 2933 645 2964 Car-zv.

1378 1761 1485 1803 Satis
1506 1777 1580 1803 ex-

1238 1834 1292 1860 ne
1315 1835 1577 1875 quaeramus,

1166 1875 1325 1928 Nolite,
1349 1877 1450 1933 quia
1470 1877 1579 1919 ultro

949 2043 966 2074 5
992 2037 1106 2068 Cetera
1132 2038 1265 2076 stupra]
1305 2037 1344 2068 cf.
1362 2037 1456 2077 Supr.
1480 2038 1578 2068 xxvii.

901 2086 952 2117 31.

944 2119 963 2151 6
986 2123 1038 2152 Ne
1061 2122 1127 2151 sint
1149 2133 1221 2152 cum
1244 2123 1400 2162 Philippo
1423 2124 1490 2161 res]
1529 2124 1580 2153 Sit

901 2173 941 2193 ex
957 2164 1184 2195 emendatione
1196 2164 1323 2196 Dukeri
1336 2165 1478 2205 reposuit
1493 2165 1578 2196 Bek-

901 2206 966 2237 ker.

946 2256 961 2288 7
985 2251 1166 2289 Anti-clorio]
1201 2250 1267 2281 Hic
1284 2251 1467 2291 Antigonus
1482 2251 1579 2282 frater

901 2292 1057 2331 patruelis
1071 2293 1243 2330 Demetrii,
1254 2294 1309 2332 qui
1326 2298 1418 2333 pater
1431 2294 1578 2334 Philippi

899 2335 971 2372 fuit,
992 2338 1144 2374 tutorque
1168 2336 1314 2376 Philippi
1337 2337 1524 2376 impuberis,
1540 2347 1578 2367 ac

899 2388 955 2408 rex
978 2378 1198 2409 Macedonum
1222 2380 1334 2409 fuerat.
1382 2381 1415 2410 Is
1432 2380 1576 2410 Achaeo-

900 2431 969 2451 rum
985 2425 1115 2459 gentem
1131 2422 1364 2452 Macedonibus
1379 2422 1577 2454 devinxerat.

901 2464 954 2494 De
970 2464 1039 2494 eius
1055 2464 1125 2494 miti
1143 2465 1270 2504 ingenio
1287 2466 1464 2505 ceterisque
1481 2466 1576 2496 virtu—

900 2507 986 2537 tibus
1009 2508 1114 2537 multa
1144 2508 1264 2538 habent
1293 2508 1407 2548 Polyb.
1433 2508 1465 2539 ii.
1491 2513 1523 2539 et
1548 2520 1575 2539 v.

901 2553 932 2580 et
947 2550 1036 2580 Plut.
1054 2550 1087 2580 in
1104 2550 1246 2583 Aemilio
1263 2555 1294 2581 et
1311 2552 1422 2582 Arato.
1447 2552 1553 2583 CREv.

943 2593 962 2622 8
985 2594 1108 2632 Dymas
1130 2595 1238 2632 priore
1262 2595 1356 2633 bello]
1400 2595 1458 2625 Per
1481 2597 1578 2635 prius

901 2636 1016 2666 bellum
1039 2636 1286 2676 intelligendum
1311 2641 1358 2668 est
1381 2637 1476 2675 illud,
1491 2638 1578 2677 quod

901 2678 1043 2708 Romani
1056 2683 1203 2718 tempore
1218 2680 1296 2710 belli
1312 2679 1427 2711 Punici
1444 2680 1577 2711 secundi

901 2731 974 2751 cum
995 2721 1150 2762 Philippo
1173 2726 1347 2762 gesserunt.
1394 2723 1444 2753 Eo
1466 2727 1577 2754 autem

900 2764 988 2794 bello
1008 2764 1135 2804 Dymas
1156 2775 1176 2795 a
1197 2765 1356 2796 Romanis
1378 2770 1578 2806 expugnatas

902 2817 968 2837 esse
991 2817 1048 2837 suo
1073 2807 1143 2838 1000
1168 2807 1279 2838 Livius
1302 2818 1479 2839 memorare
1500 2809 1577 2840 omi-

902 2849 953 2887 sit,
970 2850 1054 2889 quod
1079 2861 1164 2880 nunc
1181 2851 1256 2881 data
1273 2852 1441 2881 occasione
1464 2851 1515 2881 hic
1535 2852 1577 2882 fa-

903 2892 955 2923 cit.
980 2893 1019 2923 cs.
1034 2893 1172 2924 Pausan.
1191 2893 1320 2924 Achaic.
1343 2902 1385 2933 17.
1414 2894 1525 2924 Dant.

1277 2984 1345 3018 r2

1533 168 1583 208 67

1596 307 1794 348 A.C.198.
