1960 3218
593 119 718 162 LIB.
752 118 926 161 XXXI.
970 118 1115 162 CAP.
1150 121 1188 162 7.
1555 124 1578 165 7

197 217 210 236 6
224 219 331 262 rant,
352 218 488 253 totum
515 210 560 251 in
582 209 831 267 Hispaniam
851 210 1032 251 aversuri
1052 209 1209 252 bellum
1229 211 1441 262 fuerimus,
1463 213 1578 269 quod
1593 224 1636 256 U.
1653 225 1691 257 G.
1713 234 1786 267 552

196 269 457 312 ‘cunctando
477 284 572 311 cum
594 284 755 309 summa
774 268 891 310 clade
912 276 1051 310 nostra
1070 268 1115 309 in
1136 267 1300 310 Italiam
1317 271 1577 326 accepimus?
1591 269 1630 300 A.
1652 269 1690 301 C.
1713 279 1784 302 200·

195 333 209 352 ‘
221 327 266 369 N
268 343 291 370 0
312 327 417 369 illud
433 326 604 384 quidem
620 326 795 367 dubium
816 335 889 376 est,
908 326 1011 382 quin
1031 326 1170 368 hunc'
1160 342 1297 383 ipsum
1318 327 1459 384 Philip
1461 344 1575 384 pum,

195 391 388 442 ‘pactum
409 386 491 427 iam
511 400 587 441 per
606 384 762 441 legatos
789 384 1011 440 literasque
1039 400 1135 426 cum
1162 384 1431 427 Hannibale
1421 402 1465 427 1n
1461 344 1577 428 pIta-

195 444 317 486 6113111
357 444 557 492 traiicere,
591 443 714 484 misso
755 458 850 483 curn
886 442 1012 483 classe
1055 442 1253 493 Laevino,
1287 444 1360 500 qui
1396 444 1504 486 ultro
1537 445 1576 486 ei

194 501 378 543 ‘bellum
408 501 589 551 inferret,
619 501 664 542 in
695 500 948 542 Macedonia
974 500 1312 543 continuerimus.
1376 502 1432 543 Et
1462 503 1577 559 quod

194 565 206 583 6
222 568 322 601 111110
342 560 527 609 fecimus,
551 575 680 615 quum
703 559 865 600 hostem
894 558 1177 600 Hannibalem
1197 559 1242 600 in
1263 559 1384 601 Italia
1404 560 1577 602 habere-

193 623 205 641 ‘
218 633 322 668 mus,
344 618 390 659 id
409 633 535 667 nunc,
558 617 676 674 pulso
698 616 818 658 Italia
841 616 1091 667 Hannibale,
1114 617 1286 658 devictis
1311 617 1576 674 Carthagini—

193 680 206 699 ‘
217 677 396 726 ensibus,
412 685 657 718 cunctamur
668 675 828 716 facere?
850 675 1064 716 Patiamur
1075 676 1366 732 expugnandis
1380 677 1574 727 Athenis,

192 734 326 776 ‘sicut
359 733 546 790 Sagunto
576 733 857 799 expugnando
890 732 1172 774 Hannibalem
1197 734 1303 790 passi
1331 749 1485 785 sumus,
1512 750 1576 777 se-

193 793 392 849 ‘gnitiem
412 801 594 834 nostram
616 792 795 848 experiri
817 806 981 845 rzegem
1014 807 1100 832 non
1122 792 1270 848 quinto
1291 792 1389 833 inde
1418 808 1572 844 mense,

191 850 573 907 ‘quemadmodum
589 851 640 892 ab
660 850 846 906 Sagunto
868 849 1095 899 Hannibal,
1113 849 1186 891 sed
1207 850 1355 906 quinto
1376 851 1473 892 inde
1491 852 1572 902 die,

191 913 203 931 6
216 924 343 964 quam
378 909 428 950 ab
463 908 669 950 Corintho
705 908 871 949 solverit
900 923 1039 958 naves,
1073 908 1117 948 in
1148 908 1311 949 Italiam
1345 910 1571 965 perveniet.

191 970 203 989 6
217 966 286 1008 Νο
308 967 582 1023 aequaveritis
605 966 833 1007 Hannibali
862 965 1118 1022 Philippum,
1141 981 1193 1008 ne
1218 966 1574 1023 Carthaginiensi-

162 1037 174 1057 1
192 1029 203 1047 6
218 1025 296 1066 bus
332 1024 611 1066 Macedonas·
602 1057 611 1074 ,
661 1024 824 1081 Pyrrho
858 1033 970 1065 certe
1006 1024 1246 1080 aequabitis.
1311 1025 1572 1081 Aequabitis,

191 1087 203 1106 6
219 1082 343 1124 dico?
397 1083 613 1148 Quantum
654 1083 719 1123 vel
753 1083 816 1124 vir
850 1083 949 1131 viro,
986 1082 1051 1123 vel
1085 1098 1188 1138 gens
1222 1083 1339 1138 genti
1370 1085 1572 1140 praestat!

192 1145 204 1163 6
220 1140 400 1182 Minima
421 1141 599 1182 accessio
615 1155 779 1196 semper
801 1140 953 1196 Epirus
973 1155 1102 1196 regno
1124 1140 1401 1182 Macedoniae
1422 1142 1512 1192 fuit,
1530 1154 1574 1184 et

191 1198 340 1240 ‘hodie
381 1207 453 1240 est.
516 1198 855 1263 Peloponnesum
895 1174 1044 1239 totamm
1066 1198 1110 1238 in
1150 1198 1309 1241 ditione
1351 1199 1573 1257 Philippus

191 1261 203 1279 ‘
215 1256 353 1306 habet,
372 1256 620 1313 Argosque
610 1271 732 1313 lpsos,
746 1272 832 1297 non
848 1264 987 1297 vetere
1008 1256 1117 1298 fama
1136 1257 1278 1313 magis,
1296 1272 1422 1313 quam
1439 1268 1571 1300 morte

158 1329 176 1350 2
191 1318 203 1338 ‘
215 1314 368 1371 Pyrrhi
384 1314 632 1356 nobilitatos.
695 1313 851 1356 Nostra
866 1329 978 1356 nunc
995 1329 1198 1371 compara.
1255 1315 1426 1363 Quanto
1442 1317 1572 1373 magis

191 1377 203 1395 ‘
214 1373 433 1414 florentem
447 1371 623 1422 Italiam,
639 1381 795 1429 quanto
810 1372 939 1429 magis
955 1372 1135 1429 integras
1151 1387 1228 1423 reS,
1246 1373 1367 1415 salvis
1382 1350 1571 1425 ducibus,

190 1430 335 1472 ‘salvis
357 1439 418 1472 tot
439 1430 702 1481 exercitibus,
720 1445 824 1487 quos
845 1406 1069 1472 PunicumO
1074 1439 1218 1487 postea
1237 1431 1393 1473 bellum
1407 1433 1573 1474 absum-

190 1489 307 1570 ‘psit,
325 1504 538 1546 aggressus
559 1489 746 1546 Pyrrhus
762 1497 903 1530 tamen
923 1489 1143 1539 concussit,
1160 1497 1203 1530 et
1223 1489 1354 1531 victor
1368 1505 1497 1547 prope
1519 1490 1572 1532 ad

190 1548 348 1604 ‘ipsam
370 1547 516 1588 urbem
544 1547 779 1589 Romanam
801 1547 937 1589 venit!
970 1546 1063 1588 Nec
1095 1547 1314 1589 Tarentini
1335 1548 1460 1590 modo
1482 1564 1572 1590 ora-

190 1609 297 1662 ‘que
326 1605 396 1646 illa
422 1604 580 1655 Italiae,
604 1621 729 1662 quam
756 1605 953 1646 maiorem
982 1605 1201 1647 Graeciam
1229 1615 1391 1655 vocant,
1418 1615 1464 1647 ut
1491 1607 1571 1647 lin-

190 1667 202 1686 ‘
216 1678 355 1719 guam,
370 1671 417 1704 ut
431 1678 585 1705 nomen
602 1674 764 1705 secutos
780 1663 980 1713 crederes,
995 1663 1069 1704 sed
1085 1663 1293 1729 Lucanus,
1309 1673 1350 1705 et
1368 1664 1569 1716 Biuttius,

189 1725 260 1762 ‘et
282 1721 457 1771 Samnis,
480 1737 504 1762 a
523 1722 642 1763 nobis
663 1721 916 1763 defecerunt.
980 1721 1098 1763 Haec
1119 1737 1202 1772 vos,
1225 1721 1260 1763 si
1284 1722 1536 1779 Philippus
1526 1738 1570 1764 1n

189 1782 201 1801 ‘
216 1778 380 1820 Italiam
403 1779 683 1828 transmiserit,
702 1780 894 1836 quietura
914 1787 985 1820 aut
1001 1795 1193 1821 mansura
1212 1780 1256 1820 in
1277 1779 1359 1821 fide
1377 1780 1570 1823 creditis?

155 1847 173 1877 3
188 1840 200 1859 ‘
214 1836 464 1879 Manserunt
504 1838 616 1879 enim
656 1837 818 1879 Punico
858 1846 1000 1894 postea
1039 1837 1158 1879 bello.
1230 1837 1462 1894 Nunquam
1501 1839 1569 1880 isti

188 1899 200 1917 6
214 1895 372 1951 populi,
394 1896 473 1936 nisi
495 1911 625 1951 quum
647 1896 792 1945 deerit,
815 1896 867 1936 ad
889 1911 1015 1952 quem
1036 1895 1277 1945 desciscant,
1300 1912 1324 1937 a
1344 1897 1462 1938 nobis
1483 1913 1569 1938 non

189 1957 200 1975 ‘
215 1953 424 1995 deficient.
489 1953 533 1995 Si
560 1954 761 2010 piguisset
781 1969 852 1995 vos
873 1954 917 1994 in
939 1954 1124 1995 Africam
1152 1954 1353 2003 traiicere,
1376 1955 1501 1996 hodie
1523 1955 1568 1996 in

189 2015 201 2034 ‘
216 2010 337 2052 Italia
373 2011 655 2053 Hannibalem
690 2021 732 2053 et
768 2011 1134 2068 Carthaginienses
1168 2012 1307 2053 hostes
1347 2012 1564 2054 haberetis.

188 2068 466 2110 ‘Macedonia
494 2070 645 2125 potius,
678 2085 804 2125 quam
835 2069 966 2119 Italia,
994 2069 1148 2110 bellum
1178 2069 1350 2110 habeat:
1384 2070 1566 2111 hostium

188 2131 200 2149 6
213 2127 335 2168 urbes
367 2127 538 2183 agrique
573 2127 681 2168 ferro
714 2136 838 2182 atque
875 2127 962 2183 igni
991 2136 1214 2168 vastentur.
1278 2127 1454 2183 Experti
1483 2128 1566 2169 iam

188 2189 354 2226 ‘sumus
392 2185 489 2226 foris
528 2185 660 2235 nobis,
698 2200 823 2240 quam
863 2184 990 2234 domi,
1026 2184 1210 2226 feliciora
1248 2185 1566 2242 potentioraque

188 2247 325 2284 ‘arma
354 2258 452 2284 esse.
515 2243 578 2284 Ite
615 2243 657 2283 in
691 2243 944 2298 suffragium,
976 2243 1082 2284 benc
1115 2243 1352 2284 iuvantibus
1386 2243 1477 2293 diis,
1510 2253 1564 2294 et,

188 2305 318 2357 ‘quac
341 2301 485 2342 Patres
505 2310 769 2351 censuerunt,
791 2316 862 2342 vos
882 2301 1034 2342 iubete.
1097 2300 1235 2342 Huius
1264 2301 1378 2343 vobis
1398 2311 1566 2343 senten-

188 2360 294 2400 ‘tiae
315 2375 399 2400 non
421 2359 565 2401 consul
582 2359 705 2400 modo
727 2367 870 2400 auctor
890 2367 964 2408 est,
982 2358 1055 2400 sed
1076 2359 1201 2400 etiam
1219 2359 1276 2399 dii
1293 2359 1563 2409 immortales;

188 2422 199 2440 ‘
215 2417 289 2473 qui
322 2417 423 2457 mihi
455 2417 701 2458 sacrificanti
736 2417 1021 2473 precantiquc,
1059 2425 1105 2458 ut
1137 2417 1216 2458 hoc
1256 2417 1413 2458 bellum
1448 2418 1564 2468 mihi,

155 2475 385 2525 4‘senatui,
420 2476 631 2532 vobisque,
663 2484 705 2517 ct
734 2475 853 2516 sociis
885 2491 932 2517 ac
964 2475 1123 2516 nomini
1160 2474 1325 2525 Latino,
1357 2475 1564 2526 classibus,

234 2612 244 2631 1
270 2604 470 2643 Aequahitis,
487 2602 594 2642 ‹lico?]
632 2603 778 2634 Alterum
803 2614 854 2634 ae·
945 2612 962 2641 3
989 2605 1187 2634 [Manserunt
1210 2604 1311 2642 euim]
1349 2604 1475 2635 Ironiee
1502 2605 1565 2635 dic-

187 2645 335 2684 quabitis‚
351 2647 435 2685 quod
459 2647 545 2685 apud
567 2646 706 2677 Crevier.
724 2650 756 2676 et
774 2646 853 2676 Dra·
897 2649 977 2677 tum.

187 2687 282 2718 kenb.
321 2688 527 2727 desideratur,
563 2689 688 2719 addidit
732 2690 854 2720 Jacobs.
942 2700 960 2727 4
979 2691 1023 2719 Et
1037 2690 1128 2719 sociis
1144 2700 1181 2719 (w
1197 2689 1317 2719 nomini
1332 2690 1465 2727 Latino]
1490 2690 1565 2719 Par-

187 2740 283 2769 quem
300 2730 438 2762 Bekker.
455 2736 617 2762 auctorem
635 2736 761 2762 secutus
777 2735 833 2762 est.
899 2731 1029 2762 1101113111
1054 2737 1083 2762 et
1104 2731 1209 2761 omisit
1229 2732 1365 2762 Bekker.
1411 2732 1564 2763 codice-111

232 2782 248 2802 2
265 2774 384 2803 Nostra
399 2785 484 2805 nunc
496 2776 661 2813 compara]
684 2775 776 2804 More
789 2785 855 2804 ora·
901 2774 986 2805 Vict.
1003 2774 1056 2813 qui
1076 2775 1231 2814 vobisque.
1249 2776 1400 2811 Quirites,
1415 2776 1505 2805 socii-5
1529 2787 1566 2805 mr

187 2819 304 2851 torum,
327 2815 379 2854 qui
407 2817 536 2855 multos,
562 2822 714 2856 tanquam
744 2828 854 2855 unum,
898 2819 1018 2848 nonn’nz'
1030 2818 1163 2848 Latino:
1188 2817 1480 2854 exhil›et‚Crcvier.
1496 2828 1564 2858 pro-

187 2858 406 2897 alloquuntur,
426 2860 607 2898 con'lpcllat.
653 2860 715 2890 Sed
731 2871 852 2900 compa-
898 2861 961 2891 bat.

188 2905 256 2933 rate
274 2902 414 2933 Gronov.
432 2906 464 2932 et
480 2902 617 2933 Crevier.
634 2903 768 2934 malunt.
