1960 3218
354 163 408 203 54
865 156 1013 199 ΤΙΤΙ
1055 156 1235 199 LIVII

149 262 194 294 U.
210 261 249 293 C.
272 269 343 300 554-
355 258 567 308 praetores
610 248 746 297 ambo,
788 262 919 303 quum
966 247 1009 287 in
1049 247 1284 303 provincias
1323 247 1547 297 venissent,
1588 255 1749 288 veteres

148 306 189 336 A.
213 304 252 335 C.
276 303 344 344 ¹98·
358 308 619 349 dimitterent
639 305 802 362 pedites
823 304 1083 360 equitesque.

150 368 253 417 attali
264 369 347 407 lega·
418 364 553 406 Attali
580 363 735 405 deinde
767 362 876 418 regis
908 362 1067 418 legatos
1099 362 1143 402 in
1176 369 1367 403 senatum
1398 360 1590 403 consules
1620 361 1751 402 intro-

150 414 338 484 {Jdffilnnfftum
360 422 585 464 duxerunt.
649 420 722 470 Hi,
748 435 889 475 regem
921 419 1047 460 classe
1076 433 1150 460 sua
1177 419 1391 475 copiisque
1423 418 1616 460 omnibus
1644 426 1753 460 terra

274 477 282 484 ’
360 480 549 535 marique
583 478 820 519 Romanam
850 492 939 518 rem
970 476 1124 526 iuvare,
1154 491 1346 532 quaeque
1377 476 1631 532 imperarent
1663 475 1752 516 Ro-

360 536 474 578 mani
510 535 713 585 consules,
750 534 926 590 impigre
967 542 1092 589 atque
1133 533 1380 575 obedienter
1418 533 1471 574 ad
1511 548 1602 574 eam
1639 532 1753 573 diem

360 594 519 643 fecisse,
541 608 673 649 quum
694 592 996 648 exposuissent,
1022 597 1033 615 ‘
1046 590 1213 632 Vereri’
1234 590 1445 640 dixerunt,
1470 597 1481 614 ‘
1494 606 1547 632 ne
1568 590 1613 631 id
1633 604 1753 646 prae-

364 657 495 692 ‘stare
517 651 556 692 ei
576 665 652 706 per
673 649 936 691 Antiochum
961 663 1103 705 regem
1128 648 1237 689 ultra
1264 663 1351 689 non
1375 648 1540 689 liceret:
1574 661 1754 688 vacuum

365 714 572 764 ‘namque
602 707 818 764 praesidiis
848 706 1064 748 navalibus
1092 706 1438 761 terrestribusque
1469 719 1647 761 regnum
1672 704 1754 745 At-

365 765 462 807 ‘tali
495 764 756 806 Antiochum
786 764 994 805 invasisse.
1056 763 1205 820 Itaque
1238 762 1432 804 Attalum
1465 777 1580 803 orare
1610 761 1756 802 Patres

366 823 659 878 ‘conscriptos,
682 822 715 863 si
743 837 817 863 sua
847 821 987 871 classe,
1010 836 1167 877 suaque
1190 835 1316 876 opera
1340 820 1403 861 uti
1431 819 1484 861 ad
1505 818 1756 861 Macedoni-

366 886 487 921 ‘cum
508 879 666 921 bellum
686 879 856 928 vellent,
878 879 1094 919 mitterent
1114 878 1193 934 ipsi
1217 877 1471 934 praesidium
1496 877 1550 918 ad
1577 890 1755 932 regnum

366 938 480 978 ‘eius
511 936 758 978 tutandum:
794 936 828 976 si
859 935 903 976 id
932 935 1106 984 nollent,
1135 936 1273 990 ipsum
1303 934 1357 975 ad
1386 949 1460 975 sua
1489 933 1757 975 defendenda

154 1003 300 1043 Respon-
366 1000 487 1035 ‘cum
511 994 639 1035 classe
671 1008 718 1034 ac
748 992 921 1048 reliquis
942 993 1073 1048 copiis
1093 992 1227 1033 redire
1249 992 1518 1047 paterentur.’
1578 990 1757 1032 Senatus

155 1056 225 1118 {um
242 1056 331 1077 sena-
364 1050 511 1107 legatis
541 1051 600 1091 ita
629 1050 873 1106 responderi
899 1050 1030 1099 iussit,
1052 1055 1063 1073 ‘
1080 1048 1209 1097 Quod
1239 1064 1313 1090 rex
1336 1048 1506 1089 Attalus
1533 1047 1661 1089 classe
1687 1063 1757 1089 co-

171 1098 217 1119 us.
367 1108 554 1164 ‘piisque
588 1107 678 1149 aliis
706 1107 833 1148 duces
866 1106 1080 1148 Romanos
1110 1107 1293 1156 iuvisset,
1320 1106 1365 1146 id
1394 1114 1559 1162 gratum
1593 1105 1757 1146 senatui

366 1171 491 1207 ‘esse.
555 1164 731 1205 Auxilia
758 1179 837 1204 nec
864 1164 975 1220 ipsos
1000 1164 1195 1204 missuros
1218 1163 1363 1205 Attalo
1386 1163 1581 1204 adversus
1604 1161 1757 1203 Antio-

367 1223 532 1272 ‘chum,
567 1222 727 1263 socium
766 1229 810 1262 et
849 1221 1031 1262 amicum
1071 1221 1217 1277 populi
1254 1220 1460 1262 Romani:
1505 1235 1584 1261 nec
1621 1219 1757 1260 Attali

367 1280 549 1321 ‘auxilia
587 1287 836 1327 retenturos,
877 1278 986 1319 ultra
1026 1293 1152 1333 quam
1198 1278 1285 1333 regi
1326 1276 1593 1318 commodum
1635 1285 1754 1318 esset.

366 1344 377 1361 ‘
394 1336 569 1393 Semper
593 1336 797 1392 populum
821 1335 1063 1376 Romanum
1089 1335 1233 1376 alienis
1253 1335 1391 1384 rebus,
1412 1335 1583 1376 arbitrio
1604 1333 1755 1384 alieno,

366 1400 536 1435 ‘usumt
570 1403 612 1434 et
638 1392 894 1449 principium
922 1401 964 1433 et
993 1393 1122 1433 finem
1153 1392 1197 1432 in
1225 1401 1430 1448 potestate
1461 1392 1659 1447 ipsorum,
1682 1391 1757 1447 qui

367 1457 471 1507 ‘ope
502 1465 577 1492 sua
608 1450 737 1491 velint
767 1449 931 1491 adiutos
962 1449 1189 1499 Romanos,
1219 1464 1319 1490 esse.
1382 1449 1564 1504 Legatos
1589 1447 1642 1489 ad
1663 1448 1758 1489 An-

366 1508 579 1549 ‘tiochum
607 1508 815 1556 missuros,
839 1507 912 1562 qui
938 1507 1149 1556 nuntient,
1173 1506 1308 1547 Attali
1329 1506 1583 1561 naviumque
1605 1506 1694 1546 eius
1714 1514 1758 1547 et

367 1571 377 1589 ‘
391 1565 573 1606 militum
595 1580 721 1620 opera
741 1564 936 1605 adversus
952 1564 1199 1620 Philippum
1220 1579 1489 1605 communem
1509 1563 1673 1604 hostem
1696 1563 1758 1604 uti

366 1622 594 1678 ‘populum
618 1622 871 1663 Romanum.
936 1621 1116 1662 Gratum
1144 1636 1241 1662 eum
1273 1621 1480 1662 facturum
1508 1628 1551 1661 et
1579 1620 1787 1670 senatui‚3

367 1685 378 1703 ‘
391 1680 426 1720 si
446 1694 576 1735 regno
593 1679 729 1720 Attali
750 1678 967 1728 abstineat,
985 1678 1178 1734 belloque
1201 1678 1380 1719 absistat.
1430 1677 1632 1733 Aequum
1653 1693 1756 1728 esse,

367 1737 524 1777 ‘socios
549 1745 592 1777 et
619 1736 774 1777 amicos
794 1736 940 1792 populi
964 1736 1147 1777 Romani
1168 1750 1286 1792 reges
1307 1736 1418 1776 inter
1438 1750 1480 1776 se
1503 1750 1672 1791 quoque
1694 1735 1758 1791 ip-

367 1799 378 1816 ‘
392 1808 456 1834 sos
477 1809 623 1849 pacem
645 1793 832 1834 servare.5
1117 1824 1120 1828 .

236 1855 273 1893 9.
427 1850 657 1891 Consulem
681 1850 731 1890 T.
752 1849 1016 1899 Quinctium,
1039 1849 1097 1890 ita
1128 1849 1271 1890 habito
1299 1849 1480 1898 delectu,
1504 1858 1550 1890 ut
1575 1864 1646 1890 eos
1670 1849 1756 1890 fere

158 1908 318 1950 Prodigia,
366 1907 536 1963 legeret,
566 1908 640 1963 qui
670 1907 715 1947 in
744 1906 950 1962 Hispania
980 1915 1052 1947 aut
1085 1906 1230 1947 Africa
1265 1906 1513 1948 meruissent
1547 1914 1756 1961 spectatae

365 1965 530 2005 virtutis
551 1964 715 2013 milites,
738 1972 1032 2019 properantem
1063 1963 1108 2003 in
1138 1963 1394 2018 provinciam
1426 1963 1618 2018 prodigia
1647 1978 1758 2004 nun—

365 2022 466 2062 tiata
486 2030 612 2077 atque
635 2036 778 2062 eorum
800 2021 1036 2076 procuratio
1059 2020 1222 2061 Romae
1244 2029 1484 2062 tenuerunt.
1549 2020 1618 2061 De
1639 2020 1757 2062 coelo

366 2088 474 2119 tacta
495 2087 614 2119 erant
634 2079 701 2119 via
720 2078 889 2133 publica
909 2077 1041 2127 Veiis,
1064 2077 1198 2118 forum
1221 2086 1263 2118 et
1283 2078 1408 2118 aedes
1428 2077 1539 2118 Iovis
1560 2077 1755 2128 Lanuvii,

366 2135 564 2177 Herculis
584 2136 709 2176 aedes
730 2135 912 2187 Ardeae,
938 2134 1111 2190 Capuae
1142 2149 1287 2175 murus
1312 2144 1354 2175 et
1384 2143 1518 2176 turres
1545 2143 1587 2176 et
1617 2135 1754 2185 aedes,

365 2208 472 2248 quae
507 2192 619 2233 Alba
650 2192 814 2232 dicitur.
886 2191 1067 2232 Coelum
1100 2191 1244 2232 ardere
1277 2192 1412 2232 visum
1449 2200 1538 2232 erat
1570 2192 1752 2233 Arretii:

366 2258 473 2290 terra
489 2249 664 2290 Velitris
685 2249 810 2289 trium
832 2248 1024 2303 iugerum
1045 2248 1179 2303 spatio
1201 2263 1376 2289 caverna
1397 2248 1557 2303 ingenti
1580 2248 1757 2289 desede-

363 2314 436 2346 rat.
493 2305 665 2347 Suessae
688 2305 916 2346 Auruncae
937 2305 1187 2345 nuntiabant
1209 2320 1364 2360 agnum
1386 2320 1482 2346 cum
1503 2305 1667 2346 duobus
1688 2320 1755 2346 ca-

362 2363 520 2417 pitibus
550 2371 710 2411 natum,
733 2370 775 2402 et
806 2361 1024 2402 Sinuessae
1056 2376 1229 2416 porcum
1260 2376 1356 2402 cum
1388 2362 1572 2403 humano
1603 2362 1751 2418 capite.

364 2419 523 2460 Eorum
553 2419 840 2474 prodigiorum
869 2433 992 2459 causa
1021 2417 1269 2473 supplicatio
1298 2433 1429 2458 unum
1455 2419 1568 2459 diem
1597 2419 1750 2460 habita.

364 2475 419 2515 Et
452 2475 642 2516 consules
678 2476 801 2516 rebus
837 2475 990 2515 divinis
1025 2489 1194 2530 operam
1228 2475 1459 2523 dederunt3
1495 2475 1752 2531 placatisque

153 2539 350 2586 Aelizxscos.
362 2532 453 2581 diis,
488 2532 664 2587 profecti
697 2532 741 2571 in
776 2531 1010 2586 provincias
1042 2540 1151 2571 sunt.
1216 2531 1364 2572 Aelius
1394 2547 1489 2572 cum
1522 2532 1571 2573 C.
1597 2532 1753 2575 Helvio

151 2585 227 2653 ἲξξέ]
242 2582 319 2613 ⁶²²¹·
360 2598 550 2644 praetore
582 2589 626 2628 in
660 2588 864 2629 Galliam:
908 2587 1224 2643 exercitumque
1255 2589 1306 2629 ab
1338 2588 1387 2628 L.
1419 2588 1603 2630 Lentulo
1634 2605 1752 2631 acce-

177 2641 185 2652 ‘
232 2647 238 2654 '
360 2654 494 2700 ptum,
510 2660 637 2700 quem
658 2644 869 2685 dimittere
888 2645 1078 2693 debebat,
1094 2645 1274 2700 praetori
1296 2645 1466 2686 tradidit
1479 2661 1489 2695 3
1522 2646 1610 2702 ipsc
1632 2647 1751 2688 novis

359 2702 606 2758 legionibus,
630 2717 733 2757 quas
754 2717 895 2743 secum
917 2701 1162 2751 adduxerat,
1184 2701 1341 2743 bellum
1361 2712 1575 2757 gesturus:
1610 2719 1748 2760 neque

401 2863 417 2891 3
443 2855 617 2884 Facturum
645 2859 674 2883 el
700 2852 845 2892 sctmlm']
886 2853 1027 2883 l’articu-
1075 2864 1115 2884 sc.
1143 2854 1263 2893 populo
1289 2854 1449 2886 Romano,
1468 2855 1624 2891 futurum
1649 2858 1679 2885 et
1701 2865 1745 2885 se-

360 2897 421 2926 lam
449 2902 478 2928 ct
505 2896 622 2926 delevit
647 2896 784 2925 Bckkcr.
831 2897 967 2925 (trulum
989 2897 1029 2929 ci,
1074 2897 1169 2926 nami
1186 2896 1320 2927 coniecit
1340 2895 1518 2927 Rubenius.
