1960 3218
159 254 206 287 U.
222 253 261 286 C.
284 251 356 294 556.

370 155 448 194 118
877 148 1026 190 ΤΙΤΙ
1067 147 1244 190 LIVII

427 241 591 283 Eodem
621 255 730 282 anno
760 239 1000 280 Antiochus
1025 254 1113 288 rex,
1143 252 1274 294 quum
1303 237 1562 278 hibernasset
1590 235 1761 293 Ephesi,

159 298 200 329 A·
223 298 263 329 C·
288 296 356 337 ¹96·
369 315 514 341 omnes
536 299 662 340 Asiae
691 298 880 339 civitates
907 297 952 337 in
981 297 1196 352 antiquam
1222 295 1388 351 imperii
1407 293 1628 335 formulam
1653 293 1764 335 redi-

159 397 342 428 Antiochus

369 373 467 414 gere
489 365 552 398 est
572 363 758 398 conatus.
822 354 878 395 Et
899 362 1056 394 ceteras
1085 353 1271 409 quidem,
1294 361 1366 393 aut
1387 352 1486 408 quia
1506 351 1607 392 locis
1627 350 1763 406 planis

159 439 271 470 Asiam
288 450 338 469 oe·
369 415 526 471 positae
549 422 678 463 erant,
702 421 775 453 aut
795 412 894 466 quia
914 426 1062 466 parum
1084 410 1304 451 moenibus
1321 410 1528 465 armisque
1550 424 1597 449 ae
1618 408 1765 449 iuven-

159 492 278 521 cupare
294 482 340 512 ni-

159 524 247 555 titur.

160 1393 339 1425 Chersone-

160 1445 232 1466 sum
248 1446 340 1466 oecu-

162 1482 231 1518 pat.

166 1969 312 2010 Lysima-

165 2012 272 2060 chiam
289 2023 334 2043 re-

160 2058 278 2086 stituit.

231 2483 298 2522 39.

371 472 451 513 tuti
483 472 683 520 fidebant,
716 470 831 510 haud
863 468 1087 509 difficulter
1121 467 1290 508 videbat
1324 467 1471 522 iugum
1507 474 1761 522 accepturas,

373 530 553 586 Smyrna
579 538 622 569 et
650 528 906 582 Lampsacus
934 525 1169 566 libertatem
1198 524 1476 580 usurpabant:
1511 522 1766 579 periculum-

371 603 453 643 que
495 594 595 635 erat,
630 600 696 635 ne,
731 585 764 625 si
798 598 1042 624 concessum
1077 582 1142 622 his
1176 582 1296 631 foret,
1330 581 1446 636 quod
1481 579 1798 629 intenderent,9

374 644 594 700 Smyrnam
614 643 657 683 in
674 641 852 683 Aeolide
871 639 1088 696 Ioniaque,
1108 639 1387 695 Lampsacum
1405 638 1449 678 in
1472 637 1764 693 Hellesponto,

371 701 474 742 aliae
516 701 640 741 urbes
678 706 966 754 sequerentur.
1030 697 1165 752 Igitur
1205 706 1247 738 et
1281 697 1370 752 ipse
1411 696 1463 736 ab
1500 694 1671 748 Epheso
1712 693 1767 734 ad

375 758 596 814 Smyrnam
620 755 893 798 obsidendam
922 754 1056 795 misit:
1091 761 1146 803 et,
1169 768 1276 809 quae
1300 752 1446 809 Abydi
1467 752 1610 808 copiae
1632 759 1764 800 erant,

370 815 579 871 praesidio
608 823 771 855 tautum
800 812 967 852 modico
994 811 1152 860 relicto,
1175 810 1274 851 duci
1301 810 1355 851 ad
1382 809 1663 865 Lampsacum
1691 823 1767 864 op-

371 871 648 928 pugnandum
670 870 798 911 iussit.
863 868 956 909 Nec
973 869 1013 909 vi
1036 876 1199 908 tantum
1216 868 1420 908 terrebat:
1455 866 1542 915 sed,
1563 881 1639 922 per
1654 866 1767 922 lega-

372 940 435 971 tos
456 929 607 969 leniter
631 926 886 983 alloquendo
913 924 1239 981 castigandoque
1268 924 1548 965 temeritatem
1570 932 1612 964 et
1637 923 1768 979 perti-

372 987 547 1036 naciam,
571 1001 688 1041 spem
709 984 938 1026 conabatur
957 982 1106 1032 facere,
1129 982 1258 1031 brevi,
1281 981 1395 1037 quod
1423 989 1628 1036 peterent,
1649 979 1768 1021 habi-

372 1053 512 1092 turos3
546 1043 631 1092 sed,
656 1057 787 1098 quum
816 1041 913 1082 satis
935 1049 976 1081 et
999 1040 1109 1096 ipsis,
1133 1048 1175 1080 et
1200 1040 1395 1080 omnibus
1416 1038 1506 1078 aliis
1534 1045 1766 1094 appareret,
1783 1053 1797 1074 1

372 1101 423 1142 ab
464 1116 562 1155 rege
593 1101 858 1155 impetratam
892 1113 963 1139 eos
995 1098 1245 1146 libertatem,
1278 1111 1363 1136 non
1399 1111 1475 1151 per
1505 1095 1768 1136 occasionem

370 1167 546 1214 raptam,
570 1158 736 1198 habere.
800 1155 1014 1196 Adversus
1043 1170 1149 1210 quae
1178 1153 1502 1209 respondebant,
1526 1158 1537 1176 ‘
1552 1151 1674 1193 Nihil
1694 1167 1769 1193 ne-

374 1221 385 1239 ‘
402 1231 484 1270 quc
506 1215 659 1263 mirari,
682 1228 822 1268 neque
851 1227 1096 1253 succensere
1119 1211 1384 1252 Antiochum
1405 1210 1572 1259 debere,
1595 1209 1629 1250 si
1650 1223 1769 1265 spem

374 1278 386 1296 ⁶
401 1272 604 1313 libertatis
624 1271 783 1312 differri
803 1285 888 1310 non
910 1270 1007 1310 satis
1029 1284 1164 1324 aequo
1185 1268 1325 1309 animo
1346 1267 1616 1323 paterentur.’
1672 1266 1768 1322 Ipse

373 1330 493 1370 initio
530 1329 650 1378 veris,
684 1328 859 1369 navibus
892 1328 942 1368 ab
981 1326 1151 1382 Epheso
1183 1326 1407 1381 profectus,
1441 1324 1767 1380 Hellespontum

372 1387 505 1443 petit:
559 1394 771 1427 terrestres
811 1385 951 1439 copias
992 1384 1126 1424 traiici
1166 1385 1217 1424 ab
1259 1382 1416 1438 Abydo
1455 1381 1800 1422 Chersonesum2

372 1444 501 1485 iussit.
569 1443 714 1491 Quum
747 1442 799 1483 ad
831 1441 1071 1497 Madytum,
1107 1440 1362 1482 Chersonesi
1392 1440 1552 1488 urbem,
1585 1438 1771 1479 terrestri

373 1501 563 1542 navalem
598 1500 829 1541 exercitum
863 1499 1080 1547 iunxisset,
1111 1498 1212 1553 quia
1242 1497 1475 1538 clauserant
1505 1504 1658 1552 portas,
1690 1495 1770 1536 cir-

374 1558 591 1599 cumdedit
620 1557 786 1598 moenia
814 1556 994 1604 armatis,
1018 1567 1060 1596 et
1081 1555 1161 1595 iam
1185 1570 1311 1610 opera
1331 1553 1586 1602 admoventi,
1609 1552 1769 1594 deditio

374 1624 437 1656 est
457 1615 577 1656 facta.
641 1614 760 1655 idem
784 1622 920 1654 metus
945 1612 1110 1654 Sestum
1134 1611 1364 1652 incolentes
1386 1611 1570 1666 aliasque
1588 1610 1800 1653 Cherso-3

373 1673 462 1713 nesi
485 1673 608 1713 urbes
629 1672 673 1712 in
701 1671 963 1711 deditionem
986 1670 1115 1711 dedit.
1179 1668 1491 1725 Lysimachiam
1513 1667 1611 1708 inde
1634 1667 1771 1707 omni-

372 1730 451 1770 bus
483 1728 607 1770 simul
639 1728 856 1769 navalibus
894 1728 1240 1782 terrestribusque
1271 1726 1402 1781 copiis
1436 1725 1563 1766 venit.
1629 1724 1770 1772 Quam

375 1802 507 1841 quum
529 1787 736 1827 desertam
759 1800 805 1825 ac
827 1793 997 1825 stratam
1023 1799 1152 1840 prope
1174 1798 1343 1824 omnem
1372 1782 1503 1822 ruinis
1528 1781 1768 1830 invenisset,

374 1844 592 1899 (ceperant
619 1852 773 1891 autem,
797 1842 1088 1897 direptamque
1116 1840 1391 1881 incenderant
1412 1839 1599 1879 Thraces
1626 1837 1770 1894 paucis

375 1910 471 1941 ante
494 1900 634 1954 annis)
655 1900 810 1955 cupido
839 1914 935 1939 eum
957 1898 1205 1938 restituendi
1227 1897 1411 1938 nobilem
1434 1897 1593 1944 urbem,
1616 1904 1658 1936 et
1678 1895 1770 1936 loco

375 1958 496 1998 sitam
519 1965 768 2013 opportuno,
788 1956 910 2011 cepit.
973 1955 1123 2011 Itaque
1142 1954 1257 1996 omni
1273 1969 1372 1994 cura
1387 1953 1511 1994 simul
1527 1961 1589 1993 est
1605 1967 1771 2008 aggres-

376 2030 457 2064 sus,
481 2024 523 2055 et
545 2023 656 2055 tecta
676 2028 901 2068 murosque
923 2013 1155 2061 restituere,
1179 2020 1220 2053 et
1241 2012 1392 2067 partim
1414 2010 1622 2050 redimere
1644 2009 1771 2050 servi-

377 2081 494 2113 entes
522 2070 899 2127 Lysimachienses,
921 2070 1072 2125 partim
1099 2070 1199 2125 fuga
1226 2083 1386 2125 sparsos
1412 2082 1488 2124 per
1516 2067 1770 2122 Hellespon-

378 2138 467 2170 tum
506 2128 903 2183 Chersonesumque
945 2127 1191 2182 conquirere
1226 2135 1269 2167 et
1303 2125 1574 2166 contrahere:
1618 2124 1771 2180 partim

376 2201 506 2228 novos
541 2186 725 2234 colonos,
759 2200 831 2240 spe
868 2184 1184 2225 commodorum
1220 2183 1445 2238 proposita,
1478 2182 1695 2230 ascribere,
1728 2188 1772 2221 et

377 2244 492 2284 omni
521 2243 646 2283 modo
673 2242 952 2297 frequentare.
1017 2241 1150 2282 Simul
1174 2249 1219 2280 ut
1247 2240 1460 2280 Thracum
1488 2252 1771 2279 summovere-

378 2309 445 2341 tur
485 2296 634 2348 metus,
669 2299 757 2354 ipse
798 2307 915 2354 parte
957 2298 1133 2338 dimidia
1173 2297 1430 2338 terrestrium
1466 2296 1680 2350 copiarum
1716 2294 1770 2335 ad

377 2357 722 2412 depopulandum
739 2356 933 2411 proxima
950 2355 1154 2395 Thraciae
1177 2362 1239 2395 est
1260 2353 1492 2408 profectus:
1517 2360 1679 2407 partem
1696 2366 1770 2392 na-

378 2414 574 2469 valesque
592 2414 725 2454 socios
742 2427 887 2453 omnes
904 2411 1074 2466 reliquit
1095 2412 1138 2451 in
1161 2411 1356 2466 operibus
1372 2409 1624 2450 reficiendae
1643 2408 1767 2449 urbis.

438 2470 525 2511 Sub
558 2470 637 2511 hoc
671 2479 835 2525 tempus
866 2477 908 2509 et
940 2468 988 2509 L.
1011 2468 1246 2516 Cornelius,
1280 2467 1426 2506 missus
1457 2467 1508 2506 ab
1539 2474 1686 2506 senatu
1717 2465 1771 2506 ad

378 2527 616 2568 dirimenda
646 2527 756 2567 inter
787 2526 1050 2566 Antiochum
1082 2524 1458 2579 Ptolemaeumque
1490 2538 1608 2578 reges
1639 2530 1773 2564 certa-

421 2695 440 2726 9
465 2686 557 2721 Quod
572 2684 792 2720 intenderent]
816 2682 924 2719 Vulgo
940 2680 1055 2720 legitur
1098 2681 1226 2717 urbem]
1265 2679 1372 2710 Locus
1399 2678 1531 2709 omnino
1558 2678 1688 2708 rcfictus
1713 2680 1771 2708 est.

379 2739 456 2768 qnos
471 2729 506 2756 in
525 2727 641 2762 Theba,
658 2725 743 2763 quod
761 2727 946 2762 corruptum
965 2727 1021 2753 cst.
1100 2723 1188 2753 Olim
1206 2723 1371 2759 legebatur
1386 2726 1551 2752 terrestres
1571 2722 1680 2760 copias
1694 2721 1771 2750 Ma-

426 2780 436 2799 1
456 2770 528 2804 Sed,
539 2779 635 2808 (sumn
646 2768 740 2804 satis]
760 2778 802 2796 sc.
810 2766 894 2796 Tum
908 2766 1052 2802 (lenium,
1096 2766 1204 2804 clytum
1222 2765 1354 2797 traiicit.
1372 2765 1558 2794 Chersonesi
1575 2764 1695 2794 urbem.

379 2822 478 2851 quum
500 2814 659 2840 constaret
683 2819 754 2839 cuin
780 2808 987 2847 impetratam
1012 2808 1052 2838 ab
1141 2816 1158 2845 3
1183 2808 1271 2837 Idem
1301 2811 1402 2837 metus
1428 2807 1553 2836 Sestum
1579 2804 1767 2841 incolentes]

380 2865 454 2893 rege
470 2864 548 2884 csse.
1098 2850 1195 2888 Vulg.
1218 2854 1284 2878 tum
1312 2850 1495 2885 incolentes,
1511 2848 1597 2887 quod
1619 2846 1770 2878 vitiosum

425 2906 439 2926 2
469 2898 643 2926 Terrestrcs
666 2895 773 2933 copias
791 2916 796 2922 .
815 2917 821 2923 .
840 2916 846 2922 .
864 2895 877 2922 (
887 2893 1051 2923 'ltersmtcse'
1097 2902 1164 2922 csse
1182 2891 1320 2922 Crevier.
1338 2890 1472 2920 censuit.
