1960 3218
549 144 676 186 LIB.
710 143 909 185 XXXII.
955 143 1102 186 CAP.
1141 148 1205 187 13.
1513 150 1565 191 57

172 236 340 278 Ducem
371 234 582 292 promissis
602 234 846 291 ingentibus
867 242 1101 299 oneratum,
1124 235 1158 275 si
1179 234 1285 276 fides
1305 243 1455 286 exstet,
1477 235 1570 276 vin·
1585 248 1629 281 U
1646 249 1684 281 c
1709 258 1783 290 554·

170 302 286 335 ctum
317 301 458 334 tamen
483 292 652 333 tribuno
675 290 812 333 tradit.
877 290 958 332 His
979 291 1110 357 copiis
1131 292 1189 333 ita
1209 291 1402 342 dimissis,
1426 309 1476 334 eo
1505 292 1783 334 in-A·C·198·

139 351 327 393 5tentius
359 350 578 391 Romanus
609 349 798 405 undique
835 349 963 390 instat
993 348 1085 405 capi
1118 349 1327 391 stationes.
1391 349 1569 391 Interim
1654 354 1717 391 12.

170 408 239 450 die
272 408 395 449 tertio
417 422 549 463 quum
570 407 785 456 verticem,
809 421 936 463 quem
957 407 1179 463 petierant,
1204 407 1389 448 Romani
1411 407 1570 463 cepisse
1586 407 1763 443 Quinctius

170 481 218 507 ac
241 473 383 506 tenere
414 479 457 505 se
478 464 595 505 fumo
617 464 926 520 significarent3
960 473 1050 505 tum
1071 479 1183 514 vero,
1207 464 1407 506 trifariam
1429 464 1572 505 divisis
1585 450 1769 533 {gfflrfigitur

169 522 314 578 copiis,
345 521 492 563 consul
521 521 627 563 valle
660 521 800 562 media
831 536 928 562 cum
962 521 1144 562 militum
1180 522 1328 563 robore
1359 521 1569 563 succedit:
1586 545 1675 575 pum.

169 594 328 622 cornua
348 579 497 620 dextra
516 578 718 635 laevaque
741 579 937 620 admovet
959 579 1114 620 castris.
1169 578 1264 620 Nec
1286 579 1456 644 segnius
1476 579 1574 620 hos-

170 645 234 679 tes
265 637 430 678 obviam
464 644 590 678 eunt:
631 644 685 685 et,
715 636 832 685 dum,
865 636 1065 677 aviditate
1097 636 1339 677 certaminis
1370 637 1572 693 provecti,

170 703 290 736 extra
325 694 582 735 munitiones
609 702 814 758 pugnant,
849 693 964 734 haud
995 693 1138 758 paullo
1169 694 1359 750 superior
1388 702 1450 735 est
1484 693 1575 735 Ro-

169 767 319 793 manus
355 750 487 801 miles,
517 760 560 792 et
586 751 754 801 virtute,
787 759 830 792 et
860 750 1047 800 scientia,
1080 759 1123 792 et
1156 766 1367 793 armorum
1403 766 1570 808 genere.

169 809 415 865 Postquam,
436 808 577 849 multis
593 807 821 849 vulneratis
839 808 1168 864 interfectisque,
1184 823 1381 865 recepere
1404 824 1446 850 se
1468 809 1574 865 regii

168 866 215 907 in
235 866 340 916 loca,
358 875 431 907 aut
451 865 732 931 munimento,
751 874 823 906 aut
845 874 994 907 natura
1014 874 1118 916 tuta,
1135 875 1316 907 verterat
1336 865 1574 923 periculum

169 923 215 965 in
231 924 459 973 Romanos,
479 932 636 964 temere
658 923 702 964 in
724 923 846 964 loca
836 923 994 979 iniqua,
1016 938 1095 965 nec
1117 923 1257 965 faciles
1279 923 1333 965 ad
1354 932 1572 980 receptum

170 982 383 1038 angustias
403 996 652 1037 progressos.
717 979 872 1036 Neque
895 981 1104 1036 impunita
1125 981 1361 1022 temeritate
1384 981 1485 1022 inde
1507 996 1573 1022 re-
1587 992 1615 1023 A
1632 996 1721 1033 tergo

169 1039 379 1095 cepissent
414 1053 516 1088 sese,
544 1038 588 1078 ni
621 1037 778 1079 clamor
811 1038 995 1094 primum
1026 1039 1077 1079 ab
1111 1046 1226 1095 tergo
1258 1038 1438 1104 auditus,
1471 1038 1572 1080 dein
1587 1036 1729 1066 Romani

169 1111 314 1152 pugna
344 1096 470 1137 etiam
499 1104 660 1151 coepta,
688 1104 876 1136 amentes
904 1095 1128 1151 repentino
1157 1104 1313 1138 terrore
1344 1096 1481 1161 regios
1511 1096 1572 1137 fe-
1585 1078 1757 1152 ξέἕᾶζῗιὲῐὲι

138 1153 303 1195 6cisset.
366 1153 503 1194 Pars
494 1168 538 1193 111
568 1153 711 1209 fugam
736 1153 857 1194 effusi
886 1162 1008 1194 sunt:
1041 1168 1136 1209 pars
1165 1154 1308 1210 magis,
1332 1154 1432 1209 quia
1455 1153 1572 1195 locus
1586 1163 1710 1203 fugant

169 1210 292 1267 fugae
329 1210 486 1259 deerat,
520 1225 648 1266 quam
684 1209 800 1265 quod
836 1209 965 1250 animi
1001 1210 1099 1251 satis
1135 1219 1244 1252 esset
1280 1211 1334 1252 ad
1369 1226 1571 1267 pugnam,

171 1283 303 1324 quum
335 1267 626 1316 substitissent,
660 1267 711 1308 ab
742 1267 876 1316 hoste,
899 1275 941 1308 et
972 1283 996 1308 a
1025 1267 1163 1309 fronte
1195 1277 1238 1309 et
1269 1268 1320 1309 ab
1353 1276 1471 1324 tergo
1503 1283 1574 1309 ur-

170 1334 310 1381 gente,
333 1325 607 1366 circumventi
629 1332 737 1365 sunt.
801 1323 948 1365 Deleri
981 1333 1092 1366 totus
1123 1325 1333 1367 exercitus
1363 1326 1515 1382 potuit,
1539 1326 1570 1366 si

170 1383 380 1438 fugientes
407 1382 617 1438 persecuti
639 1382 816 1423 victores
843 1390 1004 1423 0550111·
1039 1382 1112 1424 sed
1141 1383 1329 1438 equitem
1355 1383 1572 1439 angustiae

170 1439 443 1495 locorumque
469 1439 680 1495 asperitaS‚
703 1439 891 1504 peditem
914 1454 1123 1480 armorum
1153 1440 1334 1496 gravitas
1364 1417 1571 1497 imepediit.

172 1496 270 1538 Rex
305 1497 441 1553 primo
475 1497 604 1538 effuse
636 1512 684 1538 ac
717 1497 807 1538 sine
843 1506 1038 1553 respectu
1071 1497 1203 1562 fugit:
1238 1497 1352 1547 dein,
1383 1498 1573 1553 quinque

171 1554 351 1595 millium
382 1554 564 1610 spatium
594 1569 849 1619 progressus,
879 1569 1012 1610 quum
1044 1569 1098 1596 ex
1129 1555 1353 1611 iniquitate
1384 1554 1574 1596 locorum

170 1611 228 1662 id,
258 1611 374 1668 quod
409 1620 509 1661 erat,
543 1611 775 1667 suspicatus
811 1620 931 1661 esset,
965 1612 1085 1668 sequi
1118 1627 1205 1653 non
1238 1627 1358 1668 posse
1393 1612 1572 1676 hostem,

171 1669 355 1710 substitit
390 1669 433 1709 in
471 1668 635 1710 tumulo
669 1668 867 1734 quodam,
902 1669 1146 1725 dimisitque
1188 1685 1284 1711 suos
1319 1684 1396 1726 per
1432 1669 1576 1710 omnia

171 1726 270 1782 iuga
290 1725 516 1781 vallesque,
540 1726 613 1781 qui
634 1726 825 1782 palatos
815 1742 860 1767 ln
881 1741 1013 1767 unum
1037 1726 1295 1782 colligerent.
1356 1726 1459 1767 Non
1479 1726 1575 1783 plus

171 1783 335 1825 duobus
360 1783 546 1824 millibus
572 1782 792 1824 hominum
814 1783 987 1848 amissis,
1010 1792 1150 1825 cetera
1171 1784 1307 1825 omnis
1329 1783 1573 1834 multitudo,

171 1841 287 1882 velut
316 1840 483 1896 signum
508 1839 688 1905 aliquod
718 1850 874 1890 secuta,
902 1841 945 1881 in
976 1856 1108 1882 unum
1130 1856 1262 1897 quum
1294 1841 1574 1890 convenisset,

170 1898 382 1954 frequenti
408 1898 574 1953 agmine
603 1907 756 1953 petunt
777 1898 1050 1939 Thessaliam.
1116 1898 1313 1948 Romani,
1337 1898 1477 1954 quoad
1508 1907 1576 1939 tu·
1590 1912 1688 1944 Rex·
1680 1923 1713 1943 m

172 1964 262 1996 tum
298 1955 377 1996 fuit
409 1955 600 2004 insecuti,
635 1955 858 1996 caedentes
898 1955 1210 2011 spoliantesque
1248 1971 1401 2005 caesos,
1440 1964 1573 1997 castra
1589 1955 1725 1986 Thessa-

171 2012 302 2068 regia,
325 2012 451 2053 etiam
480 2013 570 2053 sine
597 2011 887 2053 defensoribus
912 2013 1072 2053 difficili
1097 2013 1227 2062 aditu,
1251 2013 1480 2068 diripiunt:
1514 2021 1577 2054 at-
1589 1997 1665 2028 liam
1682 1997 1775 2038 fugit.

175 2085 258 2125 que
282 2085 332 2110 ea
352 2078 475 2110 nocte
498 2069 540 2109 in
564 2069 648 2109 suis
670 2069 812 2110 castris
834 2078 1088 2110 manserunt.
1141 2070 1317 2110 Postero
1340 2070 1407 2110 die
1430 2070 1574 2110 consul
1657 2076 1723 2115 13.

173 2141 248 2182 per
280 2126 387 2182 ipsas
420 2126 644 2181 angustias,
677 2141 762 2181 qua
797 2141 840 2167 se
878 2126 988 2167 inter
1020 2126 1149 2167 valles
1181 2127 1341 2167 flumen
1374 2126 1573 2177 insinuat,
1588 2130 1744 2170 Seduitur

174 2184 338 2224 hostem
360 2184 561 2239 sequitur.
1589 2173 1713 2205 consul.

146 2252 160 2284 7
234 2240 331 2281 Rex
353 2255 490 2296 pruno
511 2240 579 2281 die
602 2240 653 2281 ad
677 2249 810 2281 castra
832 2241 984 2297 Pyrrhi
1006 2256 1105 2296 perv
1109 2241 1208 2282 enit.
1272 2241 1425 2290 Locus,
1448 2256 1576 2296 quem

174 2298 233 2338 ita
253 2308 417 2347 vocant,
441 2306 504 2338 est
524 2298 568 2338 111
591 2297 814 2353 Triphylia
836 2307 968 2339 terrae
993 2298 1224 2339 Melotidis.
1280 2298 1387 2339 Indo
1411 2306 1576 2353 postero

142 2354 244 2395 8die
275 2355 445 2411 (ingens
479 2355 558 2395 iter
590 2355 780 2410 agminis,
812 2355 885 2396 scd
918 2365 1054 2396 metus
1086 2354 1282 2411 urgebat)
1314 2355 1356 2395 in
1389 2364 1577 2395 montem

175 2389 367 2468 LingonD
374 2412 572 2467 perrexit.
614 2390 722 2468 C>Ipsi
753 2422 916 2454 montes
949 2412 1069 2468 Epiri
1100 2422 1211 2462 sunt,
1241 2412 1447 2452 interiecti
1484 2410 1580 2452 Ma-

224 2566 240 2596 5
270 2558 419 2597 Undique
450 2559 551 2588 instat
580 2559 653 2597 capi
683 2559 851 2596 stationes]
899 2557 1010 2597 phylia
1025 2557 1109 2587 enirn
1124 2558 1216 2587 estin
1233 2558 1468 2596 Peloponneso.
1508 2559 1579 2588 Me-

175 2609 216 2629 sc.
242 2599 365 2630 Consul
396 2604 486 2637 urget
518 2599 649 2636 milites,
676 2604 712 2630 ut
743 2610 853 2630 eorum
899 2601 970 2630 loeis
1000 2604 1108 2629 autem
1148 2610 1266 2630 nomen
1301 2604 1348 2629 est
1380 2600 1583 2639 Geographis

175 2651 271 2681 opera
299 2642 467 2680 capiantur
494 2642 661 2679 stationes,
689 2647 721 2672 et
747 2653 786 2672 ex
818 2642 856 2673 iis
900 2642 1055 2681 ignotum.
1093 2642 1276 2672 Gronovius
1288 2643 1439 2672 emendat
1453 2653 1491 2672 ex
1508 2652 1579 2672 con-

176 2683 316 2723 pellatur
332 2683 443 2714 hostis.
470 2684 623 2715 Gnoxov.
901 2685 1042 2715 iectura:
1069 2685 1172 2715 Locus
1200 2695 1289 2724 qvem
1317 2686 1363 2714 ila
1387 2689 1512 2721 voc-(ml,
1536 2689 1582 2715 est

219 2724 238 2756 6
262 2727 348 2755 Pars
364 2728 477 2765 mnyz's,
493 2727 587 2766 quia]
632 2727 684 2757 Ita
707 2727 854 2757 emenda·
901 2727 1135 2766 Stymphaliam
1172 2728 1258 2757 inter
1294 2731 1324 2757 et
1353 2728 1581 2757 Elimiotidem.

178 2767 221 2797 vit
234 2767 382 2797 Muretus
396 2778 451 2807 pro
462 2770 539 2808 quia
553 2771 664 2808 massis,
674 2770 758 2808 quod
772 2769 856 2799 Bek-
903 2769 1109 2807 Stymphalia
1127 2773 1159 2798 et
1177 2768 1340 2799 Elimiotis
1361 2772 1435 2798 sunt
1458 2769 1581 2807 regiun-

177 2810 242 2840 ker.
260 2809 386 2839 retinet.
904 2811 996 2841 culae
1023 2811 1056 2840 in
1087 2811 1281 2842 Macedonia
1308 2820 1371 2840 non
1404 2811 1514 2850 procul
1542 2811 1582 2840 ab

223 2861 239 2889 7
264 2853 377 2888 Lucus,
401 2863 493 2892 quem
524 2854 568 2882 ita
601 2858 727 2889 vocant,
749 2858 796 2884 est
824 2855 855 2882 in
906 2853 975 2883 Aoo
993 2853 1136 2883 flumine.
1162 2854 1269 2884 ΟΜΝ.

181 2895 366 2933 Triphylia]
388 2895 482 2926 Haec
498 2896 651 2926 mendosa
664 2900 748 2926 sunt.
788 2895 857 2926 Tri—
947 2895 966 2924 8
986 2897 1029 2925 In
1044 2901 1178 2928 montem
1196 2896 1321 2935 Linffon
1335 2896 1490 2936 perrexit.
1529 2896 1581 2933 Ip-
