1960 3218
373 131 452 169 142
876 126 1023 168 ΤΙΤΙ
1066 126 1243 169 LIVII

165 228 208 259 U.
225 229 262 260 C.
286 237 358 269 557·
370 219 577 269 omnibus,
594 219 890 276 incompositos
903 219 1154 276 aggreditur.
1218 218 1393 274 Equites
1407 218 1560 274 primos
1577 218 1628 259 ab
1643 227 1755 260 utro—

164 271 201 302 A.
226 272 263 303 C.
290 280 357 313 ¹95·
370 292 452 333 que
474 292 605 318 cornu
620 277 664 318 in
685 292 870 334 pugnam
887 277 1051 318 educit:
1085 276 1159 318 sed
1179 277 1223 317 in
1240 276 1387 317 dextro
1404 275 1616 332 extemplo
1632 276 1754 332 pulsi,

228 1206 290 1244 15.

161 1261 204 1291 Et
220 1261 324 1301 fugat..

370 334 651 391 cedentesque
673 335 827 391 trepidi
848 335 973 376 etiam
994 335 1126 391 pediti
1148 343 1348 376 terrorem
1369 333 1560 375 intulere.
1627 333 1755 382 Quod

370 393 443 434 ubi
472 393 577 434 vidit
607 394 765 442 consul,
797 395 899 434 duas
930 393 1120 434 cohortes
1155 392 1336 433 delectas
1367 392 1417 433 ab
1448 391 1597 432 dextro
1627 391 1754 432 latere

370 451 554 492 hostium
581 451 838 492 circumduci
860 451 988 500 iubet,
1011 459 1053 491 et
1073 451 1123 491 ab
1150 460 1265 506 tergo
1294 465 1335 491 se
1366 450 1597 499 ostendere,
1620 449 1755 505 prius-

371 524 498 565 quam
519 518 816 550 concurrerent
836 509 1026 565 peditum
1047 509 1165 550 acies.
1229 507 1270 549 Is
1292 516 1422 549 terror
1438 508 1623 548 obiectus
1644 506 1755 548 hosti

371 582 471 616 rem,
513 576 630 608 metu
681 567 968 607 Romanorum
1010 566 1200 622 equitum
1247 566 1502 615 inclinatam,
1545 565 1749 621 aequavit.

372 624 534 665 Tamen
554 624 658 665 adeo
681 625 833 666 turbati
859 633 976 665 erant
998 624 1168 665 dextrae
1191 623 1278 665 alae
1303 623 1465 679 equites
1492 623 1751 679 peditesque,

370 691 416 723 ut
438 682 640 738 quosdam
662 682 806 723 consul
834 698 961 723 manu
991 683 1077 738 ipse
1106 681 1433 738 reprehenderit,
1457 691 1498 722 et
1526 695 1688 722 aversos
1708 680 1752 721 in
1770 700 1782 720 1

369 739 533 782 hostem
553 741 733 781 verterit.
797 740 873 789 Ita,
888 750 930 781 et
947 755 1072 796 quam
1093 740 1167 780 diu
1188 739 1410 780 missilibus
1430 747 1663 795 pugnatum
1677 746 1752 788 est,

369 813 521 854 anceps
542 813 684 854 pugna
711 807 820 839 erat:
855 807 897 839 et
918 798 998 839 iam
1021 799 1071 839 ab
1093 797 1241 838 dextra
1264 806 1395 853 parte,
1418 798 1530 837 unde
1559 804 1691 837 terror
1711 804 1754 837 et

367 855 467 912 fuga
487 867 693 911 coeperat,
716 871 836 911 aegre
861 856 1077 896 Romanus
1094 855 1283 896 restabat.
1346 855 1416 895 Ab
1437 855 1601 895 sinistro
1623 869 1752 895 cornu

369 922 411 954 et
441 914 492 955 ab
522 913 656 954 fronte
688 914 942 969 urgebantur
971 913 1146 962 barbari,
1174 922 1216 953 et
1243 913 1434 953 cohortes
1465 912 1515 952 ab
1544 921 1660 967 tergo
1687 912 1753 951 in-

368 980 524 1012 stantes
555 971 694 1027 pavidi
724 971 1012 1027 respiciebant.
1078 970 1151 1020 Ut,
1181 970 1338 1011 emissis
1368 969 1586 1011 soliferreis
1615 957 1782 1029 falari-3

367 1029 523 1085 cisque,
564 1029 724 1085 gladios
770 1029 1040 1078 strinxerunt,
1078 1036 1167 1070 tum
1213 1028 1327 1069 velut
1366 1027 1645 1083 redintegrata
1690 1035 1753 1068 est

367 1102 521 1143 pugna.
584 1086 685 1128 Non
716 1087 849 1128 caecis
879 1087 1029 1128 ictibus
1056 1085 1202 1143 procul
1229 1102 1281 1127 ex
1312 1085 1534 1142 improviso
1561 1084 1753 1126 vulnera-

368 1146 542 1186 bantur:
583 1145 670 1195 sed,
702 1145 809 1201 pede
841 1144 1004 1194 collato,
1030 1153 1117 1185 tota
1147 1145 1190 1184 in
1221 1144 1372 1184 virtute
1398 1159 1444 1184 ac
1474 1143 1630 1184 viribus
1659 1157 1752 1198 spes

369 1212 468 1244 erat.
531 1203 675 1244 Fessos
697 1203 778 1243 iam
807 1217 901 1244 suos
922 1203 1079 1252 consul,
1103 1218 1153 1243 ex
1183 1201 1367 1244 secunda
1388 1202 1475 1242 acie
1497 1200 1752 1242 subsidiariis

368 1260 609 1302 cohortibus
649 1261 693 1301 in
732 1276 917 1317 pugnam
958 1260 1151 1309 inductis,
1194 1259 1397 1301 accendit.
1481 1258 1604 1299 Nova
1643 1258 1751 1299 acies

366 1318 484 1360 facta.
547 1318 706 1374 Integri
729 1319 967 1360 recentibus
996 1318 1088 1359 telis
1115 1318 1304 1374 fatigatos
1335 1317 1469 1358 adorti
1499 1317 1638 1357 hostes
1667 1316 1751 1372 pri-

367 1392 481 1418 mum
510 1377 594 1417 acri
619 1376 792 1432 impetu,
815 1376 930 1417 velut
954 1391 1101 1425 cunco,
1123 1375 1415 1432 perculerunt:
1449 1374 1602 1415 deinde
1632 1373 1750 1414 dissi-

366 1443 484 1491 patos
505 1434 549 1474 in
569 1434 710 1490 fugam
728 1442 988 1475 averterunt:
1023 1435 1236 1490 effusoque
1254 1448 1328 1489 per
1343 1448 1461 1488 agros
1475 1447 1598 1472 cursu
1618 1440 1751 1472 castra

366 1492 673 1548 repetebantur.
738 1492 825 1533 Ubi
842 1492 982 1533 omnia
997 1491 1095 1547 fuga
1111 1491 1318 1547 completa
1334 1490 1438 1531 vidit
1457 1489 1577 1539 Cato,
1592 1490 1680 1545 ipse
1697 1489 1750 1530 ad

366 1549 593 1592 secundam
614 1549 834 1605 legionem,
858 1565 964 1605 quae
997 1550 1037 1589 in
1059 1549 1243 1590 subsidio
1270 1549 1404 1605 posita
1431 1556 1532 1597 erat,
1555 1562 1665 1603 equo
1685 1562 1750 1588 re-

365 1608 556 1649 vehitur:
590 1617 632 1649 et
660 1607 778 1663 signa
807 1623 905 1663 prae
936 1622 978 1648 se
1004 1607 1114 1657 ferri,
1140 1606 1350 1663 plenoque
1379 1605 1511 1661 gradu
1537 1605 1589 1646 ad
1619 1613 1751 1646 castra

366 1665 548 1707 hostium
570 1666 852 1721 oppugnanda
880 1665 1102 1706 succedere
1124 1665 1250 1705 iubet.
1317 1663 1360 1705 Si
1382 1663 1473 1720 quis
1502 1671 1620 1704 extra
1640 1662 1752 1704 ordi-

365 1739 461 1765 nem
492 1723 652 1764 avidius
679 1723 897 1779 procurrit,
920 1732 962 1764 et
984 1723 1072 1779 ipse
1094 1722 1395 1777 interequitans
1416 1736 1535 1777 sparo
1556 1720 1749 1777 percutit,
1763 1737 1782 1764 4

365 1790 408 1822 et
425 1782 612 1822 tribunos
625 1781 973 1836 centurionesque
991 1780 1188 1836 castigare
1211 1780 1339 1821 iubet.
1402 1779 1491 1820 Iam
1508 1787 1640 1820 castra
1655 1778 1751 1819 hos-

366 1839 471 1880 tium
500 1839 871 1895 oppugnabantur:
906 1838 1111 1894 saxisque,
1134 1846 1176 1878 et
1197 1837 1381 1886 sudibus,
1399 1845 1441 1877 et
1462 1836 1575 1877 omni
1596 1850 1749 1892 genere

365 1896 542 1938 telorum
560 1897 926 1937 summovebantur
938 1895 1045 1936 vallo
1063 1895 1256 1936 Romani.
1321 1894 1407 1935 Ubi
1424 1909 1567 1935 recens
1584 1893 1751 1934 admota

364 1954 473 2010 legio
495 1963 568 2003 est,
592 1962 680 1995 tum
703 1963 745 1995 et
771 1954 1109 2010 oppugnantibus
1131 1954 1294 1993 animus
1322 1952 1461 2000 crevit,
1487 1961 1528 1993 et
1548 1951 1749 1992 infensius

364 2012 504 2054 hostes
520 2027 595 2068 pro
612 2012 718 2053 vallo
734 2012 988 2068 pugnabant.
1045 2010 1205 2052 Consul
1219 2010 1360 2051 omnia.
1372 2009 1501 2051 oeulis
1514 2009 1748 2065 perlustrat,

365 2079 423 2120 ut,
447 2085 531 2126 qua
551 2070 724 2110 minima
743 2069 783 2110 vi
804 2070 1027 2118 resistatur,
1050 2084 1099 2110 ea
1125 2077 1240 2125 parte
1263 2068 1475 2123 irrumpat.
1538 2066 1611 2107 Ad
1631 2066 1750 2108 sinis-

364 2136 470 2169 tram
491 2137 654 2184 portam
675 2127 961 2183 infrequentes
977 2126 1114 2168 videt:
1148 2142 1198 2167 eo
1219 2126 1426 2167 secundae
1444 2124 1619 2181 legionis
1635 2124 1750 2181 prin-

364 2186 477 2242 cipes
498 2186 763 2241 hastatosque
793 2185 965 2226 inducit.
1030 2184 1130 2225 Non
1158 2184 1354 2224 sustinuit
1379 2183 1582 2239 impetum
1604 2196 1749 2223 eorum

364 2243 499 2293 statio,
522 2259 628 2299 quae
651 2252 793 2299 portae
815 2243 1003 2299 apposita
1024 2251 1133 2283 crat:
1169 2250 1210 2282 et
1238 2241 1377 2290 ceteri,
1400 2250 1619 2296 postquam
1641 2239 1749 2280 intra

364 2301 517 2342 vallum
539 2301 676 2342 hostes
702 2300 858 2350 vident,
881 2300 979 2356 ipsis
1001 2300 1142 2341 eastris
1170 2299 1298 2348 exuti,
1321 2299 1439 2354 signa
1460 2312 1654 2352 armaque
1677 2296 1749 2337 ab·

412 2439 423 2458 1
449 2430 495 2459 Et
521 2440 646 2460 aversos
672 2431 708 2459 in
737 2431 852 2461 hostem
886 2431 1032 2467 verlerit]
1080 2433 1154 2459 tum.
1180 2430 1284 2458 Cum.

366 2471 463 2501 Hanc
486 2472 657 2502 lectionem
683 2473 795 2511 probat
818 2472 982 2502 Drakenb.
1000 2476 1035 2501 ut
1122 2480 1138 2509 3
1164 2471 1400 2510 J‹'ala›·11cisqzw]
1427 2471 1466 2501 ef.
1484 2470 1576 2509 Supr.
1593 2469 1658 2500 xxi.
1676 2469 1704 2501 8.

365 2524 447 2553 quae
477 2514 507 2543 in
540 2515 608 2545 cod.
635 2515 828 2552 Moguntiuo
854 2514 1034 2552 exhibetur,
1121 2525 1139 2551 4
1162 2516 1265 2552 Spart)
1291 2514 1447 2552 pereutit]
1474 2514 1599 2552 Spartae
1625 2516 1693 2542 erat
1716 2523 1747 2542 a-

365 2566 443 2586 voce
458 2558 605 2587 ‹alvers-os
626 2558 721 2586 modo
741 2557 771 2588 iu
791 2568 916 2587 aversos
931 2560 1033 2586 muta—
1077 2560 1179 2595 greste
1202 2557 1314 2591 telum,
1337 2555 1366 2585 in
1392 2556 1521 2585 modum
1547 2556 1621 2594 pedi
1645 2566 1747 2585 recur-

365 2602 409 2636 ta,
426 2599 479 2638 qui
499 2610 584 2629 error
606 2599 638 2629 in
664 2599 740 2629 loeis
763 2599 906 2638 pluribus
926 2610 1033 2629 oeeur-
1079 2609 1165 2635 vum,
1187 2599 1211 2627 si
1234 2598 1342 2628 Servio
1357 2598 1398 2628 ad
1415 2599 1493 2628 Aen.
1513 2598 1554 2629 xi.
1572 2598 1631 2628 682
1649 2597 1746 2628 credi-

364 2642 414 2672 rit.
461 2641 599 2672 Bekker.
624 2643 815 2682 verteritqrm
844 2644 878 2671 Υἰιι
908 2643 1034 2678 llos-lem,
1078 2652 1158 2671 mus.
1210 2641 1324 2671 Festus
1356 2645 1464 2671 autem
1493 2652 1623 2681 sparum
1652 2640 1748 2671 fuisse

365 2683 482 2714 omissa
515 2694 591 2714 voce
621 2696 758 2721 aversos,
785 2684 936 2723 reposuit,
965 2685 1032 2723 plu-
1077 2685 1345 2723 221i215111i51e12er1's
1364 2685 1502 2713 iaculum
1523 2684 1628 2714 tradit.
1678 2683 1747 2713 Uu-

365 2727 451 2757 ribus
467 2728 558 2757 codd.
576 2726 671 2758 nisus.
1078 2727 1118 2756 dc
1135 2726 1269 2756 coniecit
1287 2726 1435 2756 Donatus
1450 2728 1619 2763 Catonem,
1634 2729 1747 2765 utpote

415 2779 430 2799 2
459 2771 656 2808 b'olffe7·7·eis]
703 2771 921 2807 Solistrreum,
954 2773 1034 2799 teste
1079 2768 1177 2798 fastus
1199 2772 1464 2807 coutelnptorem,
1485 2768 1615 2807 ignobili
1641 2768 1746 2798 iaculo

365 2811 474 2850 Festo,
496 2822 596 2850 genus
625 2812 681 2842 teli
712 2816 816 2842 tutum
843 2812 990 2847 ferreum,
1017 2823 1036 2841 a
1079 2822 1170 2841 usum
1189 2822 1266 2848 esse,
1282 2822 1345 2850 quo
1361 2811 1460 2850 magis
1478 2811 1633 2841 militibus
1651 2810 1745 2840 victo-

364 2855 446 2893 Solo,
476 2855 562 2893 quod
594 2856 786 2885 vocabulum
814 2855 898 2885 Osca
929 2854 1034 2893 lingua
1079 2854 1144 2884 riae
1170 2864 1260 2892 spem
1287 2854 1319 2883 in
1346 2854 1471 2891 virtute,
1498 2865 1561 2884 non
1588 2853 1620 2884 in
1651 2852 1747 2883 armis

366 2896 451 2927 idem
475 2898 608 2928 sonabat
631 2908 668 2927 ae
687 2897 802 2928 Latino
826 2907 970 2927 sermone
993 2902 1034 2927 lo·
1081 2897 1261 2936 ponendum
1280 2907 1345 2927 esse
1361 2896 1562 2936 significaret.
