1960 3218
376 156 461 198 370
888 150 1038 192 TITI
1075 149 1255 192 LIVII

174 257 219 289 U.
235 257 274 288 O.
297 241 540 298 565.templa
559 240 687 282 deum
708 254 805 281 cum
833 238 990 295 populo
1012 239 1208 281 Romano
1229 237 1448 280 circumiit.
1514 236 1776 278 Celebratior

174 301 214 332 A·
238 301 276 331 C·
302 300 419 340 187-is
440 314 570 356 prope
592 298 681 339 dies
701 298 839 339 favere
862 297 1080 338 hominum
1103 306 1146 338 ct
1167 296 1454 338 aestimatione
1471 310 1592 336 verae
1614 294 1776 350 magni-

386 357 545 398 tudinis
566 356 654 397 eius
675 356 766 405 fuit,
785 369 911 410 quam
934 370 1019 410 quo
1041 354 1302 410 triumphans
1323 354 1375 394 de
1401 353 1592 410 Syphace
1614 367 1710 407 rege
1733 360 1776 392 et

391 414 809 470 Carthaginiensibus
831 413 977 453 urbem
1000 421 1061 453 est
1082 412 1281 453 invectus.

242 478 308 517 52.
446 472 531 513 Hic
548 471 758 528 speciosus
775 470 946 511 ultimus
963 470 1052 511 (lies
1070 469 1115 510 P.
1136 469 1322 525 Scipioni
1340 468 1488 509 illuxit.
1532 467 1633 508 Post
1650 481 1777 523 quem

176 532 333 582 Scipio-in
389 545 521 586 quum
552 529 753 570 invidiam
781 538 824 569 et
851 528 1079 569 certamina
1099 542 1194 568 cum
1218 527 1393 568 tribunis
1418 525 1686 582 prospiceret,
1709 524 1777 565 die

174 576 376 650 &dissrsslcihee-
388 587 575 644 longiore
606 586 808 642 prodicta,
831 586 874 625 in
897 585 1167 626 Literninum
1195 584 1421 632 eoncessit3
1455 592 1569 624 certo
1590 581 1777 631 consilio,

176 661 233 694 dit.
388 661 442 687 ne
464 645 517 686 ad
538 660 705 686 cansam
727 643 950 684 dicendam
971 642 1144 683 adesset.
1208 641 1348 682 Maior
1368 641 1530 682 animus
1558 650 1600 681 et
1630 648 1780 681 natura

388 712 489 752 erat,
512 718 558 744 ac
582 701 727 742 maiori
748 701 939 741 fortunae
962 708 1162 748 assuetus,
1185 714 1310 754 quam
1337 707 1384 739 ut
1411 713 1506 739 reus
1527 714 1613 739 esse
1643 698 1778 746 sciret,

389 769 431 801 et
452 760 711 801 summittere
740 773 782 798 se
815 758 858 798 in
888 757 1170 797 humilitatem
1199 771 1362 797 causam
1386 756 1629 797 dicentium.
1693 755 1781 795 Ubi

389 818 478 858 dies
499 817 626 866 venit,
649 815 852 870 citarique
884 815 1032 855 absens
1054 822 1116 855 est
1136 825 1322 869 coeptus,
1346 813 1394 854 L.
1417 813 1557 870 Scipio
1588 813 1781 854 morbum

389 890 537 916 causae
566 889 667 923 esse,
691 888 765 914 cur
792 874 965 921 abesset,
993 872 1229 912 excusabat.
1296 872 1437 919 Quam
1468 870 1781 912 excusationem

391 948 523 989 quum
559 931 730 980 tribuni,
763 930 837 986 qui
868 930 982 971 diem
1013 929 1220 979 dixerant,
1252 944 1338 969 non
1375 928 1625 985 acciperent,
1657 935 1700 968 et
1730 928 1782 968 ab

391 990 537 1031 eadem
560 989 755 1045 superbia
776 1003 861 1028 non
877 987 1020 1028 venire
1043 986 1096 1027 ad
1117 1002 1283 1027 causam
1301 986 1523 1027 dicendam
1545 994 1781 1041 arguerent,

391 1063 476 1103 qua
495 1047 698 1088 iudicium
728 1054 770 1086 et
798 1045 986 1086 tribunos
1016 1044 1151 1100 plebis
1182 1053 1224 1086 et
1254 1044 1500 1085 concionem
1521 1043 1781 1099 reliquisset3

391 1114 446 1155 et,
469 1105 622 1161 quibus
647 1104 711 1144 ius
732 1103 784 1144 de
807 1118 849 1143 se
872 1102 1075 1143 dicendae
1108 1102 1339 1143 sententiae
1372 1110 1414 1142 et
1444 1101 1679 1142 libertatem
1711 1100 1785 1141 ad-

392 1163 572 1211 emisset,
596 1161 660 1202 his
685 1161 919 1209 comitatus,
942 1160 1058 1200 velut
1078 1168 1220 1215 captos
1244 1159 1424 1208 trahens,
1448 1159 1708 1215 triumphum
1730 1158 1784 1199 de

391 1220 549 1276 populo
574 1220 768 1260 Romano
790 1218 953 1274 egisset,
977 1217 1337 1273 secessionemque
1364 1232 1413 1258 eo
1441 1217 1509 1257 die
1540 1217 1581 1257 in
1612 1216 1786 1272 Capito-

391 1278 494 1319 lium
528 1293 552 1318 a
582 1277 760 1318 tribunis
790 1275 923 1332 plebis
953 1275 1139 1316 fecisset:
1176 1281 1186 1298 ⁶
1204 1274 1383 1316 Habetis
1413 1290 1512 1331 ergo
1541 1273 1785 1315 temeritatis

392 1341 404 1359 ‘
422 1336 531 1376 illius
557 1334 807 1375 mercedem.
874 1333 972 1381 Quo
994 1332 1101 1373 duce
1123 1342 1165 1373 et
1186 1341 1354 1373 auctore
1376 1347 1451 1376 nos
1472 1332 1709 1387 reliquistis,
1733 1332 1785 1371 ab

394 1399 472 1434 ‘eo
501 1392 579 1448 ipsi
610 1391 745 1432 relicti
776 1391 895 1432 estis:
930 1398 972 1431 et
1003 1398 1166 1431 tantum
1198 1390 1433 1431 animorum
1468 1389 1512 1429 in
1545 1389 1634 1430 dies
1665 1389 1786 1430 nobis

395 1457 406 1475 ‘
423 1449 638 1499 decrescit,
657 1458 715 1498 ut,
737 1449 789 1489 ad
811 1463 938 1503 quem
960 1456 1056 1488 ante
1079 1463 1210 1488 annos
1231 1447 1530 1503 septendecim,
1552 1447 1783 1488 exercitum
1798 1459 1818 1492 6

395 1514 407 1532 ‘
423 1516 465 1549 et
486 1507 659 1548 classem
687 1507 925 1555 habentem,
949 1505 1138 1546 tribunos
1168 1505 1302 1561 plebis
1326 1505 1590 1561 aedilemque
1619 1504 1785 1545 mittere

395 1566 465 1606 ‘in
491 1564 674 1606 Siciliam
697 1564 785 1605 ausi
807 1578 961 1612 sumus,
980 1563 1053 1618 qui
1075 1562 1389 1618 prehenderent
1409 1577 1518 1611 eum,
1542 1572 1583 1603 et
1606 1562 1787 1602 Romam

395 1629 407 1647 ‘
422 1623 685 1670 reducerent,
714 1621 767 1662 ad
798 1636 895 1662 eum
921 1620 1130 1676 privatum
1159 1635 1212 1661 ex
1237 1620 1333 1661 villa
1360 1635 1434 1661 sua.
1464 1619 1786 1668 extrahendum,

396 1686 408 1704 ‘
423 1680 477 1721 ad
494 1694 659 1720 causam
678 1678 914 1727 dicendam,
933 1678 1099 1719 mittere
1116 1693 1203 1719 non
1220 1677 1446 1718 audeamus
1460 1678 1490 1718 :⁷
1522 1677 1677 1718 tribuni
1698 1677 1788 1733 ple-

394 1738 470 1787 bis,
503 1732 699 1793 appellati
733 1737 784 1777 ab
814 1736 862 1776 L.
885 1735 1095 1791 Scipione,
1130 1736 1189 1776 ita
1223 1735 1511 1784 decreverunt,
1546 1734 1617 1776 ‘Si
1654 1734 1788 1775 morbi

397 1801 409 1819 ‘
425 1810 549 1836 causa
576 1803 856 1843 excusaretur,
879 1793 957 1834 sibi
985 1793 1162 1849 placere,
1185 1793 1314 1849 accipi
1339 1808 1430 1833 eam
1453 1808 1631 1841 causam,
1654 1792 1788 1833 diem-

398 1858 409 1876 ‘
426 1868 508 1908 que
541 1867 565 1893 a
595 1851 764 1905 collegis
794 1851 982 1907 prodici.’
1042 1851 1257 1891 Tribunus
1282 1850 1414 1906 plebis
1435 1866 1485 1891 eo
1508 1858 1696 1905 tempore
1719 1849 1785 1890 Ti.

400 1909 673 1966 Sempronius
690 1908 908 1950 Gracchus
929 1917 1029 1957 erat,
1052 1908 1120 1948 cui
1141 1908 1384 1949 inimicitiae
1406 1923 1501 1948 cum
1523 1907 1571 1948 P.
1591 1907 1787 1963 Scipione
1804 1921 1820 1953 7

396 1967 726 2008 intercedebant.
789 1965 843 2015 Is,
871 1981 1001 2021 quum
1035 1966 1235 2007 vetuisset
1269 1980 1424 2006 nomen
1460 1980 1582 2006 suum
1619 1965 1789 2006 decreto

398 2024 651 2081 collegarum
692 2024 853 2073 ascribi,
889 2023 1198 2079 tristioremque
1240 2038 1385 2064 omnes
1425 2023 1674 2064 sententiam
1716 2037 1788 2063 ex-

186 2097 385 2129 Gracchide-
398 2091 647 2139 spectarent,
666 2082 723 2123 ita
738 2081 946 2122 decrevit:
983 2087 993 2104 ‘
1011 2081 1155 2129 Quum
1175 2080 1223 2122 L.
1243 2080 1383 2137 Scipio
1405 2089 1575 2121 excuset
1597 2080 1790 2121 morbum
1829 2077 1831 2079 ¹

187 2144 311 2189 cretum
328 2141 361 2172 in
401 2146 412 2164 ‘
428 2155 514 2182 esse
547 2155 693 2181 causae
719 2139 846 2188 fratri,
870 2139 967 2180 satis
999 2138 1043 2179 id
1074 2138 1152 2179 sibi
1179 2138 1323 2179 videri.
1389 2138 1441 2179 Se
1465 2138 1511 2179 P.
1535 2138 1788 2194 Scipionem,

185 2187 347 2266 {Effsslaoffssiq
401 2203 413 2222 ‘
428 2198 669 2254 priusquam
695 2197 875 2238 Romam
904 2196 1091 2245 redisset,
1114 2196 1297 2237 accusari
1318 2211 1403 2237 non
1424 2211 1664 2252 passurum:
1699 2203 1788 2236 tum

334 2250 357 2260 ..
401 2261 412 2279 ‘
428 2271 610 2311 quoque,
634 2255 667 2295 si
695 2270 738 2295 se
765 2254 960 2310 appellet,
983 2253 1139 2294 auxilio
1170 2254 1209 2295 ei
1238 2253 1439 2302 futurum,
1462 2269 1515 2294 ne
1538 2268 1703 2294 causam
1725 2252 1790 2293 di—

400 2319 411 2337 ‘
428 2322 505 2354 cat.
570 2312 642 2353 Ad
663 2312 707 2352 id
727 2312 938 2367 fastigium
964 2311 1087 2352 rebus
1113 2312 1252 2367 gestis,
1275 2311 1502 2352 honoribus
1533 2310 1679 2366 populi
1701 2309 1790 2350 Ro-

400 2376 411 2394 ‘
428 2370 553 2419 mani,
578 2370 624 2410 P.
647 2369 887 2425 Scipionem
916 2369 1091 2410 deorum
1124 2369 1427 2424 hominumque
1459 2382 1665 2408 consensu
1695 2381 1790 2423 per-

400 2434 411 2451 ‘
428 2428 601 2476 venisse,
635 2436 681 2467 ut
713 2428 790 2467 sub
826 2427 987 2467 Rostris
1027 2441 1145 2467 reum
1186 2435 1307 2475 stare,
1349 2435 1391 2466 ct
1430 2426 1627 2481 praebere
1669 2439 1789 2465 aures

401 2491 410 2508 ‘
428 2484 756 2525 adolescentium
781 2484 991 2533 conviciis,
1017 2483 1173 2539 populo
1201 2483 1394 2524 Romano
1425 2483 1557 2538 magis
1588 2482 1788 2532 deforme,

440 2611 460 2643 6
488 2614 575 2642 Ante
613 2622 714 2642 annos
751 2611 979 2650 septendecim]
1027 2620 1069 2640 sc.
1116 2613 1297 2640 extremum
1331 2620 1593 2646 annumeramus,
1627 2609 1693 2640 sive
1728 2609 1788 2649 pri-

399 2656 483 2686 Ann.
514 2656 583 2694 548.
615 2654 658 2685 U.
684 2654 721 2684 C.
754 2654 804 2683 M.
830 2652 982 2683 Cornelio
1009 2652 1069 2683 Ce-
1116 2662 1205 2681 mum
1221 2652 1287 2682 sive
1304 2652 1475 2683 ultimum:
1498 2658 1532 2683 at
1547 2663 1648 2683 annos
1660 2656 1787 2682 tautum

397 2698 504 2737 thch,
535 2698 570 2727 Ρ.
593 2696 782 2735 Sempronio
808 2695 972 2725 Tuditano
998 2705 1069 2724 con·
1115 2694 1488 2734 se‹lecin1‚siutrumqne
1501 2698 1681 2725 extremum
1696 2694 1788 2724 omit-

396 2741 527 2770 snlibus.
583 2740 695 2773 Quum
725 2747 798 2768 vcro
830 2737 972 2776 Scipioni
1004 2737 1071 2767 dics
1115 2737 1224 2768 timus.
1272 2738 1452 2777 Utramque
1473 2748 1574 2768 annos
1597 2737 1787 2767 numerandi

396 2783 483 2813 dicta
499 2782 539 2811 sit
561 2791 635 2811 ann.
653 2779 723 2819 565.
745 2780 786 2811 U.
804 2780 843 2810 C.
868 2780 915 2810 M.
931 2779 1071 2809 Aemilio
1115 2780 1271 2810 rationem
1290 2790 1347 2819 pro
1363 2780 1493 2810 arbitrio
1510 2784 1616 2810 noster
1631 2780 1772 2810 adhibet.

396 2824 522 2864 Lepido
553 2828 584 2854 ct
616 2824 654 2854 C.
681 2822 841 2853 Flaminio
875 2822 1070 2859 consulibus,
1162 2830 1176 2860 7
1203 2824 1264 2853 (sai
1295 2824 1500 2861 inimicitiae]
1537 2823 1588 2854 Ob
1619 2823 1787 2861 plerasque

395 2868 522 2906 elapsos
565 2866 662 2896 fuisse
707 2864 926 2904 septendecim
970 2875 1071 2894 annos
1115 2866 1155 2895 de
1186 2865 1352 2904 republica
1385 2865 1640 2895 administranda
1669 2864 1787 2895 dissen-

395 2913 496 2947 patct,
523 2909 546 2939 si
574 2909 763 2938 alterutrum
793 2911 918 2937 tantum
948 2917 1068 2937 annum
1115 2907 1229 2938 siones.
1256 2909 1294 2939 cf.
1314 2908 1388 2939 Aul.
1407 2908 1494 2938 Geli.
1514 2908 1563 2938 vii.
1586 2917 1632 2947 ¹9-
