1960 3218
568 145 695 188 LIB.
729 144 996 186 XXXVIII.
1038 142 1173 185 CAP.
1208 145 1274 187 27.
1537 147 1619 185 345

228 240 354 289 Galli,
377 247 419 281 et
440 238 636 281 caedere:
670 252 907 294 magnaque
938 251 1033 292 pars
1065 250 1260 291 oppressa
1284 235 1404 285 foret,
1426 235 1471 275 ni
1499 235 1621 276 statio
1636 243 1680 275 U.
1698 244 1736 275 C.
1759 243 1831 284 563.

225 297 531 355 pabulatorum,
549 295 737 337 sexcenti
759 296 934 351 equiteS,
954 294 1241 335 occurrissent.
1304 292 1353 342 Ii,
1372 293 1517 349 procul
1539 293 1622 334 cla·
1634 288 1674 319 A·
1699 288 1737 318 C·
1763 287 1831 328 ¹89·

227 372 341 397 more
370 355 522 412 pavido
547 356 716 394 suorum
740 352 954 401 exaudito,
978 367 1108 407 quum
1137 350 1219 391 tela
1243 365 1459 406 equosque
1492 366 1622 407 expe-

227 414 398 463 disscnt,
433 413 585 467 integri
620 411 881 467 profligatam
919 424 1106 466 pugnam
1143 418 1406 464 acceperunt.
1470 408 1620 464 Itaque

227 487 342 512 versa
371 470 583 526 extemplo
611 471 779 510 fortuna
810 477 884 516 est,
912 482 1055 508 versus
1086 466 1130 506 in
1155 466 1332 507 victores
1354 482 1377 506 a
1398 466 1518 507 victis
1540 475 1622 507 ter-

227 544 315 570 ror:
350 537 392 569 et
412 528 547 584 primo
576 527 737 583 impetu
758 526 836 567 fusi
863 525 975 566 Galli
998 533 1108 574 sunt,
1131 533 1174 564 et
1195 539 1249 564 ex
1270 524 1378 579 agris
1399 539 1622 565 concurre-

226 587 328 627 bant
353 585 630 642 pabulatores,
653 593 695 625 et
716 584 905 640 undique
938 583 1083 624 obvius
1114 581 1244 622 hostis
1269 581 1402 622 Gallis
1430 590 1540 622 erat:
1575 591 1623 623 ut

227 659 280 684 ne
301 644 442 700 fugam
466 643 638 699 quidem
659 642 824 683 facilem
854 650 925 682 aut
953 650 1088 681 tutam
1117 639 1333 689 haberent,
1357 640 1456 695 quia
1476 655 1622 680 recen-

228 702 338 742 tibus
369 701 488 757 equis
518 700 700 741 Romani
730 700 857 753 fessos
885 700 1180 754 sequebantur.
1243 697 1375 738 Pauci
1397 712 1495 753 ergo
1517 698 1622 738 effu-

195 769 403 815 4gerunt:
445 769 591 815 captus
626 767 688 799 est
724 773 875 798 nemo:
918 757 1050 797 maior
1085 754 1218 795 multo
1253 770 1347 811 pars
1382 770 1458 811 per
1493 755 1623 796 fidem

226 817 369 858 violati
395 816 593 872 colloquii
623 831 780 872 poenas
813 824 945 856 morte
971 814 1151 855 luerunt.
1217 812 1413 862 Romani,
1438 812 1624 854 ardenti-

226 875 304 916 bus
326 875 385 916 ira
406 875 567 923 animis,
589 883 756 930 postero
779 873 846 914 die
869 873 1063 913 omnibus
1090 870 1220 926 copiis
1251 871 1304 912 ad
1334 871 1495 912 hostem
1528 886 1624 927 per-

226 942 413 973 veniunt.

286 990 473 1031 Biduum
496 998 643 1031 natura
666 990 819 1031 montis
839 1005 915 1046 per
935 1005 978 1030 se
1000 989 1137 1045 ipsum
1158 987 1428 1045 exploranda,
1447 1003 1499 1028 ne
1518 986 1622 1043 quid
1657 1024 1659 1028 .

1699 985 1766 1024 26.

227 1048 361 1104 ignoti
387 1057 506 1097 esset,
529 1048 759 1104 absumpsit
780 1047 936 1088 consul.
1000 1047 1147 1088 Tertio
1170 1048 1251 1095 die,
1276 1061 1408 1101 quum
1437 1046 1622 1101 auspicio
1636 1041 1812 1072 Proelium.

228 1121 396 1162 operam
419 1106 614 1155 dedisset,
638 1105 792 1146 deinde
825 1105 1091 1155 immolasset,
1115 1105 1159 1145 in
1181 1113 1380 1161 quattuor
1400 1112 1538 1159 partes
1560 1103 1624 1143 di-

226 1165 334 1204 visas
356 1164 495 1220 copias
517 1163 682 1204 educit:
717 1163 820 1204 duas
841 1172 887 1204 ut
909 1163 1049 1204 medio
1072 1172 1213 1204 monte
1237 1162 1421 1211 duceret,
1446 1161 1549 1202 duas
1572 1161 1623 1201 ab

226 1221 425 1263 lateribus
458 1231 503 1262 ut
529 1221 724 1262 adversus
746 1236 902 1262 cornua
926 1220 1145 1261 Gallorum
1169 1220 1357 1276 erigeret.
1423 1218 1625 1260 Hostium

228 1279 344 1335 quod
370 1279 528 1320 roboris
553 1289 653 1328 erat,
679 1279 899 1334 Tectosagi
933 1288 975 1319 et
1006 1278 1177 1320 Trocmi
1209 1277 1391 1318 mediam
1423 1277 1626 1318 tenebant

227 1337 372 1386 aciem,
415 1336 546 1377 millia
586 1336 805 1378 hominum
847 1336 1180 1392 quinquaginta:
1234 1335 1482 1391 equitatum,
1525 1334 1626 1390 quia

227 1410 432 1451 equorum
461 1394 600 1435 nullus
628 1395 739 1435 inter
769 1394 1010 1450 inaequales
1031 1409 1155 1450 rupes
1177 1409 1275 1435 usus
1297 1402 1397 1441 erat,
1421 1392 1473 1434 ad
1495 1392 1625 1449 pedes

227 1452 471 1502 deductum,
504 1452 651 1493 decem
687 1452 818 1493 millia
851 1452 1084 1501 hominum,
1118 1452 1169 1493 ab
1200 1451 1349 1492 dextro
1384 1450 1627 1491 locaverunt

197 1523 213 1554 5
228 1525 370 1551 cornu.
421 1510 656 1551 Ariarathis
681 1510 955 1566 Cappadoces
977 1519 1019 1551 et
1040 1509 1178 1551 *Morzi
1199 1508 1421 1550 auxiliares
1442 1509 1485 1548 in
1508 1508 1625 1549 laevo

229 1577 427 1624 quattuor
465 1568 595 1609 ferme
639 1567 817 1608 millium
862 1582 1086 1609 numerum
1128 1567 1367 1623 explebant.
1448 1565 1623 1615 Consul,

228 1626 337 1666 sicut
357 1626 402 1666 in
426 1625 612 1682 Olympo
633 1634 789 1674 monte,
811 1625 946 1681 prima
967 1625 1011 1665 in
1033 1625 1120 1666 acie
1142 1625 1276 1666 locata
1300 1624 1381 1665 levi
1403 1633 1624 1673 armatura,

229 1683 409 1725 telorum
440 1684 575 1724 omnis
605 1683 771 1739 generis
802 1692 848 1723 ut
879 1698 1012 1739 aeque
1040 1699 1192 1739 magna
1211 1683 1273 1723 vis
1295 1682 1346 1723 ad
1369 1697 1540 1722 manum
1563 1697 1627 1722 es-

229 1750 304 1791 set,
334 1741 505 1782 curavit.
572 1741 658 1782 Ubi
691 1741 1096 1796 appropinquarunt,
1127 1741 1268 1781 onmia
1301 1739 1448 1781 eadem
1478 1739 1627 1780 utrim-

229 1814 326 1855 que,
349 1814 457 1855 quae
484 1798 651 1839 fucrant
683 1799 725 1838 in
757 1799 894 1854 priore
926 1798 1098 1854 proelio,
1123 1808 1241 1839 erant
1265 1806 1431 1854 praeter
1451 1797 1625 1847 animos,

229 1867 272 1898 et
304 1856 530 1897 victoribus
566 1857 617 1897 ab
652 1872 694 1897 re
732 1856 917 1897 secunda
957 1865 1113 1906 auctos,
1149 1866 1191 1897 et
1225 1856 1414 1897 hostibus
1447 1855 1623 1896 fractos:

230 1914 341 1971 quia,
361 1915 437 1955 etsi
460 1930 545 1955 non
566 1914 645 1970 ipsi
667 1914 766 1955 victi
789 1924 920 1958 erant.
944 1929 1042 1955 suae
1064 1914 1201 1970 gentis
1222 1914 1441 1955 hominum
1464 1912 1626 1954 cladem

229 1987 305 2028 pro
327 1987 401 2013 sua
422 1972 643 2013 ducebant.
708 1971 858 2027 Itaque
880 1988 903 2012 a
924 1972 1092 2027 paribus
1114 1972 1245 2012 initiis
1267 1980 1416 2027 coepta
1437 1986 1501 2011 res
1523 1986 1628 2012 eun-

230 2030 325 2070 dem
349 2030 509 2071 exitum
531 2030 689 2070 habuit.
753 2029 883 2070 Velut
905 2030 1039 2070 nubes
1061 2029 1215 2070 levium
1238 2029 1417 2070 telorum
1438 2028 1629 2069 coniecta

233 2087 372 2128 obruit
403 2087 534 2128 aciem
567 2087 809 2128 Gallorum:
844 2102 922 2127 nec
954 2096 1026 2128 aut
1053 2102 1295 2143 procurrere
1322 2086 1545 2142 quisquam
1577 2086 1627 2126 ab

231 2144 446 2186 ordinibus
472 2145 568 2193 suis,
592 2160 644 2185 ne
668 2145 877 2186 nudarent
899 2145 1088 2200 undiquc
1111 2160 1261 2200 corpus
1283 2144 1336 2184 ad
1357 2144 1476 2192 ictus,
1500 2143 1629 2184 aude-

198 2203 354 2244 6bant:
389 2212 429 2243 et
452 2211 621 2251 stantes,
645 2218 729 2257 quo
752 2202 965 2243 densiores
995 2211 1126 2252 eraut,
1149 2202 1229 2243 hoe
1258 2201 1390 2257 plura,
1413 2201 1528 2241 velut
1555 2201 1629 2241 de-

231 2260 430 2301 stinatum
454 2260 707 2315 petentibus,
730 2259 903 2300 vulnera
925 2260 1196 2315 accipiebant.
1254 2258 1427 2307 Consul,
1451 2258 1532 2298 iam
1555 2273 1630 2314 per

231 2333 274 2359 se
297 2318 472 2359 turbatis
495 2318 527 2357 si
550 2317 761 2373 legionum
785 2318 903 2372 signa
925 2317 1186 2366 ostendisset,
1205 2332 1394 2357 versuros
1416 2316 1629 2371 extemplo

231 2376 275 2416 in
305 2376 447 2430 fugam
480 2391 624 2416 omnes
654 2386 777 2424 ratus,
812 2375 988 2430 receptis
1022 2375 1132 2415 iuter
1163 2374 1330 2415 ordines
1362 2373 1558 2414 velitibus
1589 2382 1630 2414 et

232 2433 311 2474 alia
333 2434 453 2474 turba
475 2433 740 2481 auxiliorum,
765 2430 897 2473 aciem
930 2433 1148 2488 promovit.
1215 2431 1341 2481 Galli,
1366 2440 1407 2472 et
1429 2431 1631 2472 memoria

1708 2433 1775 2473 27.

234 2490 590 2531 Tolistoboiorurn
614 2490 744 2531 cladis
771 2490 916 2539 territi,
940 2500 981 2530 et
1004 2490 1266 2531 inhaerentia
1287 2489 1528 2545 corporibus
1557 2504 1630 2544 ge·
1644 2489 1791 2519 Vincunt

233 2557 371 2589 rentes
403 2548 497 2598 tela,
534 2549 715 2604 fessique
751 2557 792 2589 et
821 2547 970 2589 stando
1002 2558 1043 2589 et
1075 2547 1330 2596 vulneribus,
1360 2562 1413 2588 ne
1447 2547 1630 2602 primum

279 2716 297 2742 4
322 2705 494 2744 I’erfidem
514 2705 639 2741 violati]
668 2705 795 2734 Poenas
812 2704 908 2734 collo·
955 2704 1102 2733 strabon.
1126 2703 1180 2733 xii.
1205 2713 1234 2742 p.
1259 2702 1330 2741 562.
1356 2703 1500 2733 Morzem
1526 2713 1630 2741 regem

236 2748 301 2787 quii
326 2747 515 2786 interposita
532 2747 594 2777 tide
611 2747 831 2776 fraudulenter
846 2747 907 2776 vio-
957 2746 1212 2785 Paphlagoniae.
1240 2750 1271 2775 et
1296 2747 1426 2776 sslorzis
1452 2747 1632 2776 (m.z‘ili11rcs

237 2790 302 2820 lati.
329 2790 367 2820 cf.
391 2800 476 2828 supr.
500 2789 518 2819 i.
542 2799 570 2829 c).
597 2790 731 2828 persas
756 2801 793 2820 ιω
808 2791 910 2827 fidem
958 2789 1185 2827 Paphlagonas
1202 2788 1298 2818 fuisse
1314 2789 1417 2818 docet.

235 2834 367 2872 decepti.
393 2834 499 2863 szv.
996 2831 1014 2861 6
1048 2832 1138 2861 Velut
1188 2832 1381 2861 destinatum
1426 2831 1626 2869 petentibus]

280 2884 296 2914 5
323 2876 433 2906 Alorzz'
465 2875 660 2912 azzoeiliares]
698 2875 826 2904 Asarzis
856 2873 908 2903 hic
954 2874 1112 2904 Romanis
1153 2877 1307 2912 tanquam
1353 2873 1394 2902 ad
1432 2872 1629 2902 destinatum

236 2918 407 2958 legendum
448 2921 554 2947 censet
594 2916 752 2955 Sigonius,
783 2916 836 2955 qui
868 2927 907 2946 ex
953 2926 1084 2955 scopum
1103 2917 1168 2946 tela
1185 2915 1402 2955 dirigentibus.
1429 2915 1535 2945 Ciuzr.

1646 2533 1796 2563 Romani.
