1960 3218
170 274 214 306 U.
232 276 271 307 C.

168 318 208 349 A.
232 318 270 350 C.

293 284 310 316 5

298 328 309 348 1

376 178 461 219 470
882 177 1029 219 TITI
1072 177 1250 220 LIVII

316 284 366 316 72·
381 267 512 309 tentio
544 267 652 308 inter
683 267 733 309 C.
754 267 975 310 Servilium
1001 270 1245 325 pontificem
1276 270 1507 311 maximum
1535 270 1614 311 fuit
1641 279 1684 312 et
1714 270 1764 312 L.

316 320 366 350 80.
383 325 629 366 Cornelium
671 325 944 367 Dolabellam·
974 326 1242 369 duumvirum
1282 327 1495 378 navalem3

1569 343 1678 378 uem,
1720 337 1767 369 ut

379 383 659 439 inauguraret,
695 384 886 440 pontifex
927 385 1170 441 magistratu
1210 401 1297 427 sese
1339 386 1530 427 abdicare
1539 344 1763 427 qiubebat:
1779 397 1800 428 9

378 441 669 497 recusantique
692 441 736 482 id
756 441 890 483 facere
913 443 965 483 ob
987 458 1078 484 eam
1100 459 1187 484 rem
1218 443 1348 485 multa
1368 443 1589 485 duumviro
1611 443 1724 485 dicta
1743 459 1768 485 a

378 499 576 554 pontifice
595 515 604 548 ;
638 499 774 555 deque
797 515 857 550 ea,
881 516 1012 556 quum
1037 511 1312 556 provocasset,
1335 511 1537 543 certatum
1560 501 1613 542 ad
1633 516 1768 557 popu-

378 556 477 597 lum.
545 556 688 604 Quum
721 557 860 613 plures
892 558 972 598 iam
1006 559 1149 608 tribus,
1182 559 1291 599 intro
1321 569 1502 609 vocatae,
1534 559 1647 600 dicto
1678 573 1796 600 esse1

379 614 619 655 audientem
648 615 836 670 pontifici
868 615 1149 665 duumvirum,
1178 616 1383 666 iuberent,
1413 617 1671 673 multamque
1702 632 1768 658 re-

379 671 501 720 mitti,
526 672 558 712 si
580 673 823 728 magistratu
851 688 893 714 se
915 673 1171 721 abdicasset3
1205 673 1399 714 ultimum
1424 674 1476 715 de
1498 674 1627 724 coelo,
1651 674 1798 730 quoda

379 729 547 770 comitia
569 730 765 779 turbaret,
790 730 1026 771 intervenit.
1091 730 1258 787 Religio
1279 731 1377 772 inde
1399 731 1478 772 fuit
1498 732 1766 787 pontificibus

378 787 656 843 inaugurandi
688 787 945 829 Dolabellae.
1008 788 1055 829 P.
1082 788 1291 830 Cloelium
1327 788 1514 830 Siculum
1545 788 1768 845 inaugura—

377 854 488 894 runt,
507 845 579 900 qui
601 845 786 887 secundo
807 845 898 887 loco
920 847 1192 903 inauguratus
1213 856 1312 888 erat.
1376 846 1508 888 Exitu
1528 846 1628 887 anni
1649 856 1691 888 et
1714 845 1764 887 C.
1780 860 1798 890 3

381 901 579 943 Servilius
613 902 821 944 Geminus
850 904 1041 959 pontifex
1072 904 1278 946 maximus
1309 904 1507 946 decessit:
1550 904 1663 945 idem
1694 903 1768 945 de—

378 960 535 1001 cemvir
564 975 773 1002 sacrorum
804 961 894 1003 fuit.
957 961 1156 1003 Pontifex
1181 962 1224 1003 in
1255 962 1392 1004 locum
1424 962 1512 1003 eius
1540 977 1564 1003 a
1591 961 1767 1016 collegio

378 1026 594 1074 cooptatus
615 1027 677 1060 est
701 1018 755 1067 Q.
775 1018 946 1060 Fulvius
968 1019 1163 1061 Flaccus:
1197 1029 1239 1062 at
1263 1020 1451 1077 pontifex
1474 1019 1680 1061 maximus
1701 1018 1763 1060 M.
1779 1033 1800 1061 4

377 1075 587 1117 Aemilius
615 1076 817 1133 Lepidus,
840 1092 973 1133 quum
1001 1077 1123 1119 multi
1145 1077 1244 1119 clari
1264 1078 1341 1119 viri
1363 1078 1590 1134 petissent:
1624 1085 1666 1118 et
1693 1076 1767 1118 de-

377 1133 534 1174 cemvir
561 1149 770 1175 sacrorum
802 1134 854 1183 Q.
875 1134 1062 1177 Marcius
1089 1135 1312 1192 Philippus
1339 1135 1383 1177 in
1411 1135 1599 1177 eiusdem
1627 1134 1765 1176 locum

378 1200 440 1232 est
466 1201 695 1248 cooptatus.
759 1192 816 1234 Et
843 1208 976 1250 augur
1006 1192 1075 1249 Sp.
1094 1193 1335 1235 Postumius
1364 1193 1546 1235 Albinus
1574 1193 1763 1234 decessit.

377 1247 429 1289 In
450 1248 588 1290 locum
610 1250 699 1291 eius
720 1250 767 1292 P.
790 1250 1044 1307 Scipionem,
1067 1251 1200 1292 filium
1222 1251 1425 1302 Africani,
1443 1266 1620 1308 augures
1640 1264 1766 1306 coop-
1779 1261 1797 1294 5

378 1315 529 1348 tarunt.

438 1363 642 1406 Cumanis
663 1380 712 1407 eo
734 1381 845 1407 anno
874 1366 1113 1422 petentibus
1140 1366 1400 1422 permissum,
1422 1374 1468 1407 ut
1492 1365 1660 1421 publice
1682 1364 1799 1405 La-6

378 1422 465 1463 tine
487 1422 772 1478 loquerentur,
795 1433 837 1464 et
857 1423 1133 1479 praeconibus
1154 1424 1305 1465 Latine
1327 1423 1539 1464 vendendi
1560 1423 1623 1463 ius
1644 1431 1762 1463 esset.

379 1478 541 1521 Pisanis
570 1496 715 1536 agrum
745 1480 1053 1537 pollicentibus,
1076 1497 1160 1536 quo
1181 1481 1334 1522 Latina
1354 1481 1517 1522 colonia
1537 1480 1765 1521 deducere-

380 1546 459 1587 tur,
481 1539 637 1593 gratiae
660 1538 710 1579 ab
732 1547 878 1579 senatu
900 1547 1026 1580 actae.
1090 1538 1319 1579 Triumviri
1340 1538 1468 1580 creati
1489 1537 1543 1578 ad
1563 1552 1655 1578 eam
1676 1551 1766 1578 rem

382 1595 435 1643 Q.
455 1595 606 1636 Fabius
635 1595 785 1646 Buteo,
816 1595 877 1637 M.
898 1604 940 1637 et
961 1596 1008 1637 P.
1027 1596 1197 1653 Popillii
1229 1596 1445 1637 Laenates.
1508 1595 1551 1636 A
1575 1594 1625 1636 C.
1645 1593 1766 1635 Mae-

377 1653 448 1693 nio
473 1662 661 1709 praetore
683 1653 785 1709 (cui,
806 1654 1021 1710 provincia
1044 1654 1236 1696 Sardinia
1257 1669 1387 1710 quum
1409 1653 1627 1702 evenisset,
1648 1651 1766 1693 addi-

378 1719 467 1751 tum
490 1719 589 1760 erat,
612 1720 659 1752 ut
680 1721 898 1767 quaereret
918 1712 971 1753 de
992 1712 1205 1753 veneficiis
1235 1711 1399 1768 longius
1421 1712 1472 1752 ab
1494 1711 1595 1751 urbe
1617 1710 1765 1751 decem

377 1767 560 1809 millibus
580 1768 798 1825 passuum)
818 1769 961 1810 literae
983 1769 1143 1819 allatae,
1169 1775 1180 1793 ⁶
1196 1769 1248 1810 Se
1271 1770 1351 1810 iam
1374 1769 1453 1810 tria
1479 1767 1609 1809 millia
1630 1767 1766 1808 homi-

379 1831 390 1849 ‘
406 1841 509 1866 num
530 1826 760 1876 damnasse,
784 1836 826 1868 et
847 1842 1030 1868 crescere
1060 1827 1137 1868 sibi
1166 1827 1451 1883 quaestionem
1472 1825 1659 1866 indiciis:
1693 1832 1765 1865 aut

378 1888 389 1906 ‘
405 1898 497 1924 eam
519 1884 597 1924 sibi
618 1899 705 1925 esse
728 1884 1015 1934 deserendam,
1037 1894 1108 1926 aut
1128 1884 1383 1941 provinciam
1404 1882 1725 1924 dimittendam.’

438 1940 490 1989 Q.
518 1941 689 1983 Fulvius
730 1942 903 1983 Flaccus
943 1958 997 1984 ex
1037 1942 1244 1999 Hispania
1282 1942 1406 1983 rediit
1447 1941 1628 1982 Romam
1667 1954 1763 1981 cum
1780 1954 1799 1987 7

1095 2100 1174 2120 cano
1205 2090 1269 2119 duo
1294 2088 1364 2125 filii,
1388 2087 1490 2118 maior
1512 2090 1591 2117 natu
1619 2085 1766 2123 Publius,

420 2100 439 2130 9
462 2091 665 2128 Ala-(sistram
690 2102 756 2122 sese
786 2092 935 2122 abdicare
964 2092 1049 2121 iube-

1094 2132 1358 2172 minoraneius3
1381 2130 1689 2170 qu‹)ru1n;.=Publius,
1710 2128 1764 2168 qui

379 2133 447 2170 bnt]
475 2132 565 2167 Quia,
579 2143 704 2173 nempe
726 2144 789 2163 non
810 2134 927 2164 licebat
944 2144 1050 2174 regem

378 2186 538 2205 sacrorum
554 2176 658 2205 ullum
676 2177 897 2216 magistratum
915 2187 1031 2216 gerere.

426 2228 436 2247 1
468 2219 593 2254 Tribus,
617 2220 702 2249 intro
725 2221 869 2257 vocatae]
907 2220 1050 2250 Vocatae

378 2260 410 2290 in
428 2261 523 2297 ovile,
539 2265 574 2291 ut
590 2262 705 2291 ferrent
723 2262 881 2301 suffragia.

424 2313 439 2333 2
469 2305 621 2334 Ultimum
652 2306 689 2335 de
715 2306 813 2342 coelo]
850 2305 1049 2335 Postremum

380 2346 516 2385 signum,
547 2348 631 2385 quod
663 2346 793 2377 comitia
823 2348 976 2383 turbaret,
1007 2358 1048 2378 sc.

380 2389 511 2425 tonitru,
542 2390 591 2419 vel
622 2390 738 2428 fulgur,
764 2390 804 2420 de
835 2390 924 2420 coelo
954 2390 1049 2421 inter-

382 2431 477 2461 veuit.

425 2482 441 2511 3
467 2476 529 2510 Qui
567 2476 703 2505 seeundo
736 2476 799 2505 loeo
832 2477 1050 2514 inauyuratus

381 2515 467 2554 emt]
499 2517 629 2555 Nempe
652 2517 808 2556 pontifex,
832 2522 866 2547 ut
891 2517 1052 2548 Crerierio

385 2557 518 2593 videtur,
546 2559 599 2597 qui
625 2563 681 2588 aut
706 2560 784 2589 hacc
812 2561 906 2590 verba
931 2560 1052 2595 vitiata,

382 2605 438 2630 aut
463 2601 599 2630 breviter
622 2606 720 2639 atque
744 2603 824 2632 adeo
846 2603 977 2632 obscure
999 2602 1050 2632 hic

383 2643 514 2673 indicari
533 2654 651 2673 morem
671 2644 811 2682 aliquem
830 2646 1049 2674 Romanorum

384 2686 474 2715 nobis
490 2685 684 2725 incognitum
703 2691 820 2716 censet.

427 2740 445 2766 4
470 2731 513 2758 At
532 2730 678 2768 poullj'ea‘
699 2730 873 2766 manaimus]
902 2728 1051 2758 Pontifex

384 2771 544 2801 maximus
566 2782 628 2800 non
651 2772 861 2809 cooptabatur
880 2782 898 2800 a
918 2771 1051 2809 collegio

386 2814 588 2853 pontificum,
625 2814 677 2843 scd
712 2824 731 2843 a
768 2814 889 2852 populo
927 2813 1053 2843 tributis

386 2856 523 2885 comitiis
554 2857 728 2887 creabatur.
762 2857 866 2886 Clucv.
901 2856 939 2886 cf.
967 2866 1051 2895 supr.

387 2908 461 2929 xxv.
481 2908 507 2935 5.

431 2951 446 2978 5
472 2942 588 2971 Ι”τ“[ιήηι
609 2943 778 2980 Africani]
811 2942 949 2972 Fuerunt
970 2941 1049 2971 Assi-

1095 2176 1155 2206 hoc
1180 2176 1250 2205 loco
1274 2185 1374 2214 augur
1397 2177 1567 2213 cooptatus
1589 2177 1647 2209 est,
1663 2176 1699 2202 ut
1719 2171 1766 2201 vir

1095 2229 1219 2249 summo
1245 2217 1371 2257 ingenio
1398 2216 1562 2256 praeditus
1586 2216 1765 2245 celebratur

1094 2262 1181 2300 apud
1203 2261 1271 2292 Cic.
1294 2261 1325 2290 in
1349 2261 1440 2291 Brut.
1461 2268 1506 2299 19.
1531 2259 1562 2288 in
1580 2259 1696 2289 Caton.
1716 2267 1763 2287 11.

1096 2304 1207 2340 Quum
1230 2304 1337 2333 nullos
1360 2302 1475 2332 liberos
1497 2302 1639 2337 haberet,
1657 2298 1762 2330 Aemi-

1095 2347 1228 2384 lianum,
1250 2356 1291 2376 sc.
1316 2346 1350 2375 P.
1369 2345 1552 2383 Scipionem
1576 2343 1762 2373 Africanum

1094 2390 1261 2426 minorem,
1275 2388 1450 2427 adoptavit.
1476 2387 1583 2416 DOER.

1137 2431 1156 2462 6
1185 2433 1302 2462 Latine
1345 2429 1566 2469 loquerentur]
1624 2426 1762 2457 Cumani

1096 2474 1220 2504 Graece
1262 2473 1449 2511 antiquitus.
1488 2472 1570 2501 Osce
1606 2469 1765 2500 recentius

1097 2511 1318 2556 loquebantur.
1343 2515 1381 2545 cf.
1400 2513 1532 2544 Nicbhr.
1550 2513 1569 2543 i.
1587 2524 1616 2544 n.
1636 2522 1705 2553 291.

1141 2567 1156 2598 7
1182 2562 1218 2595 Q.
1235 2558 1371 2587 Fuluius
1400 2557 1536 2586 Flavum
1567 2579 1573 2585 .
1591 2579 1598 2586 .
1616 2579 1623 2586 .
1653 2556 1765 2585 consul

1093 2606 1138 2632 est
1162 2605 1286 2631 creatas
1309 2611 1377 2629 cum
1404 2601 1438 2629 l..
1455 2600 1585 2628 Manlio
1606 2599 1759 2635 Acidino]

1097 2644 1168 2673 Hos
1184 2644 1293 2672 fratres
1313 2652 1480 2681 germanos
1495 2641 1590 2671 fuisse
1606 2644 1765 2670 testantur

1095 2690 1125 2715 et
1142 2686 1271 2715 tabulae
1287 2684 1503 2724 Capitolinae,
1519 2688 1551 2714 et
1568 2683 1714 2713 Velleius
1730 2682 1762 2714 ii.

1095 2730 1123 2757 8.
1147 2728 1199 2767 qui
1222 2733 1253 2758 et
1275 2728 1334 2757 hoc
1356 2728 1395 2757 ad
1418 2737 1507 2757 suam
1531 2731 1670 2756 aetatem
1694 2725 1762 2755 uni-

1096 2781 1167 2800 cum
1194 2771 1289 2800 fuisse
1314 2770 1498 2809 extmplum
1525 2770 1678 2799 observat.
1724 2768 1761 2799 L.

1097 2814 1240 2843 Manlius
1258 2824 1313 2852 per
1328 2812 1533 2852 adoptionem
1554 2811 1584 2841 iu
1603 2810 1760 2841 Manlium

1095 2861 1219 2894 gentem
1244 2856 1419 2885 transierat.
1466 2855 1571 2884 Ambo
1592 2853 1650 2883 orti
1672 2858 1760 2883 erant

1095 2910 1132 2928 ex
1164 2899 1218 2928 illo
1245 2900 1286 2934 Q.
1306 2897 1432 2932 Fulvio,
1456 2896 1509 2935 qui
1537 2898 1683 2935 Capuam
1712 2906 1758 2925 cc-

1097 2946 1195 2981 perat.
1220 2943 1325 2972 Cruor.
1587 2948 1590 2951 “
