1960 3218
516 137 644 179 LIB.
678 133 945 178 XXXVIII.
987 136 1136 178 CAP.
1169 140 1238 179 49.
1494 135 1575 178 367

180 227 242 269 ‘si
280 228 451 279 nollem,
492 229 527 270 si
571 244 695 285 grave
737 243 784 269 ac
824 228 1052 284 superbum
1098 227 1382 269 existimarem
1424 225 1578 266 virtute
1593 237 1638 268 U.
1656 236 1695 268 C.
1717 235 1789 276 565.

148 286 402 342 2‘gloriari3
454 302 531 343 pro
579 286 779 327 felicitate
829 301 925 326 mea
975 286 1271 340 exercitusque
1318 284 1416 333 mei,
1463 279 1695 339 quodA·C·
1722 280 1792 319 Ι37·

181 347 369 386 ‘tantam
409 344 624 385 nationem
665 344 753 385 sine
796 343 881 383 ulla
916 343 1099 384 militum
1135 342 1294 383 iactura
1333 340 1578 390 dev1eimus,

182 405 193 423 ‘
209 402 477 458 postularem,
500 410 546 442 ut
567 401 647 442 diis
668 400 974 442 immortalibus
998 400 1132 441 honos
1160 399 1396 447 haberetur,
1420 407 1463 439 et
1491 398 1579 454 ipse

183 459 473 515 ‘triumphans
505 459 549 499 in
587 458 846 515 Capitolium
880 458 1165 507 ascenderem,
1199 456 1327 506 unde,
1362 456 1470 497 votis
1500 456 1580 496 rite

183 517 475 572 ‘nuncupatiS,
498 516 710 572 profectus
735 531 855 565 sum3
888 515 1098 571 negaretis
1127 514 1209 556 hoc
1239 514 1344 554 mihi
1375 528 1471 554 curn
1501 513 1580 553 diis

182 574 546 615 ‘immortalibus?
606 573 762 629 Iniquo
793 574 906 614 enim
940 573 1031 614 loco
1057 572 1265 613 dimicavi.
1328 571 1413 612 Dic
1438 571 1578 626 igitur,
1656 574 1724 612 49.

183 635 195 654 ⁶
210 647 295 687 quo
316 632 514 688 aequiore
535 633 745 688 potuerim
767 631 998 672 dimicare?
1062 630 1208 678 Quum
1230 637 1419 670 montem
1440 628 1582 669 hostes

183 690 433 745 ‘cepissent,
467 689 559 730 loco
596 689 760 730 munito
797 704 839 729 se
876 697 1084 737 tenerent,
1118 703 1272 743 nempe
1307 686 1496 728 eundum
1529 685 1583 726 ad

183 751 195 769 ⁶
210 747 350 788 hostes
372 756 473 796 erat,
496 747 529 788 si
550 747 719 788 vincere
741 746 927 787 vellem?
992 745 1142 794 Quid?
1174 746 1207 786 si
1236 745 1384 785 urbem
1413 759 1464 785 eo
1489 743 1583 784 loco

184 805 427 854 ‘haberent,
454 813 496 846 et
528 804 749 846 moenibus
782 819 825 845 se
859 803 1087 845 tenerent?
1119 818 1274 858 nempe
1308 801 1584 858 oppugnandi

184 867 197 885 ‘
212 871 343 904 erant.
411 862 561 911 Quid?
593 862 646 903 ad
669 861 976 918 Thermopylas
997 876 1190 917 aequone
1211 860 1304 901 loco
1327 859 1400 900 Μ’.
1418 858 1585 900 Acilius

185 925 311 962 ‘cum
346 935 444 977 rege
477 919 694 961 Antiocho
725 919 963 976 pugnavit?
1027 918 1176 967 Quid?
1218 917 1466 974 Philippum
1497 932 1584 957 non

185 982 197 1001 ‘
214 978 364 1020 eodem
382 977 508 1019 modo
525 993 650 1033 super
663 977 807 1018 Aoum
825 991 993 1018 amnem
1015 976 1114 1032 iuga
1135 983 1352 1017 tenentem
1374 974 1584 1016 montium

187 1040 199 1059 ‘
215 1036 266 1077 T.
289 1035 517 1084 Quinctius
538 1035 725 1076 deiecit?
786 1034 1001 1091 Equidem
1029 1034 1181 1083 adhuc,
1205 1033 1374 1089 qualem
1404 1040 1477 1073 aut
1507 1032 1586 1073 sibi

188 1098 200 1117 ‘
216 1093 391 1150 fingant,
414 1102 486 1134 aut
503 1093 620 1134 vobis
641 1092 774 1134 videri
796 1092 927 1134 velint
948 1092 1112 1133 hostem
1133 1091 1272 1141 fuisse,
1290 1106 1375 1131 non
1399 1090 1582 1131 invenio.

187 1156 199 1174 ‘
218 1151 263 1193 Si
295 1151 549 1207 degenerem
584 1159 626 1192 et
659 1150 892 1192 emollitum
926 1150 1180 1191 amoenitate
1206 1149 1348 1198 Asiae,
1377 1148 1481 1204 quid
1510 1163 1586 1204 pe-

187 1209 337 1250 ‘riculi
364 1209 430 1250 vel
462 1209 609 1265 iniquo
640 1208 732 1250 loco
763 1208 1040 1249 subeuntibus
1070 1207 1182 1249 fuit?
1213 1206 1247 1247 si
1275 1206 1512 1247 timendum
1543 1214 1586 1247 et

188 1267 378 1309 ‘feritate
412 1267 662 1315 animorum,
697 1275 740 1307 et
769 1267 918 1307 robore
949 1280 1184 1321 corporum,
1214 1264 1409 1305 huiccine
1443 1271 1585 1304 tantae

188 1325 412 1366 ‘victoriae
444 1323 703 1380 triumphum
731 1324 926 1379 negatis?
990 1322 1130 1364 Caeca
1156 1321 1316 1363 invidia
1342 1331 1417 1371 est,
1440 1321 1587 1362 Patres

188 1382 453 1439 ‘conseripti,
497 1397 577 1423 nec
619 1382 848 1437 quiequam
890 1380 1005 1422 aliud
1048 1381 1137 1430 scit,
1182 1394 1310 1436 quam
1351 1379 1586 1420 detrectare

188 1440 403 1490 ‘virtutes,
429 1454 696 1496 corrumpere
730 1439 911 1480 honores
943 1453 990 1480 ac
1020 1438 1207 1495 praemia
1237 1452 1393 1478 earum.
1457 1436 1585 1486 Mihi,

188 1502 201 1521 ⁶
218 1513 387 1554 quaeso,
409 1498 469 1539 ita
488 1497 727 1553 ignoscatis,
749 1497 898 1538 Patres
918 1496 1158 1553 conscripti,
1181 1495 1216 1536 si
1239 1495 1474 1551 longiorem
1496 1510 1587 1535 ora-

189 1556 376 1597 ‘tionem
417 1570 503 1597 non
544 1555 752 1610 cupiditas
787 1554 995 1611 gloriandi
1035 1554 1089 1595 de
1122 1569 1204 1603 me,
1238 1553 1312 1594 sed
1353 1552 1587 1593 necessaria

189 1617 201 1636 ‘
217 1613 441 1655 criminum
463 1612 650 1654 defensio
677 1612 788 1653 fecit.
852 1613 925 1653 An
953 1612 1081 1653 etiarn
1108 1626 1184 1667 per
1205 1610 1431 1651 Thraciam
1459 1609 1587 1651 saltus

190 1676 202 1694 ‘
217 1680 422 1728 patentes,
441 1670 514 1727 qui
535 1671 701 1726 angusti
722 1678 855 1719 erant,
877 1677 920 1710 et
940 1669 1067 1725 plana
1086 1684 1140 1710 ex
1161 1667 1315 1717 arduis,
1338 1675 1381 1709 et
1400 1666 1513 1708 culta
1533 1682 1587 1708 ex

190 1729 474 1770 ‘silvestribus
507 1728 641 1769 facere
675 1728 807 1783 potui,
842 1736 885 1768 et
919 1735 1141 1782 praestare,
1176 1726 1331 1767 necubi
1366 1725 1477 1766 notis
1509 1725 1589 1766 sibi

191 1791 203 1810 ‘
218 1787 387 1828 latebris
404 1786 698 1827 delitescerent
718 1785 900 1826 latrones
918 1785 1118 1834 Thraces,
1135 1799 1189 1825 ne
1207 1783 1311 1839 quid
1332 1783 1588 1824 sarcinarum

192 1849 446 1901 ‘raperetur,
481 1858 534 1885 ne
569 1843 685 1899 quod
718 1843 955 1884 iumentum
992 1857 1045 1884 ex
1079 1850 1195 1883 tanto
1229 1841 1396 1897 agmine
1433 1841 1589 1881 abstra-

192 1907 203 1926 ‘
219 1902 402 1952 heretur,
425 1917 478 1943 ne
501 1901 595 1957 quis
616 1900 917 1950 vulneraretur,
940 1916 994 1941 ne
1023 1915 1076 1941 ex
1098 1899 1271 1941 vulnere
1298 1898 1362 1940 vir
1392 1898 1509 1939 fortis
1540 1913 1588 1938 ac

193 1965 412 2002 ‘strenuus
446 1959 499 2007 Q.
520 1959 739 2000 Minucius
767 1958 1032 1999 moreretur?
1092 1957 1145 1998 In
1171 1957 1252 1998 hoc
1277 1972 1388 2006 casu,
1411 1971 1496 2012 quo
1524 1955 1589 1996 in-

192 2017 397 2059 ‘feliciter
431 2017 594 2065 incidit,
631 2025 679 2057 ut
718 2016 846 2057 talem
886 2016 1022 2057 civem
1062 2015 1362 2063 amitteremus,
1399 2013 1586 2054 haerent.

193 2080 204 2099 ‘
225 2075 354 2123 Quod
382 2074 489 2116 saltu
513 2074 674 2130 iniquo,
696 2073 788 2115 loco
821 2073 971 2123 alieno,
995 2087 1126 2129 quum
1155 2072 1325 2113 adortus
1352 2071 1483 2111 hostis
1513 2085 1591 2111 nos

194 2138 206 2156 ‘
221 2140 342 2182 esset,
365 2133 472 2173 duae
495 2131 620 2172 simul
639 2131 748 2172 acies
769 2131 895 2187 primi
916 2139 959 2172 et
978 2130 1191 2172 novissimi
1213 2129 1392 2185 agminis
1414 2128 1591 2169 haeren-

194 2195 308 2232 ‘tem
343 2190 397 2231 ad
428 2189 733 2245 impedimenta
765 2198 907 2229 nostra
939 2188 1171 2229 exereitum
1204 2188 1473 2228 barbarorum
1511 2185 1591 2227 cir-

195 2253 554 2296 ‘cumvenerunt3
593 2246 708 2303 quod
740 2246 873 2287 multa
900 2246 1033 2287 millia
1064 2246 1154 2301 ipso
1188 2245 1270 2294 die,
1303 2244 1424 2300 plura
1455 2243 1590 2284 multo

195 2311 316 2362 ‘post
351 2305 442 2346 dies
482 2320 636 2361 paucos
677 2304 922 2345 ceciderunt
958 2312 1001 2344 et
1035 2311 1266 2359 ceperunt3
1312 2302 1404 2351 hoc,
1441 2301 1474 2341 si
1512 2300 1592 2356 ipsi

196 2363 443 2412 ‘tacuerint,
470 2378 542 2404 vos
573 2362 760 2411 scituros,
787 2376 918 2417 quum
951 2362 1067 2402 testis
1099 2360 1298 2401 orationis
1329 2374 1445 2400 meae
1479 2367 1592 2399 totus

197 2421 432 2462 ‘exereitus
471 2421 536 2469 sit,
571 2435 657 2461 non
699 2419 912 2461 credunt?
976 2418 1020 2459 Si
1059 2417 1247 2475 gladium
1289 2417 1332 2458 in
1369 2416 1471 2457 Asia
1506 2431 1592 2457 non

197 2479 495 2528 ‘strinxisseim
529 2478 562 2519 si
598 2478 760 2519 hostem
797 2492 882 2518 non
919 2476 1143 2525 vidissem3
1191 2483 1332 2516 tamen
1368 2473 1594 2530 proconsul

242 2615 258 2635 2
283 2607 350 2636 Pro
365 2606 525 2643 felicitate
545 2606 631 2643 mea]
663 2605 816 2635 Libenter
840 2608 872 2635 et
918 2605 1067 2635 laudem:
1086 2604 1363 2643 quemadmodum
1380 2613 1465 2641 supr.
1484 2601 1594 2632 xxxiv.

197 2648 251 2678 hic
265 2648 514 2687 praefigeremus
527 2648 718 2687 particulam
731 2649 769 2678 si.
804 2648 870 2678 Ne·
922 2657 968 2686 15.
994 2647 1084 2684 Cato,
1100 2648 1190 2676 lmml
1211 2657 1290 2677 sane
1313 2647 1504 2676 detrec-lator
1525 2646 1594 2674 lau-

199 2702 261 2730 que
288 2690 372 2720 enim
400 2690 495 2720 facile
523 2690 648 2721 videtur
675 2700 768 2730 posse
798 2700 871 2729 sup·
916 2691 992 2720 (lum
1022 2700 1167 2720 suarum.
1201 2689 1307 2719 Cum.
1359 2689 1513 2718 Ceterum
1544 2688 1594 2717 de-

200 2733 290 2773 pleri.
315 2734 422 2763 Cum.
917 2737 1071 2769 tractare,
1098 2732 1128 2762 h.
1155 2742 1181 2762 e.
1210 2732 1365 2768 deterere,
1392 2729 1596 2766 imminuere,

243 2785 259 2813 3
286 2776 373 2805 Mihi
390 2786 459 2805 enm
477 2776 554 2812 diis]
582 2775 615 2805 Si
639 2775 718 2805 nihil
736 2775 788 2805 hic
807 2775 872 2805 vitii
919 2775 1061 2814 reposuit
1081 2775 1222 2804 Bekker.

200 2824 259 2856 est,
275 2828 385 2848 sensus
401 2818 472 2853 crit,
488 2822 518 2848 et
534 2818 622 2854 milti,
635 2822 664 2848 et
677 2819 747 2848 diis.
765 2818 872 2848 CREV.
962 2826 978 2855 5
1003 2819 1046 2848 In
1067 2819 1123 2847 Ιιοσ
1147 2818 1241 2854 casu]
1274 2816 1313 2846 In
1339 2816 1399 2845 hoc
1423 2813 1597 2843 infortunio

243 2873 261 2899 4
286 2862 474 2891 Delo-celare
500 2859 650 2898 virtutes]
688 2860 878 2890 obtrectare
923 2860 1147 2899 exaggerando
1171 2858 1365 2898 copiosiores
1388 2861 1474 2894 suut,
1491 2860 1522 2887 et
1539 2856 1597 2886 im-

201 2903 384 2939 virtutibus,
422 2902 564 2932 debitam
604 2902 668 2932 illis
710 2902 878 2932 detrahere
923 2906 1099 2933 morantur.
1126 2903 1251 2932 RAscn.
