1960 3218
555 146 683 190 LIB.
718 143 937 187 XXXIV.
983 143 1131 186 CAP.
1164 146 1233 186 58.
1514 142 1592 185 175

252 240 484 296 Postquam
512 237 716 288 consules,
739 237 908 279 delectu
928 236 1086 287 habito,
1109 235 1285 293 profecti
1310 243 1409 276 sunt
1430 234 1475 275 in
1496 248 1592 290 pro·
1609 239 1654 271 U.
1671 239 1709 271 C.
1732 248 1805 281 559·

194 298 366 348 vincias,
389 307 480 340 tum
501 297 552 338 T.
576 296 804 346 Quinctius
834 295 1072 352 postulavit,
1097 300 1168 335 ‘ut
1188 293 1241 335 de
1263 293 1341 343 his,
1365 308 1473 349 quae
1495 307 1592 333 cum
1607 283 1647 314 A.
1670 283 1710 367 g·
1736 292 1806 324 193·

197 356 370 398 ‘decem
399 355 547 412 legatis
579 355 667 411 ipse
701 353 925 403 statuisset,
957 362 1127 395 senatus
1157 351 1349 400 audiret3
1388 365 1536 406 eaque,
1559 349 1592 390 si
1607 384 1654 414 Le
1676 331 1801 415 aiismes

197 414 448 463 ‘videi-etur,
486 413 732 454 auctoritate
773 427 848 453 sua
887 412 1165 453 confirmaret.
1228 409 1281 450 Id
1321 423 1391 450 eos
1431 407 1592 449 facilius
1608 394 1767 458 Grzgoeciae

197 471 414 522 ‘facturos,
443 471 477 512 si
507 471 740 527 legatorum
771 469 909 519 verba,
933 469 1008 525 qui
1035 484 1088 510 ex
1119 467 1313 509 universa
1341 466 1522 507 Graecia
1551 475 1594 507 et
1608 474 1639 501 et
1657 470 1762 501 Asiae.

197 535 374 586 ‘magna
402 538 520 585 parte
551 528 693 578 Asiae,
721 528 881 584 quique
914 527 965 568 ab
998 527 1167 583 regibus
1197 525 1421 574 venissent,
1455 523 1595 565 audis-

197 588 341 629 ‘sent.'
401 587 497 628 Hae
522 586 752 642 legationes
774 601 798 627 a
822 584 872 626 C.
892 584 1112 627 Scribonio
1139 591 1331 641 praetore
1363 583 1522 623 urbano
1550 581 1595 622 in

195 654 388 687 senatum
424 644 688 686 introductae
725 652 848 693 sunt3
886 643 1156 699 benigneque
1193 641 1388 683 omnibus
1423 648 1596 696 respon-

195 718 300 745 sum.
366 702 479 744 Cum
501 702 719 743 Antiocho
741 701 842 758 quia
867 701 1032 757 longior
1053 700 1301 756 disceptatio
1324 707 1423 748 erat,
1447 698 1593 739 decem

195 761 355 818 legatis,
384 775 565 817 quorum
597 775 692 816 pars
725 769 798 801 aut
830 759 875 800 in
904 759 1022 809 Asia,
1054 767 1127 800 aut
1157 756 1449 815 Lysimachiae
1483 755 1596 812 apud

195 834 339 875 regem
369 819 547 868 fuerant,
580 818 773 874 delegata
803 825 876 859 est.
940 817 991 858 T.
1015 816 1219 865 Quinctio
1248 814 1506 864 mandatum,
1534 822 1595 863 ut,

196 877 395 919 adhibitis
415 877 478 926 iis,
500 876 735 932 legatorum
760 875 869 932 regis
890 875 1018 917 verba
1037 874 1214 924 audiret,
1237 872 1595 930 responderetque

195 935 259 986 iis,
292 951 399 992 quae
435 949 488 976 ex
519 931 725 990 dignitate
760 942 886 990 atque
919 932 1101 974 utilitate
1134 931 1282 989 populi
1315 930 1498 972 Romani
1531 945 1596 971 re-

196 993 396 1049 sponderi
423 1001 605 1049 possent.
670 991 904 1048 Menippus
925 1000 969 1032 et
990 990 1263 1047 Hegesianax
1289 989 1502 1045 principes
1532 1003 1596 1029 re-

196 1051 289 1107 giae
329 1050 550 1107 legationis
590 1058 720 1092 erant.
786 1049 854 1090 Lx
894 1049 945 1090 iis
982 1048 1228 1105 MenippuS,
1264 1047 1491 1103 ‘Ignorare
1527 1045 1783 1126 se,’Ortatiole-

1608 1106 1648 1136 ga
1665 1107 1756 1126 Ol'Um

197 1108 317 1159 dixit,
342 1108 570 1165 cquidnam
602 1107 792 1173 perplexi
823 1122 897 1148 sua
927 1106 1082 1163 legatio
1114 1106 1300 1155 haberet,
1333 1120 1465 1161 quum
1499 1104 1595 1145 simu
1611 1139 1774 1171 Antiochi.

166 1184 186 1212 4
200 1172 212 1190 ⁶
227 1167 392 1224 pliciter
412 1166 464 1207 ad
487 1166 714 1207 amicitiam
736 1164 964 1222 petendam
986 1164 1332 1221 iungendamque
1355 1163 1597 1204 societatem

199 1229 212 1248 ‘
227 1225 450 1266 venissent.
495 1223 617 1264 -Esse
646 1231 787 1264 autem
818 1223 898 1264 tria
927 1237 1083 1278 genera
1102 1221 1335 1270 foederum,
1358 1221 1512 1277 quibus
1533 1220 1598 1261 in-

167 1297 184 1328 5
200 1287 212 1306 ‘
228 1291 292 1324 ter
311 1297 354 1324 se
375 1281 687 1339 paciscerentur
711 1280 914 1322 amicitias
936 1280 1124 1321 civitates
1154 1294 1370 1336 regesque.
1435 1278 1597 1328 Unum,

199 1345 355 1397 ‘quum
389 1339 498 1381 bello
529 1339 651 1380 victis
685 1338 927 1380 dicerentur
961 1338 1097 1395 leges:
1131 1337 1205 1379 ubi
1232 1338 1347 1378 enim
1376 1336 1518 1377 omnia
1545 1336 1597 1386 ei,

199 1398 298 1455 ‘qui
329 1398 453 1440 armis
483 1397 577 1454 plus
607 1405 761 1453 posset,
792 1396 938 1438 dedita
962 1404 1113 1446 essent,
1143 1411 1251 1452 quae
1281 1410 1334 1436 ex
1363 1394 1413 1435 iis
1443 1393 1598 1435 habere

198 1461 210 1480 ‘
226 1456 371 1506 victos,
395 1455 547 1512 quibus
575 1454 745 1496 multari
766 1470 838 1496 eos
857 1454 972 1504 velit,
995 1454 1124 1511 ipsius
1145 1454 1209 1495 ius
1231 1462 1358 1509 atque
1380 1451 1599 1494 arbitrium

166 1523 186 1555 6
200 1519 212 1538 ‘
228 1528 328 1556 esse.
380 1513 593 1563 Alterum,
608 1527 739 1569 quum
761 1528 882 1569 pares
902 1512 1014 1554 bello
1035 1527 1172 1568 aequo
1193 1511 1363 1553 foedere
1385 1510 1429 1551 in
1450 1525 1598 1566 pacem

200 1577 212 1596 ‘
228 1580 354 1628 atque
384 1571 610 1612 amicitiam
631 1571 847 1612 venirent:
881 1580 983 1612 tunc
1005 1571 1120 1612 enim
1141 1569 1275 1626 repeti
1296 1568 1501 1624 reddique
1523 1583 1599 1624 per

200 1629 556 1672 ‘conventionem
589 1644 666 1679 reS,
697 1637 752 1679 et,
784 1629 818 1669 si
849 1643 1027 1684 quarum
1059 1628 1224 1669 turbata
1252 1626 1363 1668 bello
1395 1625 1598 1683 possessio

201 1693 213 1712 ‘
228 1688 294 1738 sit,
317 1702 386 1729 eas
407 1696 479 1728 aut
501 1702 553 1728 ex
574 1686 754 1728 formula
784 1686 886 1727 iuris
913 1686 1090 1742 antiqui,
1114 1694 1186 1727 aut
1214 1700 1267 1726 ex
1295 1684 1424 1741 partis
1446 1684 1599 1725 utrius-

201 1751 308 1802 ‘que
331 1745 554 1787 commodo
576 1744 785 1801 componi.
849 1744 1046 1785 Tertium
1068 1759 1156 1785 esse
1185 1758 1331 1799 genus,
1354 1757 1500 1799 quum,
1524 1741 1599 1798 qui

169 1815 186 1849 7
201 1809 213 1828 ‘
228 1804 369 1845 hostes
389 1818 609 1859 nunquam
630 1802 800 1852 fuerint,
816 1802 869 1843 ad
886 1802 1112 1844 amicitiam
1135 1801 1276 1843 sociali
1297 1800 1466 1842 foedere
1488 1800 1599 1841 inter

201 1867 271 1903 ‘se
303 1861 561 1918 iungendam
587 1869 760 1903 coeant:
794 1875 864 1901 eos
892 1875 1032 1916 neque
1065 1860 1218 1909 dicere,
1240 1874 1381 1915 neque
1410 1858 1598 1914 accipere

202 1925 214 1943 ‘
229 1919 370 1976 leges3
402 1919 447 1960 id
468 1919 582 1960 enim
604 1918 772 1960 victoris
793 1927 836 1960 et
856 1918 955 1959 victi
977 1933 1077 1959 esse.
1129 1917 1197 1959 Ex
1219 1933 1268 1958 eo
1289 1932 1443 1973 genere
1465 1931 1598 1972 quum

201 1977 470 2019 ‘Antiochus
503 1985 623 2026 esset,
658 1976 798 2017 mirari
831 1991 887 2026 se,
923 1975 1038 2032 quod
1070 1975 1254 2016 Romani
1286 1989 1469 2030 aequum
1500 1989 1600 2015 cen—

203 2041 363 2085 ‘seant,
392 2035 431 2077 ei
461 2034 574 2090 leges
605 2034 759 2083 dicere,
783 2049 886 2090 quas
913 2033 1039 2075 Asiae
1069 2033 1235 2074 urbium
1267 2032 1418 2073 liberas
1449 2040 1491 2073 et
1521 2031 1600 2071 im-

204 2099 215 2116 ‘
231 2107 392 2142 munes,
416 2106 519 2147 quas
547 2091 837 2147 stipendiarias
865 2105 954 2132 esse
978 2091 1134 2139 velint3
1168 2105 1272 2146 quas
1297 2090 1451 2130 intrare
1479 2104 1599 2145 prae-

204 2156 216 2174 ‘
232 2150 337 2191 sidia
367 2149 482 2205 regia
512 2164 740 2205 regemque
766 2157 921 2190 vetent.
988 2148 1100 2189 Cum
1122 2148 1322 2204 Philippo
1343 2148 1458 2188 enim
1479 2147 1598 2188 hoste

204 2214 215 2232 ‘
230 2223 390 2264 pacem,
409 2222 494 2249 non
517 2222 613 2248 cum
636 2207 851 2248 Antiocho
873 2206 1007 2247 amico
1028 2206 1236 2248 societatis
1257 2205 1405 2247 foedus
1426 2205 1484 2246 ita
1504 2220 1598 2245 san-

203 2265 429 2307 ‘ciendum
458 2265 572 2306 csse.'
634 2264 705 2305 Ad
734 2280 782 2306 ea
817 2264 1066 2313 Quinctius:
1113 2263 1356 2312 ‘QuonIam
1386 2263 1503 2304 vobis
1534 2262 1599 2303 di-
1675 2263 1743 2302 58.

203 2324 381 2365 ‘stincte
413 2338 535 2379 agere
567 2322 683 2372 libet,
715 2331 757 2363 et
790 2337 947 2378 genera
976 2322 1286 2378 iungendarum
1320 2321 1597 2362 amicitiarum
1612 2319 1767 2367 Resp0n3

203 2388 492 2431 ‘enumerare,
526 2396 604 2437 ego
641 2396 811 2436 quoque
845 2380 948 2421 duas
981 2380 1246 2421 conditiones
1278 2394 1446 2435 ponam,
1482 2372 1681 2436 extraxi?
1700 2364 1804 2399 Qum-

245 2512 264 2538 4
287 2500 342 2529 Ad
355 2500 529 2529 amicitiam
549 2499 719 2538 petendam
742 2499 877 2537 irttiyeiz-
924 2497 1052 2536 quidem
1077 2498 1219 2528 dediticii
1247 2497 1471 2527 Romanorum
1499 2500 1600 2528 erant.

203 2543 337 2582 [Iamque
360 2542 554 2579 societatem]
591 2541 650 2578 Ut,
671 2550 754 2579 quae
777 2540 879 2570 verbis
924 2541 963 2571 cf.
988 2551 1073 2580 supr.
1102 2539 1213 2571 xxviii.
1242 2549 1292 2579 34.
1331 2539 1468 2570 Niebhr.
1499 2539 1544 2570 iii.
1569 2550 1600 2571 n.

202 2584 266 2614 iam
290 2588 444 2623 usurpata
467 2583 591 2623 pridem
615 2587 683 2613 erat
707 2583 790 2613 inter
813 2584 878 2613 An·
923 2593 996 2624 939.

202 2627 346 2657 tiochum
365 2627 587 2666 populumque
598 2626 785 2656 Romanum
801 2625 878 2656 ami·
967 2625 986 2655 6
1009 2627 1121 2666 Aequo
1140 2626 1290 2665 foedere]
1322 2624 1369 2655 Ili
1396 2624 1473 2654 socii
1490 2625 1600 2663 foede-

203 2670 279 2700 citia
301 2680 338 2699 ac
361 2670 507 2706 societas,
526 2670 654 2699 foedere
678 2678 805 2707 quoque
829 2670 878 2698 fir-
923 2670 989 2699 ruti
1019 2673 1121 2705 eraut,
1148 2669 1264 2708 quibus
1294 2678 1333 2697 ex
1365 2667 1515 2704 formula,
1544 2677 1600 2697 seu

203 2716 353 2744 marctur.
400 2712 493 2742 llaec
517 2712 602 2742 dicta
629 2711 780 2751 Menippi
807 2711 879 2741 idco
924 2711 1018 2742 certis
1031 2711 1167 2742 foederis
1184 2709 1431 2747 conditionibus,
1445 2710 1513 2739 iura
1526 2720 1599 2740 con-

203 2755 247 2786 sic
264 2755 523 2793 interpretamur,
538 2754 613 2793 quia
629 2763 713 2793 supr.
731 2754 832 2785 xxxii.
848 2754 876 2784 8.
924 2764 1011 2784 cessa
1026 2758 1126 2785 crant.

203 2798 308 2828 socius
334 2797 397 2827 ium
423 2801 454 2827 et
481 2796 603 2827 amicus
629 2806 647 2826 a
672 2800 785 2827 senatu
814 2798 878 2827 Au·
970 2804 986 2836 7
1009 2798 1127 2827 Socz'ali
1146 2797 1294 2836 foedere]
1336 2795 1383 2826 Hi
1408 2795 1484 2825 socii
1509 2795 1600 2825 liberi

203 2840 330 2871 tioclms
353 2839 538 2879 appellatus
560 2844 616 2870 est.
664 2838 740 2870 Vid.
757 2839 877 2870 etinfr.
924 2842 1025 2870 eraut.
1060 2840 1099 2870 cf.
1124 2840 1193 2871 Cic.
1220 2839 1253 2869 in
1283 2839 1374 2870 Verr.
1405 2839 1436 2869 ii.
1470 2847 1497 2877 3.
1525 2838 1542 2874 ἓ
1571 2836 1600 2867 6.

204 2883 314 2914 xxxvi.
333 2892 360 2921 3.
926 2882 1061 2914 Niebhr.
1080 2882 1123 2913 iii.
1139 2893 1169 2913 n.
1186 2889 1258 2922 937.

253 2935 270 2965 5
300 2927 419 2961 Πιιηηι,
447 2936 543 2965 quum
574 2925 651 2955 bello
676 2925 784 2962 victis]
833 2924 879 2954 Hi
