1960 3218
163 245 356 287 U.c.562.

160 289 200 320 A.
224 290 262 321 C.
288 299 357 331 190.

238 358 276 395 4.

158 713 266 752 Scipio
282 714 356 745 Cos.

158 756 330 795 proficisci-

157 803 219 829 tur.

156 1109 239 1158 Solis
255 1111 332 1141 deli-

156 1163 278 1193 qulum.

155 1463 343 1493 Aetolorum

155 1510 297 1537 conatus.

156 1809 271 1840 Lamia
287 1820 341 1850 op-

155 1856 297 1891 pugnata
312 1854 352 1883 ab

154 1895 268 1927 Acilio.

371 155 453 194 268
879 153 1028 195 ΤΙΤΙ
1069 152 1248 194 LIVII

373 242 542 284 Gratiae
559 244 726 300 regibus
741 252 879 285 actae.
912 243 1059 300 legatis
1075 260 1249 286 munera
1264 244 1378 286 dari
1367 260 1486 295 iussa,
1505 245 1548 286 in
1569 245 1751 302 singulos

370 309 621 356 quaternum
643 301 820 342 millium
841 302 956 343 aeris.

427 358 476 399 L.
499 358 722 400 Cornelius
743 359 900 409 consul,
918 375 1006 416 pel
995 369 1107 410 Γ16113,
1126 375 1231 416 quae
1255 360 1415 402 Romae
1437 361 1598 417 agenda
1618 369 1748 411 erant,

369 432 444 473 pro
466 417 666 458 concione
689 417 833 466 edixit,
857 426 903 458 ut
924 418 1087 468 milites,
1111 434 1215 474 quos
1235 419 1322 475 ipse
1347 419 1391 459 in
1412 392 1750 475 supplementuni

368 474 606 530 scripsisset,
630 475 787 531 quique
810 475 853 515 in
876 475 1051 516 Bruttiis
1072 491 1167 517 cum
1190 477 1244 518 A.
1267 476 1464 518 Cornelio
1485 485 1748 533 propraetore

368 541 518 582 essent,
540 540 586 574 ut
611 532 655 572 hi
677 548 821 574 omnes
849 532 994 574 Idibus
1019 533 1278 582 Quintilibus
1307 534 1578 576 Brundisium
1599 549 1750 575 conve-

368 590 518 630 nir.ent
580 589 688 631 Item
722 598 804 632 tres
847 590 1003 647 legatos
1035 592 1277 642 nominavit,
1318 592 1412 633 Sex.
1437 592 1659 648 Digitium,
1697 591 1747 632 L.

368 647 610 704 Apustium,
645 647 694 689 C.
719 647 955 690 Fabricium
986 648 1230 700 Luscinum,
1259 650 1334 706 qui
1363 665 1414 691 ex
1446 665 1516 691 ora
1545 649 1751 690 maritima

369 704 557 770 undique
578 721 703 747 naves
732 705 1003 747 Brundisium
1026 707 1341 749 contraherent:
1375 717 1430 757 et,
1453 707 1675 749 omnibus
1666 721 1748 748 lam

368 763 533 819 paratis,
574 763 795 819 paludatus
835 764 886 805 ab
926 765 1026 805 urbe
1067 773 1129 806 est
1167 765 1386 821 profectus.
1448 765 1521 807 Ad
1561 765 1747 821 quinque

368 819 499 861 millia
532 820 859 862 voluntariorum
896 837 949 863 ex
984 822 1186 863 Romanis
1222 823 1439 878 sociisque,
1472 822 1545 879 qui
1576 822 1749 864 emerita

367 878 576 934 stipendia
615 879 691 919 sub
731 879 978 935 imperatore
1020 879 1066 921 P.
1093 880 1292 921 Africano
1332 880 1553 929 habebant,
1584 889 1747 936 praesto

366 936 480 978 fuere
509 936 682 977 exeunti
703 937 875 986 consuli,
899 945 941 978 et
967 937 1138 979 nomina
1165 938 1383 979 dederunt.
1446 938 1529 979 Per
1555 953 1624 978 eos
1644 937 1746 987 dies,

367 993 518 1050 quibus
539 1002 601 1035 est
624 994 834 1050 profectus
862 995 914 1036 ad
935 995 1091 1036 bellum
1112 995 1268 1045 consul,
1291 995 1399 1036 ludis
1421 994 1746 1051 Apollinaribus,
1762 1013 1779 1045 5

366 1059 461 1093 ante
495 1051 606 1092 diem
638 1052 833 1107 quintum
862 1052 963 1094 Idus
992 1052 1215 1103 Quintiles,
1245 1053 1361 1095 coelo
1388 1068 1534 1094 sereno
1565 1053 1750 1093 interdiu

367 1109 584 1150 obscurata
603 1109 676 1150 lux
698 1120 771 1160 est,
795 1125 925 1167 quum
946 1110 1046 1152 luna
1066 1111 1141 1152 sub
1163 1112 1306 1153 orbem
1327 1111 1423 1152 solis
1443 1110 1629 1151 sublsset.
1693 1109 1750 1151 Et

367 1166 416 1208 L.
436 1167 644 1208 Aemilius
668 1167 870 1223 Regillus,
889 1169 957 1209 cui
973 1168 1127 1210 navalis
1147 1169 1360 1225 provincia
1375 1177 1581 1218 evenerat,
1600 1167 1748 1209 eodem

366 1236 552 1280 tempore
570 1225 779 1281 profectus
796 1234 868 1267 est.
930 1226 980 1267 L.
996 1226 1286 1268 Aurunculeio
1302 1226 1516 1283 negotium
1535 1226 1585 1267 ab
1602 1234 1749 1267 senatu

365 1282 510 1323 datum
527 1292 600 1332 est,
618 1291 665 1324 ut
678 1284 847 1337 tliginta
861 1284 1196 1340 quinqueremes,
1212 1284 1359 1340 viginti
1374 1284 1561 1325 triremes
1574 1284 1745 1333 faeeret3

365 1340 464 1396 quia
483 1340 592 1381 fama
616 1351 715 1390 erat,
731 1319 1001 1383 Antiochum
1025 1350 1118 1398 post
1143 1342 1348 1398 ploelium
1376 1341 1519 1383 navale
1549 1341 1747 1382 maiorem

365 1397 535 1439 classem
556 1398 770 1454 aliquanto
791 1415 990 1455 reparare.

423 1455 579 1505 Aetoli,
614 1464 834 1512 postquam
875 1457 1001 1514 legati
1042 1458 1093 1499 ab
1136 1457 1273 1499 Roma
1307 1457 1551 1507 retulerunt,
1589 1456 1747 1497 nullam

365 1529 482 1570 spem
514 1514 626 1570 pacis
667 1529 767 1564 esse,
802 1530 1042 1571 quanquam
1078 1516 1212 1556 01111113
1245 1531 1316 1556 ora
1348 1515 1554 1556 maritima
1588 1529 1745 1563 eorum,

365 1586 472 1627 quae
502 1572 546 1612 111
578 1571 916 1628 Peloponnesum
947 1588 1065 1614 versa
1094 1582 1168 1622 est,
1200 1573 1454 1629 depopulata
1483 1573 1533 1613 ab
1566 1572 1747 1613 Achaeis

365 1638 464 1678 erat,
496 1629 670 1685 periculi
701 1630 843 1686 magis,
874 1646 1001 1686 quam
1031 1605 1185 1680 damni,
1218 1646 1435 1680 memores,
1467 1638 1514 1671 ut
1545 1629 1779 1675 Romanis6

364 1661 692 1728 inteicluderent
713 1687 803 1737 iter,
830 1688 1032 1729 Coracem
1063 1698 1247 1729 montem
1276 1696 1595 1745 occupaverunt.
1659 1686 1748 1728 Ne-

365 1760 447 1800 que
489 1745 601 1786 enim
642 1745 899 1795 dubitabant,
937 1746 990 1787 ad
1031 1746 1385 1802 oppugnationem
1428 1745 1637 1802 Naupacti
1678 1760 1747 1786 eos

365 1802 571 1858 principio
607 1803 713 1843 veris
748 1778 954 1844 redituios
985 1819 1084 1844 6336.
1147 1803 1299 1853 Α61110,
1332 1804 1405 1859 qui
1437 1804 1481 1844 id
1517 1802 1747 1859 exspectali

367 1860 533 1909 sciebat,
560 1860 685 1901 satius
713 1861 844 1901 visum
877 1870 950 1911 631,
977 1861 1233 1917 inopinatam
1265 1861 1434 1917 aggredi
1464 1876 1564 1911 rem,
1591 1869 1634 1901 et
1664 1860 1777 1904 La-7

367 1918 492 1958 miam
515 1933 767 1974 oppugnare.
831 1918 942 1959 Nam
965 1931 1007 1960 et
1027 1934 1051 1960 a
1078 1918 1274 1975 Philippo
1296 1934 1424 1975 prope
1453 1918 1507 1960 ad
1535 1917 1746 1959 excidium

1078 2070 1193 2096 cuntur
1221 2065 1274 2096 hic
1300 2065 1447 2096 incidisse
1469 2065 1502 2095 in
1523 2076 1550 2096 a.
1572 2065 1602 2095 d.
1620 2074 1650 2095 V.
1668 2064 1747 2094 Idus

407 2072 423 2103 5
452 2065 552 2095 Ludis
574 2066 830 2104 Apollinaribus,
855 2070 928 2096 ante
952 2067 1031 2097 diem

1079 2109 1254 2144 Quintiles,
1277 2119 1330 2139 eos
1355 2108 1463 2139 Livius
1478 2118 1562 2147 supr.
1580 2106 1678 2138 xxvii.
1696 2114 1745 2143 23.

362 2109 511 2147 quz'ntum
548 2109 627 2137 Idus
668 2109 826 2145 Quintiles
983 2110 1031 2139 oh-

362 2155 492 2180 sem-ata
513 2151 570 2180 (11oe
589 2152 651 2189 est]
682 2151 767 2180 Vide
793 2162 888 2190 super
914 2151 974 2181 hae
1000 2162 1032 2182 re

363 2192 532 2231 epistolam
570 2193 716 2223 Ismaelis
749 2194 917 2231 Bullialdi,
949 2204 1032 2233 quac

363 2235 505 2265 subiecta
534 2239 580 2265 est
610 2236 650 2265 ad
684 2237 805 2266 calcem
835 2237 921 2266 tertii
952 2237 1031 2267 tomi

364 2277 490 2307 Liviani
521 2278 553 2307 in
589 2278 728 2308 editione
767 2280 833 2309 Iac.
866 2279 1030 2310 Gronovii.

364 2320 483 2350 Probat
514 2320 723 2359 peritissimus
748 2321 804 2352 ille
834 2324 1033 2352 astronomus

363 2362 445 2393 hauc
472 2363 628 2402 eclipsim,
655 2364 694 2393 de
721 2374 783 2403 qua
811 2364 861 2394 hic
887 2365 953 2403 agit
980 2364 1031 2395 Li—

366 2405 443 2441 vius,
470 2416 534 2435 non
563 2406 702 2445 potuisse
726 2406 865 2437 incidere
888 2407 921 2436 in
947 2418 975 2437 a.
1002 2408 1032 2437 d.

363 2447 509 2485 quintum
534 2448 612 2478 Idus
635 2449 799 2483 Quintiles
821 2449 896 2479 anni
920 2449 1034 2479 veteris

364 2490 518 2525 Romani,
534 2501 632 2529 quum
655 2502 692 2521 ex
714 2495 967 2522 astronomorum
986 2496 1032 2522 ta-

364 2531 447 2561 bulis
478 2532 630 2562 referatur
658 2534 698 2563 ad
729 2534 814 2564 diem
846 2544 890 2573 14.
921 2534 1032 2564 Martii

363 2574 437 2605 anni
466 2574 605 2606 Iuliani:
636 2580 793 2614 putatque
819 2586 955 2606 errorem
983 2577 1033 2606 vcl

365 2616 459 2654 Livii,
486 2617 534 2646 vel
565 2617 632 2647 61113
658 2628 753 2656 quem
784 2619 950 2658 exscripsit
981 2619 1031 2649 Li-

365 2659 444 2696 vius,
457 2663 566 2689 natum
585 2670 652 2689 6336
667 2671 706 2689 ex
724 2660 886 2690 vicinitate
902 2661 1032 2691 alterius

364 2701 495 2740 deliquii
512 2702 631 2737 solaris,
648 2702 737 2732 euius
760 2703 880 2733 mentio
904 2704 939 2733 fit
962 2703 1031 2734 infr.

364 2744 496 2775 xxxviii.
536 2743 584 2783 36.
623 2746 707 2783 quod
749 2756 857 2775 revera
893 2745 1032 2776 incidere

365 2786 469 2826 potuit.
502 2786 534 2816 in
567 2787 660 2817 ludos
692 2787 904 2826 Apollinares,
935 2792 967 2818 et
1000 2789 1031 2818 in

364 2840 392 2859 a.
424 2830 455 2859 (l.
484 2840 512 2860 v,
543 2830 621 2860 Idus
648 2830 823 2865 Quintiles.
879 2832 1031 2862 Ceterum

365 2876 394 2902 61
423 2871 486 2902 alia
514 2872 625 2903 diversi
652 2873 774 2911 generis
801 2872 851 2903 1116
880 2874 1034 2912 reperitul

364 2913 548 2952 difficultas,
570 2916 652 2955 quod
682 2925 797 2955 nempe
820 2915 873 2956 qui
898 2916 964 2946 ludi
987 2916 1032 2947 di-

1076 2151 1206 2182 tradidit
1230 2151 1296 2182 fieri
1320 2151 1429 2181 solitos
1451 2161 1479 2181 a.
1503 2151 1534 2181 d.
1558 2160 1608 2180 111.
1634 2150 1746 2179 Nonas

1077 2194 1250 2230 Quintiles,
1307 2194 1370 2225 Sed
1400 2193 1425 2223 si
1452 2193 1519 2224 ludi
1543 2192 1746 2232 Apollinares

1076 2241 1179 2267 totum
1207 2236 1372 2267 octiduum
1396 2240 1538 2272 tenuere,
1563 2239 1597 2264 ut
1621 2245 1660 2264 ex
1684 2235 1745 2265 Ca-

1076 2279 1218 2309 lendario
1249 2279 1354 2318 colligi
1384 2278 1518 2313 videtur,
1548 2277 1642 2307 facile
1677 2286 1745 2306 rem

1076 2321 1327 2352 conciliabimus.
1369 2321 1573 2359 Ineipiebaut
1588 2319 1637 2349 illi
1653 2318 1744 2348 nimi-

1075 2375 1145 2394 rum
1170 2364 1321 2394 celebrari
1343 2374 1370 2394 a.
1392 2364 1421 2393 d.
1444 2372 1494 2393 111.
1518 2362 1640 2398 Nonas,
1657 2361 1743 2391 finie-

1077 2408 1193 2437 bantur
1208 2417 1235 2436 a.
1252 2407 1281 2437 d.
1300 2416 1343 2436 IV.
1363 2406 1449 2436 Idus.
1496 2405 1610 2443 Itaque
1631 2404 1657 2433 is
1678 2403 1745 2434 dies

1077 2450 1131 2488 qui
1158 2449 1218 2479 hoc
1244 2449 1314 2479 loco
1338 2452 1476 2484 notatur,
1500 2447 1654 2485 septimus
1677 2450 1744 2477 erat

1077 2492 1143 2522 dies
1159 2492 1306 2521 ludorum
1324 2489 1570 2529 Apollinarium.
1594 2490 1700 2520 CREV.

1119 2533 1138 2564 6
1161 2535 1305 2564 l'erieuli
1321 2534 1432 2571 wia-(lis,
1445 2544 1537 2572 quam
1554 2533 1744 2569 d(1111m'‚me-

1076 2577 1192 2613 mores]
1234 2576 1285 2606 De
1315 2576 1456 2614 periculo
1486 2574 1675 2604 imminente
1703 2575 1744 2605 ab

1077 2618 1243 2653 Romanis,
1254 2628 1349 2656 quam
1367 2619 1406 2647 de
1422 2618 1539 2647 damno
1555 2618 1595 2647 ab
1608 2617 1745 2647 Achaeis

1078 2672 1133 2700 per
1158 2661 1382 2700 populationes
1408 2660 1510 2698 illato,
1534 2659 1634 2700 magis
1660 2660 1744 2690 solli-

1076 2703 1140 2734 citi.
1165 2704 1238 2734 Cea!
1243 2713 1270 2734 ν.

1121 2754 1136 2784 7
1163 2747 1184 2775 l.
1189 2747 1303 2775 (ιηιίαηι
1319 2747 1523 2785 oppuqnme]
1555 2746 1625 2775 Iam
1642 2746 1743 2775 obser-

1078 2788 1219 2818 1111111113,
1252 2788 1360 2818 xxxvi.
1390 2798 1437 2827 25.
1478 2788 1622 2818 Lamiam
1657 2787 1743 2817 dedi-

1076 2836 1141 2861 tam
1159 2842 1225 2861 6336
1242 2831 1408 2868 Romanis,
1423 2835 1552 2861 ¹ul(··t01e
1566 2829 1656 2860 Lixio
1672 2830 1742 2861 infr.

1077 2873 1185 2904 xxxix.
1203 2882 1252 2911 23.
1269 2877 1437 2913 postquam
1459 2874 1499 2903 ab
1518 2884 1556 2903 ca
1573 2872 1744 2911 Philippus

1076 2920 1254 2947 recesserat.
1302 2917 1417 2955 Itaque
1435 2926 1534 2955 quum
1557 2915 1608 2947 hic
1631 2915 1742 2946 eadem
