1960 3218
560 156 687 199 LIB.
718 155 917 198 XXXII.
963 157 1110 200 CAP.
1135 162 1174 201 8.
1511 162 1565 201 53

134 247 463 291 8‘continuare.’
538 247 625 289 Res
665 262 719 289 ex
755 248 977 304 campestri
1017 248 1244 290 certamine
1286 248 1331 289 in
1370 256 1563 290 senatum
1579 257 1624 289 U.
1641 256 1678 288 C.
1701 263 1774 296 553·

133 305 293 352 9venit.
355 304 502 346 Patres
534 313 800 355 censuerunt,
833 305 949 353 ‘Qui
980 305 1197 355 honorem,
1230 321 1356 362 quem
1387 307 1464 347 sibi
1495 322 1563 348 ca·-
1578 301 1616 331 A.
1641 299 1680 331 C.
1704 308 1773 339 199·

167 368 291 418 ‘pere
312 377 388 419 per
407 362 520 418 leges
540 362 698 412 liceret,
715 370 890 418 peteret,
914 363 958 403 in
979 378 1029 404 eo
1050 362 1207 419 populo
1229 363 1412 412 creandi,
1435 379 1563 419 quem

167 419 305 469 ‘velit,
332 429 581 476 potestatem
610 420 700 460 fieri
732 435 914 475 aequum
946 421 1061 461 esse..'
1121 420 1172 461 In
1203 421 1449 461 auctoritate
1482 420 1563 462 Pa-

165 486 275 518 trum
295 477 410 518 fuere
432 477 600 518 tribuni.
666 476 809 518 Creati
830 477 1022 518 consules
1050 477 1146 518 Sex.
1167 477 1317 518 Aelius
1345 477 1500 518 Paetus
1521 486 1564 519 et

165 534 215 575 T.
239 533 466 582 Quinctius
487 533 758 575 Flamininus.
823 533 930 575 Inde
955 543 1193 590 praetorum
1216 535 1386 576 comitia
1406 534 1560 576 habita.

166 591 309 633 Creati
340 591 389 633 L.
417 590 642 633 Cornelius
674 591 854 641 Merula,
889 591 951 632 M.
979 591 1184 633 Claudius
1220 591 1461 641 Marcellus,
1497 591 1560 633 M.

163 647 333 690 Portius
364 648 485 698 Cato,
511 648 561 690 C.
583 648 775 698 Helvius,
806 649 880 705 qui
908 648 1063 691 aediles
1090 649 1223 706 plebis
1250 649 1427 691 fuerant.
1493 649 1563 691 Ab

162 705 212 746 iis
242 705 332 747 ludi
365 706 521 762 plebeii
556 706 800 747 instaurati:
840 715 883 748 et
913 706 1085 762 epulum
1117 706 1227 748 Iovis
1257 706 1337 748 fuit
1366 706 1564 747 ludorum

163 778 297 804 causa.
361 763 417 805 Et
439 764 490 805 ab
511 763 716 805 aedilibus
732 763 946 805 curulibus
966 763 1015 805 C.
1033 763 1204 805 Valerio
1227 764 1376 805 Flacco
1392 764 1563 805 flamine

164 819 279 862 Diali
301 828 343 862 et
367 821 416 863 C.
435 821 635 863 Cornelio
655 820 850 877 Cethego
872 821 961 862 ludi
985 821 1169 863 Romani
1186 836 1339 877 magno
1361 830 1565 877 apparatu

136 893 148 914 1
163 877 272 919 facti.
338 877 424 920 Ser.
449 887 491 919 et
515 878 565 920 C.
588 877 763 935 Sulpicii
783 878 944 920 Galbae
965 878 1186 935 pontifices
1203 894 1254 920 eo
1275 894 1387 920 anno
1409 878 1564 919 mortui

162 945 271 977 sunt.
334 935 386 976 In
408 951 554 977 eorum
581 935 722 977 locum
751 935 812 977 M.
835 936 1043 977 Aemilius
1069 936 1258 993 Lepidus
1287 944 1329 978 et
1353 935 1434 977 Cn.
1457 935 1564 977 Cor-

163 992 299 1034 nelius
324 992 464 1049 Scipio
485 993 705 1050 pontifices
727 994 890 1034 suffecti
912 1002 1021 1035 sunt.

225 1050 308 1093 Sex
340 1050 490 1092 Aelius
521 1050 687 1100 Paetus,
723 1050 773 1091 T.
802 1050 1028 1098 Quinctius
1059 1050 1321 1092 Flamininus
1356 1050 1561 1101 consules,
1655 1054 1694 1092 8.

163 1109 408 1163 magistratu
439 1108 557 1157 inito,
589 1116 782 1149 senatum
812 1108 857 1148 in
891 1106 1104 1163 Capitolio
1137 1124 1269 1164 quum
1305 1108 1562 1158 habuissent,
1578 1108 1623 1140 U·
1640 1109 1678 1140 C·
1702 1116 1774 1148 554·

164 1165 441 1206 decreverunt
489 1165 646 1214 Patres,
691 1170 702 1188 ‘
718 1174 765 1205 ut
805 1165 1041 1220 provincias
1089 1165 1389 1207 Macedoniam
1436 1175 1562 1221 atque
1578 1152 1775 1224 ἓέἳοᾈὲξὲ·

166 1228 178 1246 ‘
194 1222 359 1263 Italiam
376 1221 568 1263 eonsules
585 1230 875 1278 compararent
891 1222 1000 1263 inter
1016 1238 1072 1271 se,
1090 1223 1401 1264 sortirenturve.
1467 1222 1565 1263 Utri
1577 1217 1736 1272 TsQuin-
1765 1216 1774 1231 ’

166 1285 339 1321 ‘eorum
372 1278 627 1320 Macedonia
657 1279 874 1329 evenisset,
901 1280 945 1320 in
977 1279 1318 1336 supplementum
1349 1279 1562 1336 legionum
1579 1278 1642 1309 ctio
1661 1279 1750 1326 (poss.

166 1337 270 1378 ‘tria
310 1336 438 1377 millia
477 1336 659 1378 militum
703 1336 993 1378 Romanorum
1029 1337 1240 1387 scriberet,
1278 1346 1321 1378 et
1356 1345 1566 1378 trecentos
1580 1322 1779 1351 Provmeme.

167 1399 179 1419 ‘
192 1394 377 1450 equites:
421 1394 523 1435 item
559 1394 767 1435 sociorum
809 1394 952 1435 Latini
988 1394 1170 1435 nominis
1211 1395 1401 1450 quinque
1436 1393 1568 1435 millia

167 1457 180 1475 ‘
192 1451 396 1508 peditum,
415 1452 669 1508 quingentos
691 1451 879 1507 equites.’
942 1451 1077 1493 Alteri
1101 1451 1262 1492 consuli
1283 1467 1415 1492 novus
1432 1451 1568 1492 omnis

166 1509 376 1551 exercitus
397 1509 601 1550 decretus.
666 1508 714 1550 L.
735 1508 921 1550 Lentulo
941 1509 1090 1565 prioris
1119 1509 1219 1550 anni
1241 1509 1402 1551 consuli
1424 1524 1569 1565 proro-

166 1576 311 1623 gatum
341 1566 566 1622 imperium
593 1575 683 1615 est3
720 1566 959 1622 vetitusque
986 1575 1058 1607 aut
1085 1566 1173 1622 ipse
1200 1567 1418 1622 provincia
1444 1566 1569 1607 dece-

168 1624 267 1665 dere
284 1624 411 1680 prius,
427 1632 500 1665 aut
515 1633 700 1665 veterem
717 1623 949 1665 exercitum
965 1623 1188 1673 deducere,
1207 1639 1334 1679 quam
1351 1638 1448 1664 cum
1465 1623 1570 1679 legi-

168 1681 320 1723 onibus
346 1681 465 1722 novis
493 1681 639 1722 consul
668 1681 860 1722 venisset.
927 1680 1071 1722 Sortiti
1100 1681 1292 1722 consules
1319 1681 1566 1736 provincias.

168 1737 295 1781 Aelio
332 1737 464 1787 Italia,
503 1738 707 1786 Quinctio
744 1737 1001 1779 Macedonia
1033 1738 1185 1779 evenit.
1250 1738 1481 1786 Praetores,
1517 1736 1567 1778 L.

171 1795 395 1837 Cornelius
418 1795 587 1836 Merula
607 1796 822 1844 urbanam,
848 1794 909 1835 M.
933 1794 1138 1836 Claudius
1163 1794 1360 1845 Siciliam,
1385 1794 1447 1836 M.
1466 1794 1571 1835 Por-

169 1853 258 1894 cius
282 1852 530 1902 Sardiniam,
557 1852 606 1893 C.
627 1852 806 1893 Helvius
830 1851 1013 1892 Galliam
1035 1861 1097 1893 est
1123 1852 1302 1893 sortitus.
1366 1851 1571 1893 Deleetus

169 1910 269 1951 inde
286 1909 430 1951 haberi
443 1918 505 1950 est
522 1918 705 1965 coeptus.
770 1909 896 1958 Nam,
914 1918 1080 1965 praeter
1096 1909 1333 1950 consulares
1347 1909 1570 1959 exercitus,

141 1975 382 2023 2praetores
408 1981 578 2022 quoque
607 1967 705 2007 iussi
731 1967 910 2007 scribere
936 1966 1089 2007 milites
1114 1974 1256 2007 erant:
1292 1966 1497 2007 Marcello
1526 1966 1571 2006 in

174 2024 358 2065 Siciliam
381 2032 580 2080 quattuor
601 2023 731 2064 millia
751 2023 942 2079 peditum
965 2024 1124 2064 socium
1147 2023 1288 2064 Latini
1311 2023 1506 2072 nominis,
1529 2032 1572 2064 et

173 2090 380 2122 trecentos
405 2081 592 2136 equites3
629 2080 784 2121 Catoni
810 2081 854 2120 in
885 2080 1119 2121 Sardiniam
1151 2095 1205 2121 ex
1235 2080 1386 2121 eodem
1417 2095 1570 2136 genere

173 2138 352 2179 militum
385 2138 463 2178 tria
493 2137 623 2178 millia
657 2137 863 2193 peditum,
896 2137 1101 2178 ducentos
1132 2137 1316 2193 equites:
1361 2137 1419 2178 ita
1450 2144 1497 2177 ut
1528 2136 1572 2177 hi

224 2267 242 2297 8
271 2268 327 2297 Em
356 2267 525 2306 campestri
559 2266 749 2303 certamine]
798 2265 850 2295 Ex

175 2319 292 2348 campo
308 2309 440 2346 Martio,
459 2308 510 2338 ubi
531 2308 634 2347 primo
650 2308 770 2347 agitata
787 2317 851 2337 cer-

176 2357 285 2382 tamen
302 2351 506 2381 excitaverat.
546 2351 585 2381 In
603 2361 718 2390 campo
734 2360 853 2389 nempe

177 2393 298 2425 Martio
325 2393 456 2423 comitia
483 2392 662 2423 centuriata
690 2393 852 2423 habeban-

176 2440 237 2466 tur.
262 2436 368 2467 CREv.

220 2488 240 2519 9
263 2480 361 2515 Quem
386 2479 445 2508 sihi
468 2488 583 2517 capere
602 2488 663 2517 per
682 2479 764 2516 leyes
783 2478 853 2508 lice-

178 2522 242 2559 ret]
277 2521 433 2550 Nondum
451 2520 520 2550 ulla
535 2520 587 2549 lex
605 2520 744 2555 vetabat,
761 2519 853 2549 omis-

179 2563 220 2592 sis
236 2562 436 2592 inferioribus
458 2562 616 2591 honorum
635 2562 795 2601 gradibus.
812 2562 853 2591 ad

180 2604 358 2643 superiores
374 2614 440 2634 sese
463 2604 637 2643 accingere.
683 2604 774 2643 Sylla
790 2603 853 2633 dic-

181 2651 266 2676 tator
288 2647 390 2685 legem
414 2647 500 2684 tulit,
521 2657 562 2676 ne
578 2647 648 2685 quis
672 2650 855 2685 praeturam

182 2692 257 2719 ante
273 2693 475 2727 quaesturam
496 2693 630 2727 peteret,
647 2699 727 2719 neve
744 2699 854 2718 consu-

184 2733 286 2761 latum
316 2735 390 2760 ante
426 2736 618 2769 praeturam.
673 2731 780 2761 Testis
809 2735 857 2760 est

185 2773 364 2812 Appianus,
383 2772 466 2803 Bell.
484 2772 556 2803 Civ.
594 2773 670 2803 Vid.
688 2773 856 2812 Supplem.

186 2815 383 2846 Freinshem.
403 2815 525 2846 lxxxix.
543 2825 572 2855 9.
595 2816 701 2846 ΟΜΝ.
727 2816 859 2854 efisupr.

186 2868 260 2888 xxv.
281 2867 308 2887 τ.
335 2857 403 2888 Cic.
425 2857 509 2888 Phil.
529 2868 556 2886 v.
578 2865 622 2896 17.
652 2858 742 2888 Fuss.
765 2858 860 2888 Rom.

191 2900 300 2939 Antiq.
319 2900 335 2937 ἓ
358 2899 423 2935 184.

944 2275 954 2296 1
974 2267 1042 2297 Ser.
1056 2270 1086 2297 el
1098 2266 1132 2297 0.
1148 2267 1287 2305 Sulpicii
1301 2266 1438 2303 Galbae]
1467 2265 1571 2296 Olim:

895 2309 965 2339 Ser.
981 2310 1147 2348 Sulpicius
1169 2313 1199 2339 et
1214 2310 1251 2339 L.
1270 2309 1382 2338 Galba.
1430 2307 1574 2338 Mutavit

898 2350 1054 2389 Sigonius.
1105 2351 1233 2381 Servius
1253 2350 1398 2390 pontifex
1415 2350 1447 2380 in
1466 2350 1573 2379 locum

899 2393 991 2423 Fabii
1022 2392 1162 2423 Maximi
1193 2394 1346 2422 suffectus
1378 2397 1575 2421 memoratur

898 2446 983 2474 supr.
996 2446 1072 2465 xxx.
1089 2434 1137 2465 26.
1183 2435 1295 2469 Caius,
1310 2435 1342 2464 in
1359 2435 1465 2464 locum
1481 2434 1573 2464 Man-

899 2477 933 2508 lii
950 2477 1118 2516 Torquati,
1134 2477 1247 2507 eodem
1266 2477 1346 2507 libro
1363 2485 1412 2517 39.
1437 2477 1544 2507 CREV.

943 2528 959 2549 2
985 2521 1158 2551 Praetores
1183 2530 1307 2559 quoque
1334 2520 1412 2549 iussi
1439 2519 1576 2549 scribere

897 2563 1012 2592 milites
1024 2566 1134 2593 erant:
1152 2562 1329 2599 Μανοεῖῖο]
1350 2561 1498 2591 Postulat
1509 2570 1576 2590 ora-

899 2603 996 2633 tionis
1026 2605 1116 2633 fllum
1148 2605 1340 2640 Alarcellus‚
1366 2607 1402 2632 ut
1433 2607 1465 2632 et
1495 2603 1578 2632 infra

901 2647 990 2683 Caco,
1003 2657 1067 2676 non
1081 2647 1204 2677 Catoni.
1230 2646 1386 2676 GRoNov.
1434 2645 1506 2675 Nisi
1522 2655 1576 2684 po-

900 2689 964 2718 tius
995 2689 1164 2727 legendum
1195 2692 1242 2718 est
1275 2688 1481 2727 praetoribus
1493 2700 1502 2717 :
1541 2691 1578 2716 ut

901 2741 1011 2761 sensus
1026 2731 1078 2768 sit,
1090 2731 1237 2761 consules
1252 2730 1351 2760 iussos
1364 2740 1430 2759 esse
1442 2730 1579 2759 scribere

903 2783 1030 2813 quoque
1041 2773 1170 2809 milites,
1181 2773 1234 2812 qui
1248 2776 1406 2803 mererent
1420 2773 1478 2801 sub
1491 2781 1578 2810 prae-

905 2815 1036 2845 toribus.
1076 2816 1184 2854 Atque
1200 2815 1231 2845 id
1249 2825 1305 2846 nos
1321 2814 1452 2845 omnino
1470 2823 1579 2844 verum

909 2862 1068 2897 putamus.
1093 2858 1198 2889 Ciu-:xx
