1960 3218
337 164 421 206 472
849 158 999 201 ΤΙΤΙ
1036 158 1215 200 LIVII

133 263 180 295 U.
196 263 235 295 C.
257 270 329 303 573-
342 251 486 293 Latini
516 249 711 300 nominis,
733 257 777 291 et
796 248 1126 305 quadringentos
1150 249 1325 305 equiteS,
1348 249 1395 290 P.
1415 247 1587 290 Mucius
1611 248 1734 291 Scae-

132 307 173 338 Α·
197 306 237 338 C.
261 313 331 347 Ι79·
343 309 438 357 vola
464 309 667 350 urbanam
698 307 867 349 sortitus
897 307 1154 364 provinciam
1175 315 1263 356 est3
1297 316 1340 348 et
1360 315 1407 348 ut
1427 306 1539 347 idem
1561 322 1735 363 quaere-

200 1478 271 1518 45.

140 1534 259 1566 Hiems

140 1588 247 1610 saeva.

344 376 410 410 ret
437 367 490 408 de
513 365 727 408 veneficiis
757 365 802 405 in
832 365 948 415 urbe,
981 373 1023 406 et
1052 364 1224 421 propius
1254 365 1400 406 urbem
1428 364 1574 405 decem
1606 364 1738 405 millia

344 440 565 482 passuum:
614 423 694 465 Cn.
722 421 946 464 Cornelius
989 422 1131 479 Scipio
1169 423 1445 479 peregrinam,
1487 422 1539 470 Q.
1564 421 1737 463 Mucius

338 481 548 525 Scaevola
571 481 768 530 Siciliam,
794 480 843 521 C.
861 480 1055 522 Valerius
1077 480 1288 521 Laevinus
1313 479 1559 521 Sardiniam.

408 540 461 589 Q.
482 539 653 581 Fulvius
688 538 847 588 consul,
881 538 1032 594 ‘prius,
1067 553 1194 593 quam
1229 537 1357 578 ullam
1396 553 1485 579 rem
1525 536 1736 593 publicam

348 604 528 654 ‘ageret,
551 597 726 639 liberare
755 605 797 637 et
825 611 867 637 se
897 604 939 636 et
966 594 1267 651 rempublicam
1298 594 1499 651 religione
1520 595 1627 636 votis
1657 594 1739 636 sol-

348 655 546 705 ‘vendis,’
567 655 687 704 dixit,
712 653 857 695 ‘velle
920 652 1108 701 Vovisse,
1138 668 1222 708 quo
1254 651 1322 693 die
1352 661 1610 708 postremum
1641 668 1738 694 cum

348 720 361 739 ‘
378 712 602 755 Celtiberis
632 719 871 768 pugnasset,
903 709 1024 750 ludos
1052 709 1143 751 Iovi
1167 709 1342 766 Optimo
1364 709 1569 759 Maximo,
1597 718 1640 751 et
1669 725 1739 751 ae-

348 772 470 813 ‘dem
494 770 691 826 Equestri
717 768 926 809 Fortunae
958 782 1046 808 sese
1076 767 1307 808 facturum:
1341 767 1386 807 in
1417 783 1510 808 eam
1540 782 1630 808 rem
1660 768 1739 809 sibi

348 828 598 886 ‘pecuniam
628 826 821 868 collatam
853 840 940 867 esse
972 826 1023 866 ab
1058 824 1284 881 Hispanis)
1350 824 1463 866 Ludi
1494 824 1665 874 decreti,
1698 833 1742 866 et

348 896 394 928 ut
417 885 628 927 duumviri
650 884 704 925 ad
724 883 872 925 aedem
903 882 1123 924 locandam
1148 892 1399 924 crearentur.
1463 882 1531 924 De
1562 882 1742 939 pecunia

347 944 505 993 finitur,
543 942 639 984 ‘Ne
681 942 813 983 maior
853 956 977 983 causa
1015 940 1211 981 ludorum
1252 950 1580 990 consumeretur,
1614 955 1772 996 quam3

349 1008 532 1058 ‘quanta
552 1000 700 1041 Fulvio
722 998 945 1048 Nobiliori,
967 1007 1062 1055 post
1084 998 1326 1040 Aetolicum
1346 998 1504 1040 bellum
1534 998 1655 1039 ludos
1682 997 1743 1039 fa-

349 1059 516 1109 ‘cienti,
539 1057 708 1100 decreta
736 1066 865 1098 esset:
903 1072 1008 1098 neve
1038 1056 1142 1112 quid
1174 1056 1228 1096 ad
1253 1071 1333 1110 eos*
1351 1055 1471 1097 ludos
1502 1064 1741 1105 arcesseret,

350 1123 555 1174 ‘cogeret,
579 1116 800 1172 acciperet,
827 1115 995 1164 faceret,
1023 1114 1218 1155 adversus
1248 1114 1293 1154 id
1320 1113 1775 1163 senatusconsultum,4

351 1174 491 1232 ‘quod
514 1174 563 1216 L.
582 1173 782 1223 Aemilio,
809 1172 889 1214 Cn.
907 1171 1067 1213 Baebio
1092 1171 1333 1212 consulibus
1364 1171 1416 1213 de
1447 1171 1556 1212 ludis
1585 1171 1743 1212 factum

351 1233 509 1274 ‘esset.’
569 1231 829 1273 Decreverat
864 1230 909 1271 id
944 1238 1112 1271 senatus
1142 1238 1314 1285 propter
1349 1230 1501 1271 effusos
1537 1237 1742 1286 sumptus,

348 1291 478 1332 factos
499 1291 544 1331 in
564 1289 686 1331 ludos
708 1288 775 1330 Ti.
799 1287 1038 1344 Sempronii
1060 1286 1218 1336 aedilis,
1240 1287 1314 1342 qui
1334 1302 1479 1343 graves
1506 1302 1592 1328 non
1617 1286 1744 1327 modo

349 1348 495 1390 Italiae
524 1363 571 1389 ac
592 1347 714 1389 sociis
735 1346 880 1387 Latini
901 1344 1095 1394 nominis,
1118 1344 1193 1385 sed
1214 1345 1340 1385 etiam
1361 1340 1594 1400 provinciis'
1606 1352 1745 1385 exter-

350 1407 415 1448 nis
435 1407 612 1447 fuerant.
917 1412 921 1414 '

410 1463 560 1505 Hiems
581 1478 632 1504 eo
654 1477 764 1503 anno
790 1462 886 1502 nive
914 1475 1036 1502 saeva
1056 1468 1098 1501 et
1120 1459 1234 1500 omni
1261 1467 1556 1515 tempesta-tum
1589 1474 1743 1515 genere

350 1522 455 1564 fuit:
503 1521 683 1569 arbores,
721 1534 829 1575 quae
870 1518 1076 1559 obnoxiae
1117 1517 1339 1572 frigoribus
1379 1525 1490 1566 sunt,
1532 1516 1746 1557 deusserat

351 1587 547 1622 cunctas:
591 1588 634 1619 et
668 1593 717 1618 ea
752 1586 843 1618 tum
879 1575 1108 1632 aliquantO,
1141 1589 1267 1630 quam
1305 1574 1416 1623 alias,
1453 1574 1619 1630 longior
1652 1573 1743 1614 fuit.

350 1637 499 1693 Itaque
523 1636 697 1677 Latinas
721 1649 820 1676 mox
841 1633 978 1675 subito
1000 1644 1142 1674 coorta
1162 1641 1205 1673 et
1226 1631 1497 1673 intolerabilis
1521 1639 1745 1687 tempestas
1759 1641 1776 1672 5

349 1695 395 1736 in
416 1703 559 1736 monte
581 1693 785 1735 turbavit:
822 1692 1161 1746 instaurataeque
1193 1699 1290 1730 sunt
1320 1705 1373 1730 ex
1404 1689 1575 1730 decreto
1605 1689 1744 1745 ponti-

350 1753 489 1794 ficum.
560 1751 722 1792 Eadem
762 1758 987 1806 tempestas
1023 1757 1066 1789 et
1101 1748 1145 1788 in
1181 1747 1393 1803 Capitolio
1430 1747 1590 1803 aliquot
1629 1747 1746 1802 signa

349 1810 584 1867 prostravit,
599 1808 929 1863 fulminibusque
947 1805 1162 1861 complura
1182 1805 1274 1846 loca
1294 1805 1541 1845 deformavit
1553 1820 1563 1853 3
1597 1804 1743 1845 aedem

352 1868 463 1909 Iovis
495 1867 761 1916 Tarracinae,
790 1865 939 1906 aedem
969 1863 1124 1905 Albam
1159 1862 1344 1917 Capuae,
1377 1872 1623 1918 portamque
1657 1861 1777 1929 Ro-7

352 1941 542 1967 manam:
577 1925 687 1965 muri
716 1924 870 1980 pinnae
900 1922 1061 1978 aliquot
1088 1920 1188 1962 locis
1209 1920 1405 1961 decussae
1432 1928 1562 1961 erant.
1626 1918 1746 1960 Haec

352 1984 464 2024 inter
483 1982 675 2039 prodigia
695 1981 935 2022 nuntiatum
958 1988 1000 2020 et
1021 1980 1071 2020 ab
1091 1978 1238 2028 Reate,
1257 1978 1464 2034 tripedem
1486 1987 1633 2018 natum
1654 1991 1747 2017 mu-

353 2041 452 2082 lum.
519 2040 586 2082 Ob
613 2055 662 2081 ea
689 2038 927 2087 decemviri,
958 2037 1057 2078 iussi
1085 2036 1199 2077 adire
1224 2036 1364 2085 libros,
1387 2035 1570 2084 edidere,
1594 2034 1747 2090 quibus

355 2099 434 2140 diis
463 2107 505 2139 ct
533 2107 637 2154 quot
667 2097 812 2138 hostiis
844 2095 1168 2137 sacrificaretur:
1203 2102 1245 2135 et
1276 2093 1328 2134 ob
1358 2092 1603 2134 fulminibus
1634 2107 1749 2133 com-

354 2156 474 2214 plura
500 2156 592 2197 loca
619 2155 849 2196 deformata
880 2153 933 2194 ad
964 2152 1111 2194 aedem
1134 2150 1245 2192 Iovis
1277 2162 1323 2191 ut
1354 2150 1602 2206 supplicatio
1633 2149 1748 2191 diem

400 2339 417 2367 3
443 2334 544 2367 Quam
566 2332 690 2369 (μιαηίιι
712 2328 845 2364 [fulvio]
873 2327 912 2357 ef.
935 2326 1030 2365 Supr.

357 2383 469 2403 xxxix:
488 2380 515 2409 5.

402 2428 420 2452 4
443 2416 609 2445 Adversus
638 2414 673 2443 id
700 2410 1029 2449 senatusconsultum]

361 2458 413 2487 Dc
447 2458 507 2487 hoe
542 2456 820 2486 senatusconsulto
856 2454 936 2484 nihil
975 2464 1032 2483 suo

360 2501 430 2529 loeo
458 2499 540 2529 (lixit
566 2499 686 2528 Livius.
733 2497 923 2536 Uptandum
951 2500 1033 2526 esset

361 2546 407 2576 ut,
433 2542 510 2580 quid
541 2552 579 2571 eo
606 2542 771 2570 decretum
803 2539 910 2575 fuerit,
937 2550 1030 2568 accu-

359 2585 458 2614 ratius
475 2583 676 2623 explicasset.
723 2583 821 2612 Nunc
840 2582 871 2611 id
889 2585 1029 2611 tantum-

360 2628 457 2657 modo
488 2630 633 2665 apparet,
664 2625 791 2654 obviam
823 2624 868 2653 ire
897 2623 1032 2653 voluisse

362 2671 474 2700 Patres
511 2667 618 2698 effusis
655 2668 802 2696 ludorum
841 2665 1034 2703 sumptibus,

361 2713 415 2751 qui
432 2713 494 2742 iam
516 2721 626 2750 graves
649 2720 716 2740 esse
739 2709 831 2738 sociis
852 2713 882 2738 et
906 2707 1030 2746 provin-

361 2755 418 2785 ciis
433 2754 639 2794 incipiebant.
664 2754 770 2783 Cium.

406 2807 422 2837 5
439 2799 575 2827 Latinas
589 2796 677 2833 mom]
698 2795 790 2831 Mox,
802 2793 833 2823 id
852 2796 909 2829 est,
922 2792 1031 2832 paullo

362 2844 434 2881 post
456 2840 594 2869 hiemem
612 2841 772 2873 exactam,
788 2837 923 2865 Latinas
940 2835 1032 2865 ferias

363 2907 370 2914 .
389 2907 395 2913 .
413 2907 420 2913 .
446 2887 613 2921 lempeslas
637 2882 673 2911 in
694 2884 797 2910 monte
816 2879 941 2908 Albano
966 2883 1032 2907 tur-

361 2927 457 2957 bavit.
505 2924 576 2956 Nisi
603 2925 683 2954 sorte
710 2922 880 2961 legendum
910 2920 947 2950 sit
971 2932 1033 2951 1101,-

1074 2327 1177 2355 subieo
1202 2330 1320 2363 coorta,
1335 2325 1412 2355 atris
1436 2318 1593 2355 nimirum⁸
1612 2322 1751 2353 nubibus

1076 2369 1201 2398 coelum
1220 2368 1474 2398 obscurantibus.
1502 2368 1607 2397 CREV.
1653 2366 1749 2396 Cete-

1079 2421 1149 2440 rum
1172 2411 1196 2440 si
1220 2422 1283 2440 noa*
1304 2414 1488 2449 reponatur,
1511 2409 1597 2438 haud
1621 2407 1686 2438 seio
1707 2418 1748 2437 an

1077 2454 1133 2483 illa
1166 2463 1225 2482 vox
1264 2453 1324 2482 hoc
1360 2453 1441 2488 loeo,
1473 2450 1748 2490 quemadmodum

1077 2506 1162 2534 supr.
1195 2495 1247 2526 vii.
1280 2496 1329 2525 28.
1366 2504 1423 2533 pro
1454 2494 1529 2523 solis
1564 2494 1693 2523 defectu
1729 2503 1750 2523 a

1074 2542 1181 2568 nostro
1195 2541 1377 2575 usurpetur.
1402 2537 1440 2566 ef.
1455 2546 1540 2575 supr.
1553 2535 1685 2566 xxxviii.
1698 2534 1748 2574 36.

1117 2580 1136 2610 6
1159 2580 1422 2616 Aed‹›1›1.-1ll>am]
1443 2580 1539 2614 Quae
1551 2588 1636 2617 supr.
1647 2577 1748 2608 xxxii.

1077 2632 1106 2663 9.
1124 2626 1327 2652 memoratur.

1124 2672 1138 2703 7
1163 2666 1358 2703 Pei-lamque
1374 2662 1568 2703 Romanam]
1597 2662 1749 2701 Intellige

1077 2711 1201 2745 portam
1227 2707 1312 2736 urbis
1328 2709 1462 2745 Capuae
1482 2708 1660 2737 Ronmnam
1684 2706 1748 2736 dic-

1076 2755 1153 2782 tam.
1172 2751 1302 2778 lin-tasse
1326 2750 1410 2787 quod
1438 2760 1494 2788 per
1518 2759 1587 2778 eam
1613 2748 1661 2778 via
1683 2749 1749 2778 Ro-

1076 2802 1160 2821 mam
1180 2793 1322 2825 duceret„
1334 2792 1607 2830 quemadmodum
1624 2791 1748 2820 Romae

1077 2845 1134 2874 per
1159 2839 1282 2873 portam
1308 2835 1398 2864 illam
1424 2836 1591 2873 Capenam
1616 2833 1665 2864 via
1687 2834 1747 2865 Ca-

1080 2888 1175 2918 puam
1193 2878 1340 2909 (lucebat.

1941 837 1944 843 ·
1934 731 1952 823 ‘’us-⁴.
1942 714 1944 718 ⁷
