1960 3218
578 154 704 196 ΙΙΒ.
739 152 960 195 XXXIII.
1008 152 1154 194 CAP.
1189 157 1213 194 2

208 247 360 287 scitur:

207 304 293 345 riae
329 312 564 345 tentaturus
595 303 731 352 urbes,
764 317 872 358 quae
904 302 946 342 in
981 301 1142 342 ditione
1174 300 1409 342 Ptolemaei
1440 312 1601 351 essent3

207 361 332 402 simul
353 361 600 417 Philippum
621 360 826 416 (necdum
855 360 968 401 enim
997 358 1255 400 debellatum
1280 358 1389 415 erat)
1414 359 1604 401 exercitu

207 419 467 473 navibusque
490 418 720 459 adiuturus.

264 475 406 517 Multa
427 476 595 532 egregia
615 474 775 517 Rhodii
796 490 872 531 pro
893 474 977 516 fide
999 489 1097 531 erga
1116 474 1321 531 populum
1345 474 1600 524 Romanum,

204 547 365 589 proque
402 534 596 574 universo
631 532 803 574 nomine
838 508 1111 582 Graecoru⁰m‚
1144 541 1255 573 terra
1289 532 1479 588 marique
1512 532 1600 573 ausi

204 601 327 632 sunt:
361 591 468 631 nihil
499 590 863 656 magnificentius,
872 605 1000 646 quam
1022 589 1137 646 quod
1158 605 1208 631 ea
1229 598 1492 646 tempestate,
1515 605 1601 631 non

205 648 336 689 territi
360 656 477 690 tanta
497 648 606 689 mole
628 648 888 689 imminentis
908 647 1020 697 belli,
1043 647 1200 703 legatos
1231 647 1285 688 ad
1314 662 1458 704 regem
1479 647 1603 689 mise-

174 715 315 756 2runt,
338 721 391 747 ne
417 705 690 747 Chelidonias
711 705 1067 761 (promontorium
1091 704 1267 746 Ciliciae
1294 714 1368 755 est,
1393 705 1602 747 inclutum

202 763 371 805 foedere
397 764 572 820 antiquo
596 763 925 804 Atheniensium
951 778 1049 804 cum
1078 763 1247 819 regibus
1269 762 1513 818 Persarum)
1534 778 1603 804 su-

201 830 378 877 peraret
445 821 489 863 Si
510 837 560 863 eo
581 821 665 862 fine
687 836 774 862 non
794 821 1033 862 contineret
1052 797 1225 862 classem
1246 820 1471 886 copiasque
1493 835 1600 871 suas,

202 893 246 919 se
267 879 432 922 obviam
463 879 617 928 ituros3
653 894 739 920 non
760 879 811 920 ab
833 878 931 920 odio
961 877 1060 928 ullo,
1083 878 1157 919 sed
1187 894 1240 919 ne
1272 878 1474 935 coniungi
1504 893 1601 919 cum

203 936 402 993 Philippo
423 945 680 993 paterentur,
699 944 741 978 et
762 936 1068 992 impedimento
1088 950 1176 977 esse
1195 936 1400 977 Romanis
1420 936 1602 978 liberan-

202 994 314 1035 tibus
338 994 572 1036 Graeciam.
639 994 911 1036 Coracesium
933 1009 983 1034 eo
1006 1002 1194 1049 tempore
1218 994 1458 1035 Antiochus
1480 1008 1602 1050 oper-

201 1051 294 1093 ibus
325 1053 606 1108 oppugnabat.
672 1051 901 1108 Zephyrio,
924 1060 967 1092 et
995 1051 1114 1101 Solis,
1137 1061 1179 1092 et
1202 1051 1528 1107 Aphrodisiade,
1558 1060 1602 1093 et

171 1117 189 1147 3
206 1108 385 1166 Coryco,
407 1119 461 1159 et,
484 1118 678 1165 superato
701 1109 950 1159 Anemurio,
973 1109 1328 1165 (promontorium
1359 1109 1404 1150 id
1429 1123 1600 1165 quoque

205 1165 380 1208 Ciliciae
412 1167 495 1221 est)
520 1167 739 1208 Selinunte
771 1175 955 1223 recepto,
983 1167 1178 1208 omnibus
1208 1166 1273 1207 his
1304 1166 1480 1231 aliisque
1512 1167 1601 1208 eius

202 1239 298 1265 orae
330 1224 521 1274 castellis,
554 1233 627 1266 aut
655 1233 784 1274 metu,
807 1234 880 1265 aut
904 1224 1134 1274 voluntate,
1161 1224 1249 1265 sine
1282 1224 1524 1274 certamine,
1556 1224 1599 1264 in

202 1281 463 1324 deditionem
486 1282 679 1338 acceptis,
706 1282 978 1323 Coracesium
999 1290 1165 1336 praeter
1185 1296 1303 1337 spem
1324 1281 1474 1322 clausis
1505 1296 1601 1338 por-

202 1339 254 1380 tis
276 1340 447 1381 tenebat
468 1355 578 1381 eum.
642 1339 708 1381 Ibi
728 1339 855 1395 legati
880 1339 1148 1380 Rhodiorum
1179 1339 1324 1380 auditi.
1390 1338 1447 1380 Et
1468 1354 1602 1395 quan-

201 1411 328 1452 quam
350 1413 400 1439 ea
419 1397 574 1453 legatio
596 1406 698 1447 erat,
721 1412 829 1453 quae
852 1396 1080 1438 accendere
1112 1397 1276 1452 regium
1297 1397 1485 1437 animum
1506 1411 1601 1453 pos-

201 1462 275 1504 set,
308 1455 556 1520 temperavit
586 1455 694 1496 irae:

1532 158 1610 195 103

394 245 519 287 simul
539 260 614 302 per
635 260 804 286 omnem
826 260 954 309 oram,
981 243 1171 293 Ciliciae,
1191 243 1432 300 Lyciaeque
1455 252 1497 285 et
1521 244 1606 285 Ca·
1622 247 1666 279 U
1683 248 1721 279 C
1744 256 1816 288 555.

1617 292 1816 332 A.C.197.

1679 474 1747 511 20.

1615 528 1750 568 Legatio

1615 571 1819 602 Rhodiorum

1614 614 1656 644 ad
1674 614 1787 645 Antio-

1616 656 1724 687 chum-

734 1464 788 1504 c,t
818 1454 1000 1510 ‘legatos
1031 1469 1074 1495 se
1111 1454 1315 1495 Rhodum
1352 1454 1601 1520 missurum,’
1615 1465 1768 1497 Antiochi

170 1512 430 1568 4respondit,
454 1518 466 1536 ‘
481 1512 616 1569 iisque
639 1512 863 1553 mandatur
866 1527 949 1561 um,
974 1520 1020 1552 ut
1045 1520 1295 1553 renovarent
1318 1520 1483 1553 retusta
1510 1512 1602 1553 iura
1614 1510 1786 1549 responsio.

203 1574 216 1593 ‘
231 1584 328 1611 cum
349 1585 399 1611 ea
419 1570 600 1619 civitate,
619 1586 692 1611 sua
714 1570 1004 1634 maiorumque
1026 1584 1220 1610 suorum:
1255 1577 1298 1610 et
1317 1578 1510 1611 vetarent
1530 1585 1601 1611 eos

204 1627 524 1683 ‘pertimescere
553 1627 782 1669 adventum
813 1627 934 1683 regis,
963 1627 1069 1668 nihil
1100 1636 1173 1668 aut
1200 1627 1250 1668 iis
1275 1636 1348 1668 aut
1378 1627 1499 1668 sociis
1530 1643 1602 1669 eo-

171 1690 324 1725 5‘rum
360 1701 496 1727 noxae
528 1686 717 1727 futurum
746 1685 947 1726 fraudive.
1012 1684 1139 1734 Nam,
1174 1684 1466 1726 Romanorum
1497 1685 1602 1726 ami-

204 1742 373 1784 ‘citiam
399 1758 441 1784 se
473 1759 560 1784 non
590 1743 855 1792 violaturum,
883 1750 1131 1798 argumento
1163 1751 1205 1783 et
1237 1757 1355 1783 suam
1386 1752 1600 1784 recentem

204 1805 216 1823 ‘
231 1799 285 1841 ad
306 1815 376 1842 eos
397 1800 651 1857 legationem
673 1816 774 1850 esse,
793 1809 835 1841 et
856 1809 1025 1841 senatus
1047 1800 1278 1841 honorifica
1298 1800 1342 1840 in
1365 1815 1407 1842 se
1430 1801 1603 1842 decreta

203 1859 539 1914 ‘responsaque.’
600 1858 714 1899 Tum
744 1858 851 1899 forte
882 1858 1009 1914 legati
1040 1857 1252 1898 redierant
1283 1858 1334 1899 ab
1358 1858 1508 1908 Roma,
1531 1872 1601 1899 co-

202 1915 326 1956 miter
355 1916 488 1956 auditi
519 1916 777 1972 dimissique,
801 1925 848 1956 ut
875 1926 1040 1971 tempus
1068 1914 1318 1970 postulabat,
1342 1916 1503 1956 incerto
1528 1915 1602 1956 ad-

200 1971 285 2013 huc
306 1972 502 2014 3ᾶ1615113
524 1973 771 2029 Philippum
800 1981 955 2013 eventu
984 1972 1095 2013 belli.
1163 1971 1309 2020 Quum
1340 1972 1443 2013 haec
1474 1972 1601 2028 legati

201 2030 310 2084 regis
343 2030 386 2070 in
418 2030 620 2071 concione
650 2030 916 2070 Rhodiorum
948 2038 1133 2084 agerent,
1166 2029 1340 2069 nuntius
1371 2029 1500 2078 venit,
1527 2029 1602 2070 de-

201 2087 403 2128 bellatum
443 2087 497 2128 ad
536 2086 878 2143 Cynoscephalas
919 2101 1018 2127 esse.
1083 2085 1179 2127 Hoc
1220 2086 1372 2127 nuntio
1414 2095 1599 2142 accepto,

169 2146 189 2178 6
205 2144 378 2194 Rhodii,
401 2144 573 2200 dempto
603 2153 719 2185 metu
746 2159 770 2184 a
794 2143 1007 2199 Philippo,
1034 2143 1265 2183 omiserunt
1286 2143 1506 2184 consilium
1528 2144 1602 2185 ob-

201 2202 312 2242 viam
348 2201 478 2243 eundi
515 2201 642 2242 classe
680 2201 908 2242 Antiocho.
971 2200 1092 2241 Illam
1129 2200 1301 2241 alteram
1335 2215 1477 2241 curam
1515 2216 1601 2242 non

202 2259 445 2308 omiserunt,
462 2258 642 2300 tuendae
664 2258 865 2299 libertatis
883 2258 1115 2299 civitatium
1133 2258 1338 2298 sociarum
1353 2258 1599 2308 Ptolemaei,

202 2317 356 2372 quibus
386 2316 543 2358 bellum
573 2317 623 2357 ab
646 2315 862 2357 Antiocho
885 2316 1142 2356 imminebat.
1208 2314 1321 2355 Nam
1352 2315 1451 2356 alias
1483 2316 1602 2356 auxi-

201 2373 267 2415 liis
304 2374 512 2424 iuverunt,
549 2373 648 2415 alias
684 2373 947 2430 providendo
984 2388 1031 2413 ac
1072 2373 1387 2429 praemonendo
1428 2381 1601 2414 conatus

247 2495 264 2515 2
288 2487 451 2516 Ine-lulum
469 2487 601 2524 foedere
623 2487 756 2526 antiqno
779 2487 877 2516 Athe-

201 2529 380 2566 niensium]
420 2529 595 2558 Existimat
626 2529 801 2559 Douiatius
827 2529 880 2558 liic

203 2570 337 2601 indicari
363 2571 476 2601 foedus
500 2571 581 2601 illud
605 2572 702 2610 quod,
729 2570 837 2601 fractis
861 2582 881 2600 a

203 2612 341 2643 Cimone
368 2614 573 2643 barbarorum
599 2613 727 2650 viribus,
752 2614 878 2644 Plutar-

204 2655 283 2685 chus
296 2659 327 2685 et
345 2655 508 2686 Diodorus
520 2660 701 2686 memorant
712 2666 784 2686 cum
804 2656 878 2686 Per-

204 2697 246 2727 sis
262 2697 361 2727 ictum
379 2710 386 2733 3
411 2708 474 2736 quo
487 2703 618 2728 cautum
633 2702 700 2729 e1at
717 2708 756 2728 nc
777 2698 880 2728 Per-sis

205 2740 291 2769 ultra
307 2739 516 2770 Chelidonias
531 2741 652 2771 insulas
668 2741 816 2779 navigare
833 2751 879 2770 ar-

205 2781 301 2812 matis
318 2781 435 2812 liceret.
461 2783 567 2813 CREV.

250 2833 266 2861 3
291 2825 348 2861 Et,
369 2829 521 2863 superato
545 2827 724 2856 Anemurio
746 2849 753 2856 .
772 2849 778 2856 .
801 2827 880 2856 ›Seli-

206 2872 307 2898 nunte
324 2869 464 2906 recepto]
492 2869 604 2902 Quum
627 2872 778 2907 superato
796 2869 879 2898 Ane-

207 2908 310 2939 murio
334 2909 551 2948 promontorio
571 2909 773 2941 Selinuntem
798 2920 880 2941 recc-

925 2485 1033 2525 pisset.
1058 2486 1165 2516 Cruzv.

969 2540 986 2566 4
998 2527 1097 2567 Iura]
1114 2527 1373 2558 Necessitudinis
1386 2532 1417 2558 et
1431 2527 1602 2558 amicitiae.

970 2579 985 2609 5
1005 2573 1103 2607 Nam,
1125 2571 1360 2608 Romanorum]
1397 2570 1496 2600 Suam
1520 2570 1602 2609 lega-

924 2614 1046 2643 tionem
1059 2618 1089 2644 ct
1107 2623 1259 2652 responsa
1271 2618 1402 2643 senatus
1413 2617 1603 2651 argumento

926 2666 1004 2691 csse,
1021 2666 1054 2685 sc
1076 2666 1139 2685 non
1163 2655 1356 2685 violaturum
1378 2656 1602 2685 Romanorum

925 2698 1113 2728 amicitiam.
1139 2698 1245 2728 Clfflv.

968 2740 987 2771 6
1011 2741 1129 2771 Rhodii
1145 2764 1152 2770 .
1171 2763 1177 2770 .
1196 2764 1202 2770 .
1220 2741 1394 2770 omiserunt
1415 2740 1599 2776 consilium]

927 2783 1016 2813 Olim
1038 2783 1203 2821 legebatur
1219 2783 1363 2819 Rhodiis,
1379 2783 1503 2821 dempto
1520 2786 1603 2812 melu

926 2837 946 2856 a
962 2825 1118 2864 Philippo
1133 2826 1230 2862 (unni,
1242 2829 1312 2855 erat
1329 2826 1506 2859 eonsilium,
1517 2824 1601 2863 quod

926 2878 999 2898 cunr
1024 2868 1232 2906 sequentibus
1255 2868 1342 2897 illam
1366 2868 1499 2897 ιιῖίεναηι
1521 2890 1527 2896 .
1545 2889 1550 2896 .
1571 2890 1576 2896 .
1596 2889 1601 2895 .

928 2910 1024 2949 plane
1042 2920 1104 2940 non
1122 2910 1326 2949 congruebat.
