1960 3218
124 257 170 288 U.

122 300 152 331 A

185 430 253 470 52.

332 158 416 200 478
850 154 999 198 ΤΙΤΙ
1042 154 1219 198 LIVII

248 265 319 298 573-
333 258 431 306 pata
463 265 488 291 a
519 250 703 307 privatis,
740 248 909 306 publica
943 263 1140 305 sacraque
1177 258 1224 290 ut
1259 257 1410 298 essent,
1446 258 1724 305 paterentque

218 324 226 332 ·
251 308 320 343 Ι79·
332 307 502 364 populo,
525 316 735 349 curarunt.
1491 307 1499 314 '

801 306 1026 348 Mutarunt
1045 307 1261 363 suffragia:
1297 307 1630 363 regionatlmque
1652 322 1758 362 ge-4

332 366 503 407 neribus
533 365 767 414 hominum,
794 364 1025 421 causisque,
1052 374 1094 405 et
1119 365 1374 420 quaestibus,
1407 365 1539 405 tribus
1569 364 1725 405 descri-

332 433 519 479 pserunt.
595 423 652 464 Et
683 423 787 464 alter
822 438 875 463 ex
908 422 1147 464 censoribus
1183 421 1244 464 M.
1271 422 1478 463 Aemilius
1514 422 1636 478 petiit
1671 422 1723 463 ab

333 490 494 531 senatu,
517 489 565 522 ut
593 481 670 522 sibi
696 480 972 522 dedicationis
995 479 1247 536 templorum
1270 480 1461 536 Reginae
1484 475 1660 521 Iunonis
1681 488 1724 521 et

332 539 511 589 Dianae,
535 554 641 595 quae
673 538 783 580 bello
805 538 1029 594 Ligustino
1050 547 1146 578 ante
1169 553 1299 578 annos
1321 548 1415 579 octo
1436 538 1626 587 vovisset,
1649 553 1723 594 pe-

331 597 456 638 cunia
474 597 527 638 ad
548 596 669 638 ludos
690 596 996 637 decerneretur.
1066 594 1227 650 Viginti
1249 595 1378 635 millia
1399 595 1503 636 aeris
1525 595 1723 636 decreve-

330 663 440 696 runt.
503 654 730 696 Dedicavit
759 669 828 694 eas
859 653 995 702 aedes,
1023 660 1243 708 utramque
1274 652 1317 692 in
1349 652 1458 693 circo
1489 653 1718 694 Flaminio:

330 712 535 768 ludosque
557 712 743 753 scenicos
765 710 951 752 triduum
978 719 1072 766 post
1092 709 1403 751 dedicationem
1425 709 1571 766 templi
1593 710 1722 751 Iuno-

329 770 407 820 nis,
439 770 616 811 biduum
649 777 743 826 post
774 768 952 817 Dianae,
985 776 1027 808 et
1055 767 1240 823 singulos
1271 767 1359 808 dies
1389 767 1489 808 fecit
1520 768 1565 808 in
1597 768 1719 809 circo.

330 827 451 869 Idem
486 827 698 869 dedicavit
733 826 881 867 aedem
918 825 1092 866 Larium
1129 825 1421 866 Permarinum
1462 825 1507 866 in
1542 825 1753 881 Campo.5

330 885 514 926 Voverat
549 900 642 926 eam
677 884 797 925 annis
833 883 1032 924 undecim
1068 892 1165 924 ante
1197 882 1246 924 L.
1271 882 1482 924 Aemilius
1515 882 1720 939 Regillus,

328 943 465 984 navali
495 943 655 999 proelio
687 942 884 983 adversus
914 940 1144 997 praefectos
1174 941 1283 997 regis
1305 940 1520 982 Antiochi.
1585 941 1722 997 Supra

327 1000 466 1042 valvas
482 1000 629 1057 templi
647 1000 789 1041 tabula
804 1014 900 1041 cum
918 998 1040 1040 titulo
1056 998 1137 1040 hoc
1154 999 1238 1039 fixa
1253 1007 1338 1040 est:
1369 1004 1380 1022 ‘
1394 998 1552 1040 Duello
1569 1013 1721 1055 magno
1734 999 1755 1032 6

329 1064 341 1082 ‘
357 1058 608 1108 dirimendo,
630 1058 798 1114 regibus
819 1057 1074 1112 subigendis,
1092 1071 1215 1097 causa
1234 1056 1462 1112 patrandae
1482 1057 1597 1113 pacis
1618 1056 1722 1097 haec

329 1122 500 1173 ‘pugna
529 1116 702 1157 exeunti
726 1115 776 1157 L.
796 1115 981 1156 Aemilio
1011 1114 1073 1156 M.
1092 1114 1267 1155 Aemilii
1296 1114 1383 1155 filio
1414 1114 1436 1135 *
1468 1114 1490 1136 ³¹*
1521 1114 1720 1170 auspicio,

328 1179 341 1198 ‘
356 1174 547 1231 impe'riO,
570 1174 767 1215 felicitate
790 1173 1005 1228 ductuque
1028 1172 1117 1213 eius
1148 1172 1258 1213 inter
1280 1171 1508 1228 Ephesum,
1535 1172 1720 1222 Samum,

329 1237 341 1256 ‘
360 1233 618 1289 Chiumque,
641 1232 901 1288 inspectante
924 1245 994 1272 eos
1019 1230 1109 1286 ipso
1132 1230 1359 1279 Antiocho,
1383 1230 1571 1271 exercitu
1592 1229 1720 1279 omni,

329 1291 560 1347 ‘equitatu,
587 1289 919 1345 elephantisque,
946 1288 1085 1329 classis
1115 1287 1224 1343 reg1s
1251 1287 1454 1328 Antiochi
1485 1296 1581 1328 ante
1607 1287 1721 1328 diem

329 1353 341 1372 ‘
357 1348 628 1390 undecimum
653 1347 868 1388 Kalendas
890 1345 1103 1386 Ianuarias
1124 1345 1245 1394 victa,
1266 1345 1370 1394 fusa,
1384 1353 1580 1394 contusa,
1602 1344 1721 1400 fuga-

328 1412 483 1463 ‘taque
505 1414 568 1447 est
581 1421 591 1454 ;
624 1405 768 1460 ibique
790 1419 840 1445 eo
861 1403 929 1444 die
951 1418 1076 1444 naves
1096 1402 1244 1458 longae
1266 1417 1362 1443 cum
1384 1402 1578 1443 omnibus
1599 1402 1720 1443 sociis

327 1469 499 1520 ‘captae
526 1462 741 1504 tredecim.
806 1461 870 1502 Ea
898 1476 1042 1517 pugna
1071 1469 1269 1516 pugnata,
1292 1475 1365 1500 rex
1388 1459 1625 1500 Antiochus
1655 1474 1720 1500 re-

327 1527 571 1578 ‘gnumque
592 1521 615 1542 *
637 1521 671 1561 δὲ.
735 1519 839 1561 Eius
869 1519 929 1559 rei
961 1532 1060 1574 ergo
1091 1517 1238 1558 aedem
1267 1516 1446 1558 Laribus
1466 1516 1721 1558 Permarinis

325 1650 422 1679 quam
440 1639 586 1671 Clericus
600 1639 665 1670 iam
681 1638 864 1669 admiserat.
897 1638 1002 1668 Vetus

326 1683 424 1713 lectio
451 1686 519 1713 est:
555 1684 721 1722 complura
750 1682 868 1713 sacella
895 1681 1001 1720 publi-

327 1736 427 1766 caque
447 1737 509 1756 sua
525 1729 680 1765 occupata
696 1735 716 1755 α
729 1726 882 1764 privatis,
895 1724 1001 1763 publi-

328 1779 429 1809 caque
461 1779 555 1798 sacra
586 1772 622 1798 ut
652 1772 804 1807 paterent
835 1771 1001 1807 essentque

326 1812 459 1851 populo,
474 1815 645 1841 cuo-arunt.
670 1811 777 1841 CREv.

373 1865 392 1892 4
415 1856 596 1884 Illutarunt
628 1854 791 1893 suffrayia
807 1866 816 1883 :
853 1853 1001 1892 reqionu-

329 1897 464 1937 timque]
492 1896 659 1935 Quicquid
677 1896 711 1925 in
732 1895 824 1926 Livio
844 1894 1002 1934 reperitur

329 1940 368 1970 de
398 1939 523 1970 ratione
552 1939 695 1969 tribuum
726 1942 758 1968 et
785 1937 1001 1974 comitiorum,

327 1983 497 2013 obscurum
519 1982 584 2012 fere
609 1985 656 2012 est
679 1982 719 2011 ob
742 1980 875 2011 nimiam
898 1979 1002 2010 brevi-

327 2029 439 2056 tatem.
486 2025 586 2055 Hunc
624 2025 732 2054 locum
770 2024 814 2054 sic
848 2023 1001 2062 interpre-

328 2071 447 2104 tamur,
472 2070 648 2107 praeeunte
675 2067 839 2104 Turnebo,
866 2066 1000 2096 Advers.

328 2121 406 2141 xxx.
425 2120 474 2149 24.
520 2111 606 2141 Ante
628 2110 687 2140 hos
709 2119 867 2146 censores,
890 2117 1002 2138 omnes

328 2153 462 2184 tribules
472 2152 503 2183 in
516 2162 711 2192 unaquaque
723 2152 809 2182 tribu
822 2150 1003 2191 promiscue

329 2206 367 2227 ac
387 2196 455 2227 sine
470 2196 540 2226 ulla
555 2195 760 2226 distinctione
779 2195 869 2225 ibant
890 2194 923 2224 in
940 2194 1001 2223 suf-

329 2239 441 2279 fragia,
470 2238 517 2269 ita
545 2242 582 2268 ut
612 2248 685 2269 cum
716 2241 862 2268 senatore
893 2246 1002 2275 eques,

329 2282 444 2319 scriba,
482 2291 609 2321 praeco,
646 2280 830 2320 suffragium
873 2280 1002 2310 ferrent.

331 2324 378 2355 Hi
403 2334 550 2355 censores
572 2324 674 2354 tribus
693 2323 930 2363 descripserunt
951 2332 1002 2361 ge-

328 2366 457 2397 neribus
477 2366 658 2403 hominum,
678 2365 792 2402 causis,
813 2369 845 2395 et
866 2364 1002 2404 quaesti-

328 2410 408 2440 bus:
434 2409 466 2439 id
490 2413 548 2447 est,
571 2413 729 2448 quotquot
752 2408 783 2439 in
807 2417 1002 2447 unaquaque

329 2452 413 2482 tribu
435 2451 584 2482 senatorii
603 2451 721 2482 ordinis
736 2454 839 2488 erant,
854 2461 873 2481 a
890 2449 1003 2480 ceteris

329 2498 581 2533 separaverunt;
615 2498 696 2531 tum,
723 2497 881 2532 quotquot
911 2496 1001 2523 erant

329 2537 453 2576 equites
481 2536 647 2573 Romani3
681 2540 762 2573 tum,
789 2536 843 2575 qui
869 2536 1002 2572 scribae,

330 2589 515 2618 praecones,
540 2579 697 2615 calcearii,
722 2578 812 2616 lanii,
836 2578 1000 2614 cerdones,

330 2625 390 2653 etc.
421 2622 546 2652 forent:
592 2632 631 2651 ex
669 2621 801 2659 siugulis
833 2620 1001 2659 generibus

329 2674 430 2694 unum
448 2664 536 2694 velut
551 2663 722 2702 collegium
739 2662 924 2699 efficientes,
940 2666 997 2692 sta-

330 2710 521 2746 tuentesque
537 2716 600 2745 quo
618 2705 727 2735 ordine
749 2705 1001 2744 unumquodque

330 2750 444 2779 horum
470 2750 558 2780 velut
582 2748 788 2787 collegiorum
814 2747 858 2777 ire
883 2747 914 2776 in
939 2747 1001 2776 suf—

330 2793 465 2832 fragium
504 2793 643 2822 deberet.
691 2790 853 2829 Apposuit
890 2793 998 2819 autem

332 2835 444 2865 Livius
457 2845 566 2864 vocem
583 2835 783 2873 reyionatim,
796 2836 831 2862 ut
844 2832 1000 2862 iudicaret

331 2877 362 2907 in
398 2878 455 2907 illa
484 2877 663 2908 mutatione
696 2879 851 2906 servatam
891 2878 999 2905 tamen

331 2920 497 2959 antiquum
529 2919 669 2950 tribuum
703 2918 918 2949 universarum
948 2918 999 2949 <le-

1046 1637 1268 1677 scriptionem,
1287 1636 1320 1667 in
1344 1647 1408 1676 qua
1431 1636 1544 1666 habita
1568 1635 1648 1666 ratio
1672 1636 1720 1666 fu-

1046 1685 1114 1710 erat
1138 1680 1318 1720 regionum,
1336 1680 1402 1709 sive
1427 1679 1526 1717 urbis,
1551 1678 1617 1709 sive
1643 1678 1719 1717 agri.

1048 1723 1165 1762 Itaque
1199 1722 1300 1752 tribus
1333 1722 1572 1762 distinguuntur
1601 1732 1620 1751 a
1649 1731 1719 1752 sese

1044 1766 1182 1796 invicem
1201 1764 1392 1805 regionibus,
1407 1775 1448 1794 ex
1464 1764 1597 1803 antiquo
1612 1774 1716 1795 more:

1045 1812 1078 1838 at
1099 1808 1261 1847 portiones
1280 1807 1434 1845 tribuum,
1450 1817 1533 1837 novo
1549 1807 1610 1837 hoc
1630 1807 1718 1836 insti-

1045 1854 1128 1888 tuto,
1172 1850 1341 1890 generibus
1384 1849 1565 1886 hominum,
1604 1849 1719 1887 causis,

1045 1893 1294 1933 quaestibusque
1325 1892 1556 1922 describuntur.
1611 1892 1719 1922 Causa

1045 1940 1154 1967 autem
1179 1936 1232 1966 hic
1256 1934 1446 1974 accipienda
1470 1938 1518 1965 est
1540 1945 1598 1974 pro
1621 1938 1717 1966 statu.

1046 1980 1153 2010 CREv.

1090 2031 1106 2062 5
1130 2022 1267 2052 Larium
1286 2021 1535 2058 I'ermarinum]
1562 2019 1632 2050 Θεοὶ
1656 2021 1716 2050 δια-

1046 2064 1177 2100 πόντιοι,
1203 2067 1239 2094 ut
1270 2068 1362 2094 vetus
1389 2063 1533 2094 Lexicon
1562 2062 1716 2103 interpre-

1045 2111 1143 2145 tatur,
1164 2110 1245 2137 teste
1266 2106 1419 2137 Turnebo
1436 2107 1568 2137 Advers.
1590 2116 1644 2136 xx.
1666 2114 1718 2146 35.

1047 2150 1183 2189 Quippe
1213 2151 1313 2180 Lares
1343 2149 1420 2180 dicti
1452 2148 1528 2179 varii
1558 2148 1718 2178 variarum

1047 2203 1152 2224 rerum
1191 2192 1351 2222 antistites
1383 2202 1421 2222 ac
1459 2191 1620 2231 praesides
1650 2190 1717 2222 Dii.

1046 2237 1113 2266 Lar
1133 2236 1283 2271 coelestis,
1304 2245 1422 2274 nempe
1444 2235 1570 2274 Iupiter
1588 2246 1596 2271 ;
1617 2235 1719 2265 Lares

1047 2280 1159 2316 viales,
1183 2278 1203 2308 i.
1229 2288 1256 2308 e.
1282 2277 1406 2308 viarum
1433 2276 1606 2316 praesides,
1629 2277 1717 2315 apud

1047 2321 1190 2352 Graecos
1215 2321 1366 2358 Hermes,
1387 2320 1514 2351 Romae
1535 2329 1608 2349 vero
1634 2319 1716 2348 Her-

1048 2365 1136 2395 cules
1157 2364 1289 2394 Sancus.
1335 2363 1388 2394 Sic
1408 2362 1506 2402 igitur
1519 2363 1620 2391 Lares
1635 2362 1716 2391 Per-

1046 2408 1165 2437 marim'
1178 2409 1252 2436 sunt
1264 2405 1307 2436 dii
1320 2404 1530 2444 navigationis
1546 2403 1717 2443 praesides,

1047 2450 1159 2489 quales
1192 2449 1380 2487 Neptunus,
1407 2446 1533 2482 Thetis,
1559 2446 1717 2476 Glaucus.

1046 2492 1085 2523 cf.
1102 2491 1235 2522 Martin.
1254 2489 1394 2520 Lexicon
1412 2489 1443 2518 in
1461 2498 1539 2518 voce
1553 2490 1631 2519 Lar.

1089 2533 1108 2564 6
1135 2534 1252 2564 Duello
1287 2533 1418 2570 ηιιιῃηο]
1468 2531 1567 2561 Hunc
1609 2532 1716 2561 locum

1044 2576 1174 2607 omnino
1198 2576 1409 2614 depravatum
1430 2584 1497 2605 esse
1514 2577 1625 2604 monet
1641 2574 1716 2605 Cre-

1045 2619 1120 2649 vier.
1143 2618 1291 2648 Titulum
1312 2620 1421 2647 autem
1443 2617 1585 2647 versibus
1608 2617 1716 2647 Satur-

1044 2660 1128 2691 niuis
1154 2663 1347 2699 conceptum
1374 2659 1470 2690 fuisse
1496 2662 1606 2689 censet
1634 2659 1716 2689 Dra-

1044 2702 1269 2738 kenborchffls,
1293 2702 1368 2742 quia
1395 2702 1516 2741 primus
1542 2712 1650 2732 versus
1675 2702 1716 2731 ab

1046 2746 1147 2776 Atilio
1180 2745 1412 2775 Fortunatiano
1449 2745 1481 2775 in
1513 2745 1591 2775 Arte
1627 2744 1716 2783 apud

1048 2788 1179 2818 I‘utscli.
1204 2787 1287 2818 inter
1309 2787 1546 2818 Grammaticos
1568 2787 1657 2817 Vett.
1683 2797 1715 2825 p.

1047 2830 1138 2862 2680.
1170 2841 1209 2861 ex
1249 2830 1370 2870 Regilli
1406 2831 1529 2866 tabula,
1560 2834 1715 2867 tanquam

1045 2874 1232 2913 exemplum
1250 2884 1358 2904 versus
1373 2872 1548 2906 Saturnini,
1565 2871 1690 2902 citatur.
