1960 3218
524 152 651 194 LIB.
686 150 953 192 XXXVIII.
998 150 1145 193 CAP.
1178 154 1247 192 46.
1504 154 1587 193 363

188 248 269 284 ‘an
299 251 342 284 et
372 258 448 299 per
478 257 624 284 omnes
654 242 864 283 anfractus
894 241 1069 291 viarum,
1096 257 1230 297 quum
1261 241 1315 282 ad
1344 241 1458 283 bivia
1487 251 1704 284 eon-U.C.
1728 249 1802 291 565.

188 305 200 323 ‘
215 301 393 351 sisteres,
417 310 476 350 ut,
499 316 593 356 quo,
614 300 800 341 flexisset
830 314 982 355 agmen
1010 300 1179 340 Attalus
1211 299 1416 341 Eumenis
1447 299 1586 349 frater,
1602 295 1642 327 A·
1667 296 1705 327 C.
1731 295 1802 334 187.

155 363 201 397 6‘
217 373 267 400 eo
295 358 441 400 consul
470 358 752 398 mercenarius
782 372 877 398 cum
907 357 1095 398 exercitu
1118 356 1314 398 Romano
1339 358 1588 413 sequereris,

189 420 202 439 ‘
217 415 414 466 Pisidiae,
433 415 773 472 Lycaoniaeque,
792 424 835 456 et
851 414 1063 470 Phrygiae
1085 430 1272 456 recessus
1293 430 1440 456 omnes
1461 425 1589 471 atque

190 478 202 497 ‘
217 474 392 530 angulos
413 473 655 529 peragrasti,
678 473 827 528 stipem
854 487 878 513 a
903 472 1091 528 tyrannis
1113 472 1435 528 castellanisque
1457 473 1590 514 deviis

191 532 453 587 ‘eolligens?
519 530 638 579 Quid
673 531 786 571 enim
824 530 901 571 tibi
936 545 1033 570 cum
1070 530 1314 572 Oroandis?
1351 530 1456 586 quid
1493 546 1589 571 eum

191 593 203 612 ‘
219 589 309 630 aliis
331 604 465 645 aeque
487 588 671 629 innoxiis
691 587 890 644 populis?
942 587 1109 628 Bellum
1133 597 1275 629 autem
1297 588 1448 644 ipsum,
1471 588 1591 629 euius

191 646 389 689 ‘nomine
441 646 702 702 triumphum
750 646 870 702 petis,
913 661 998 701 quo
1044 645 1170 687 modo
1215 646 1411 702 gessisti?
1473 645 1590 687 Loco

191 708 367 759 ‘aequo,
400 713 589 760 tempore
624 713 698 745 tuo
734 703 964 760 pugnasti?
1025 703 1095 744 Tu
1131 719 1229 745 vero
1265 714 1392 753 reete,
1428 712 1474 744 ut
1510 703 1591 744 diis

191 762 523 803 ‘immortalibus
562 762 697 803 honos
732 762 948 811 habeatur,
985 761 1195 817 postulas:
1241 761 1437 817 primum,
1476 761 1592 817 quod

160 824 295 876 7‘pro
332 820 567 861 temeritate
604 819 879 876 imperatoris,
917 819 1034 860 nullo
1070 819 1160 860 iure
1201 820 1392 875 gentium
1433 819 1591 860 bellum

192 882 204 900 ‘
220 877 451 927 inferentis,
489 893 645 934 poenas
687 877 801 918 luere
846 877 1077 918 exercitum
1122 877 1374 919 noluerunt:
1421 877 1590 928 deinde,

193 940 205 958 ‘
221 935 337 991 quod
386 935 558 985 belluas,
602 950 689 976 non
739 935 891 984 hostes,
934 935 1054 975 nobis
1105 935 1361 976 obiecerunt.
1445 934 1591 976 Nolite
1669 935 1739 973 46.

193 997 206 1016 ‘
222 1008 380 1034 nomen
408 1002 573 1034 tantum
601 993 839 1034 existimare
868 992 1051 1033 mixtum
1076 1008 1164 1033 esse
1190 992 1589 1049 Gallograecorum:

193 1055 206 1074 ‘
222 1050 355 1092 multo
376 1060 473 1092 ante
496 1061 538 1092 et
559 1066 734 1107 corpora
754 1059 795 1092 et
817 1050 947 1091 animi
968 1050 1090 1091 mixti
1112 1066 1159 1092 ac
1181 1050 1314 1092 vitiati
1336 1059 1444 1091 sunt.
1504 1052 1592 1100 An,

194 1108 256 1149 ‘si
286 1108 348 1149 illi
382 1107 496 1149 Galli
529 1119 680 1158 essent,
715 1123 812 1150 cum
846 1108 999 1163 quibus
1032 1107 1183 1149 millies
1213 1109 1328 1150 vario
1363 1117 1518 1149 eventu
1548 1109 1594 1149 in

195 1165 346 1207 ‘Italia
374 1175 610 1222 pugnatum
642 1176 716 1215 est,
740 1175 946 1222 quantum
975 1166 1020 1206 in
1047 1166 1300 1221 imperatore
1329 1175 1472 1207 nostro
1499 1166 1592 1215 fuit,

195 1229 207 1247 ‘
222 1224 397 1265 nuntius
414 1224 529 1265 illinc
546 1223 723 1265 redisset
738 1224 756 1265 ?
807 1223 880 1264 Bis
897 1238 994 1264 eum
1011 1223 1060 1264 iis
1076 1233 1312 1279 pugnatum
1330 1232 1405 1273 est,
1422 1224 1486 1264 bis
1502 1223 1594 1264 loco

0 1299 7 1326 ⁴,
197 1281 373 1337 ‘iniquo
409 1282 549 1332 subiit,
583 1282 628 1322 in
661 1281 766 1322 valle
798 1281 995 1322 inferiore
1027 1281 1206 1337 pedibus
1242 1296 1376 1337 paene
1410 1281 1595 1322 hostium

196 1339 357 1381 ‘aciem
378 1339 580 1381 subiecit:
615 1348 663 1380 ut
693 1354 779 1379 non
809 1338 892 1379 tela
919 1353 972 1379 ex
1000 1339 1213 1394 superiore
1242 1339 1334 1380 loco
1363 1339 1593 1388 mitterent,

197 1397 299 1438 ‘sed
330 1412 503 1453 corpora
534 1412 608 1438 sua
638 1397 753 1438 nuda
779 1396 1015 1445 iniicerent,
1042 1397 1218 1438 obruere
1247 1411 1323 1437 nos
1351 1405 1593 1452 potuerunt.

197 1460 209 1479 ‘
228 1454 347 1503 Quid
368 1455 496 1511 igitur
515 1454 699 1495 incidit?
765 1454 926 1510 Magna
945 1454 1114 1495 fortuna
1141 1454 1288 1510 populi
1311 1454 1496 1495 Romani
1520 1463 1595 1504 est,

198 1517 426 1569 ‘magnum
455 1521 498 1554 et
522 1511 706 1554 terribile
735 1527 904 1553 nomen.
969 1512 1152 1553 Recenti
1179 1512 1302 1553 ruina
1328 1511 1596 1561 Hannibalis,

165 1580 184 1611 8
199 1576 210 1594 ‘
226 1570 428 1626 Philippi,
447 1570 665 1619 Antiochi,
689 1585 819 1626 prope
849 1569 1017 1610 attoniti
1046 1578 1178 1610 erant.
1242 1569 1406 1610 Tantae
1429 1585 1600 1626 eorpor-

199 1633 299 1669 ‘um
328 1627 459 1669 moles
486 1627 628 1669 fundis
648 1627 906 1683 sagittisque
939 1627 984 1667 in
1013 1627 1156 1683 fugam
1186 1627 1443 1668 consternati
1475 1637 1596 1668 sunt:

199 1685 391 1742 ‘gladius
423 1685 469 1726 in
501 1685 589 1726 acie
623 1694 866 1726 cruentatus
898 1700 985 1726 non
1016 1697 1079 1725 est
1113 1684 1279 1726 Gallico
1312 1684 1445 1726 bello:
1485 1684 1601 1726 velut

165 1756 186 1788 9
200 1749 211 1767 ‘
227 1744 367 1785 avium
389 1743 596 1792 examina,
619 1743 672 1784 ad
693 1743 901 1798 crepitum
922 1742 1106 1798 primum
1127 1742 1347 1783 missilium
1369 1742 1598 1783 avolavere.

200 1807 212 1825 ‘
228 1801 303 1851 At,
344 1800 527 1848 hercule,
569 1815 646 1842 nos
686 1800 829 1850 iidem,
872 1800 1147 1854 (admonente
1187 1800 1368 1849 fortuna,
1407 1799 1524 1856 quid,
1567 1800 1601 1841 si

200 1865 212 1883 ‘
227 1859 393 1900 hostem
417 1858 719 1908 habuissemus,
741 1873 933 1899 casurum
955 1857 1121 1913 fuisset)
1142 1873 1276 1914 quum
1301 1858 1528 1899 redeuntes
1556 1858 1601 1898 in

201 1916 484 1958 ‘latrunculos
512 1916 698 1957 Thracas
725 1915 1029 1965 incidissemus,
1055 1916 1177 1965 caesi,
1203 1915 1348 1971 fugati,
1372 1916 1491 1956 exuti
1520 1915 1602 1955 im-

201 1980 213 1999 ‘
229 1973 484 2030 pedimentis
513 1989 668 2015 sumus.
735 1974 788 2021 Q.
810 1973 1029 2014 Minucius
1051 1973 1276 2022 Thermus,
1303 1973 1349 2013 in
1374 1988 1459 2028 quo
1488 1972 1602 2014 haud

202 2038 214 2056 ‘
229 2031 370 2088 paullo
392 2031 485 2088 plus
507 2031 651 2072 damni
671 2031 827 2072 factum
850 2040 924 2080 est,
948 2045 1075 2086 quam
1097 2031 1131 2071 si
1155 2029 1235 2071 Cn.
1256 2030 1459 2079 Blanlius,
1483 2031 1602 2071 cuius

203 2089 466 2130 ‘temeritate
499 2104 548 2130 ea
577 2088 717 2130 clades
748 2088 966 2137 inciderat,
993 2088 1180 2144 perisset,
1203 2103 1301 2129 cum
1331 2087 1475 2128 multis
1506 2088 1603 2128 viris

175 2165 187 2187 1
204 2153 216 2171 ‘
230 2147 406 2188 fortibus
427 2146 605 2187 cecidit:
640 2146 862 2195 exereitus,
886 2145 1018 2202 spolia
1045 2146 1155 2201 regis
1177 2145 1382 2186 Antiochi
1404 2145 1602 2195 referens,

205 2211 217 2230 ‘
233 2204 433 2247 trifariam
451 2203 688 2260 dissipatus,
707 2203 806 2244 alibi
828 2203 1025 2260 primum,
1044 2203 1142 2244 alibi
1159 2212 1417 2260 postremum
1436 2218 1602 2258 agmen,

247 2324 266 2357 6
290 2326 412 2356 Consul
426 2325 646 2356 mercenarius
663 2348 670 2355 .
685 2348 692 2354 .
707 2347 714 2354 .
731 2325 843 2363 stipem
861 2334 881 2353 α
926 2322 1030 2353 mines
1045 2326 1137 2353 tanta
1154 2333 1322 2362 corporum
1339 2322 1573 2361 magnitudine.

205 2370 354 2408 tyrannis
379 2391 386 2398 .
405 2393 412 2399 .
430 2392 437 2399 .
462 2368 628 2407 colliyens]
666 2367 742 2397 Non
770 2367 881 2396 imme-
971 2376 989 2406 9
1012 2368 1040 2396 A
1049 2368 1134 2396 vium
1151 2367 1319 2403 eoeamina]
1348 2366 1411 2395 Pro
1433 2367 1541 2395 avium
1564 2375 1604 2395 ex

205 2411 266 2441 rito
288 2411 447 2441 obiectam
474 2421 540 2441 esse
562 2409 689 2440 Manlio
713 2409 881 2439 avaritiam
929 2413 990 2438 vet.
1009 2409 1078 2438 libr.
1097 2408 1244 2445 Sigonius
1267 2408 1354 2438 dedit
1378 2409 1500 2447 apium,
1518 2408 1604 2447 quod

207 2454 302 2484 docet
320 2454 476 2493 Polybius
496 2463 561 2483 uno
582 2453 725 2489 verbulo,
742 2452 828 2491 quod
850 2451 882 2481 in

209 2496 363 2536 Excerpt.
392 2497 468 2535 Leg.
495 2505 545 2534 31.
574 2495 740 2534 reperitur.
794 2494 883 2524 Nam

209 2549 309 2577 quum
336 2538 549 2575 Isiondenses,
568 2539 607 2568 de
632 2538 748 2577 quibus>
774 2537 884 2567 Livius

209 2591 297 2620 supr.
314 2590 361 2618 15,
376 2581 535 2611 auxilium
558 2581 625 2611 eius
641 2581 792 2610 adversus
809 2580 883 2610 Tel-

210 2624 377 2653 missenses
392 2623 613 2662 implorarent,
633 2623 883 2662 “ipse,”i11quit

212 2666 380 2705 Polybius,
412 2666 529 2696 “baruc
555 2665 613 2695 sibi
640 2665 743 2696 offerri
770 2676 789 2695 a
815 2675 884 2704 pro-

211 2708 292 2747 piti‹›
306 2708 468 2738 Mercurio
486 2709 636 2747 praedam
656 2713 784 2747 putans,
798 2707 885 2738 illico

211 2752 243 2781 in
264 2750 494 2790 Pamphyliam
514 2750 604 2780 flexit
620 2750 713 2781 iter.''
737 2752 841 2781 Cui-zv.

257 2803 272 2832 7
297 2795 398 2824 Nullo
425 2794 496 2823 inre
520 2794 682 2831 ¹(sentimtfi
718 2793 794 2823 Sine
819 2793 888 2822 ulla

212 2847 252 2867 ex
275 2836 312 2866 iis
332 2835 408 2866 belli
432 2835 536 2865 causis
551 2846 633 2874 quac
655 2835 722 2865 iure
742 2835 886 2875 gentium

214 2879 376 2919 legitimae
393 2878 561 2908 habentur.
585 2878 692 2909 Cum.

257 2924 275 2951 8
303 2923 425 2952 Tantae
461 2931 628 2961 corporum
663 2921 773 2958 moles]
819 2920 886 2950 Ho-

929 2452 1064 2490 prubare
1096 2451 1222 2481 videtur
1251 2451 1444 2486 Crevierius,
1475 2450 1529 2489 qui
1565 2460 1603 2481 ex

929 2494 998 2523 cod.
1026 2494 1112 2524 vict.
1142 2494 1253 2524 laudat
1281 2493 1454 2523 lectionem
1481 2504 1603 2532 τιμίω,-

929 2537 984 2566 sed
1001 2547 1050 2566 res
1065 2537 1135 2575 ipsa
1151 2537 1234 2566 lianc
1248 2536 1421 2566 lectionem
1437 2536 1583 2574 repudiat
1598 2548 1606 2572 3

929 2590 992 2608 nou
1016 2590 1092 2618 apes
1117 2579 1215 2616 enim,
1234 2579 1288 2609 sed
1311 2590 1385 2609 aves·
1407 2578 1530 2617 crepitu
1554 2579 1604 2608 rel

929 2622 1066 2661 strepitu
1104 2621 1214 2660 aliquo
1252 2621 1424 2651 suscitatae
1462 2621 1605 2657 avolant,

929 2664 994 2694 imo
1028 2664 1138 2703 apium
1179 2664 1329 2694 examina
1363 2663 1490 2693 tinnulo
1525 2663 1607 2693 aeris

930 2707 1070 2745 quassati
1096 2707 1231 2746 crepitu,
1247 2717 1310 2745 quo
1334 2707 1440 2736 minus
1463 2707 1605 2742 avolent,

932 2750 1142 2780 deterrentur.
1169 2750 1282 2780 Domi·

981 2801 992 2822 1
1011 2793 1396 2829 Emereitlas—trifariam
1411 2792 1603 2829 dissipatus]

931 2846 974 2865 sc.
1007 2835 1160 2872 Delituit,
1194 2835 1270 2864 alibi
1303 2844 1422 2872 nempe
1456 2833 1607 2871 primum,

932 2877 1008 2908 alibi
1035 2882 1232 2916 postremum
1258 2887 1384 2916 agmen,
1405 2875 1481 2905 alibi
1506 2875 1606 2915 impe-

934 2920 1080 2950 dimenta
1097 2924 1197 2950 erant.
