<?xml version="1.0" encoding="UTF-8"?>
<!DOCTYPE html PUBLIC "-//W3C//DTD XHTML 1.0 Transitional//EN"
    "http://www.w3.org/TR/xhtml1/DTD/xhtml1-transitional.dtd">
<html xmlns="http://www.w3.org/1999/xhtml" xml:lang="en" lang="en">
 <head>
  <title>
</title>
<meta http-equiv="Content-Type" content="text/html;charset=utf-8" />
  <meta name='ocr-system' content='tesseract 3.04.00' />
  <meta name='ocr-capabilities' content='ocr_page ocr_carea ocr_par ocr_line ocrx_word'/>
</head>
<body>
  <div class='ocr_page' id='page_1' title='image "./historiarumli03livyuoft_0221.png"; bbox 0 0 1960 3218; ppageno 0'>
   <div class='ocr_carea' id='block_1_1' title="bbox 546 139 1570 183">
    <p class='ocr_par' dir='ltr' id='par_1_1' title="bbox 546 139 1570 183">
     <span class='ocr_line' id='line_1_1' title="bbox 546 139 1570 183; baseline -0.002 0"><span class='ocrx_word' id='word_1_1' title='bbox 546 141 675 183; x_wconf 89' lang='lat' dir='ltr'><strong>LIB.</strong></span> <span class='ocrx_word' id='word_1_2' title='bbox 715 139 910 182; x_wconf 92' lang='lat' dir='ltr'>XXXV.</span> <span class='ocrx_word' id='word_1_3' title='bbox 955 140 1103 182; x_wconf 84' lang='lat' dir='ltr'><strong>CAP.</strong></span> <span class='ocrx_word' id='word_1_4' title='bbox 1137 144 1204 183; x_wconf 83' lang='lat'>35.</span> <span class='ocrx_word' id='word_1_5' title='bbox 1489 142 1570 182; x_wconf 86' lang='lat'>211</span> 
     </span>
    </p>
   </div>
   <div class='ocr_carea' id='block_1_2' title="bbox 140 230 1783 345">
    <p class='ocr_par' dir='ltr' id='par_1_2' title="bbox 140 230 1783 345">
     <span class='ocr_line' id='line_1_2' title="bbox 173 230 1783 287; baseline -0.001 -14"><span class='ocrx_word' id='word_1_6' title='bbox 173 230 449 287; x_wconf 90' lang='lat' dir='ltr'>compulsum,</span> <span class='ocrx_word' id='word_1_7' title='bbox 482 231 556 287; x_wconf 93' lang='lat' dir='ltr'>qui</span> <span class='ocrx_word' id='word_1_8' title='bbox 591 238 835 287; x_wconf 84' lang='lat' dir='ltr'>occupasset</span> <span class='ocrx_word' id='word_1_9' title='bbox 870 230 1075 280; x_wconf 89' lang='lat' dir='ltr'>occidere,</span> <span class='ocrx_word' id='word_1_10' title='bbox 1108 245 1206 272; x_wconf 91' lang='lat' dir='ltr'>eum</span> <span class='ocrx_word' id='word_1_11' title='bbox 1237 230 1366 272; x_wconf 90' lang='lat' dir='ltr'>totius</span> <span class='ocrx_word' id='word_1_12' title='bbox 1395 230 1571 287; x_wconf 80' lang='lat' dir='ltr'>gratiam</span> <span class='ocrx_word' id='word_1_13' title='bbox 1587 240 1630 272; x_wconf 93' lang='lat' dir='ltr'>U.</span> <span class='ocrx_word' id='word_1_14' title='bbox 1648 240 1686 272; x_wconf 84' lang='lat' dir='ltr'>C.</span> <span class='ocrx_word' id='word_1_15' title='bbox 1710 240 1783 281; x_wconf 87' lang='lat'><strong>560.</strong></span> 
     </span>
     <span class='ocr_line' id='line_1_3' title="bbox 140 284 1781 345; baseline -0.002 -16"><span class='ocrx_word' id='word_1_16' title='bbox 140 295 161 328; x_wconf 93' lang='lat'><strong>6</strong></span> <span class='ocrx_word' id='word_1_17' title='bbox 172 288 234 330; x_wconf 90' lang='lat' dir='ltr'>rei</span> <span class='ocrx_word' id='word_1_18' title='bbox 268 289 381 345; x_wconf 89' lang='lat' dir='ltr'>apud</span> <span class='ocrx_word' id='word_1_19' title='bbox 414 288 772 330; x_wconf 85' lang='lat' dir='ltr'>Lacedaemonios</span> <span class='ocrx_word' id='word_1_20' title='bbox 804 287 998 329; x_wconf 87' lang='lat' dir='ltr'>laturum.</span> <span class='ocrx_word' id='word_1_21' title='bbox 1065 288 1248 329; x_wconf 83' lang='lat' dir='ltr'>Causam</span> <span class='ocrx_word' id='word_1_22' title='bbox 1284 288 1480 330; x_wconf 89' lang='lat' dir='ltr'>mittendi</span> <span class='ocrx_word' id='word_1_23' title='bbox 1516 288 1570 329; x_wconf 88' lang='lat' dir='ltr'>ad</span> <span class='ocrx_word' id='word_1_24' title='bbox 1583 284 1624 316; x_wconf 81' lang='lat' dir='ltr'>A·</span> <span class='ocrx_word' id='word_1_25' title='bbox 1649 284 1687 316; x_wconf 80' lang='lat' dir='ltr'>C·</span> <span class='ocrx_word' id='word_1_26' title='bbox 1713 293 1781 325; x_wconf 83' lang='lat'>19²·</span> 
     </span>
    </p>
   </div>
   <div class='ocr_carea' id='block_1_3' title="bbox 142 345 1570 924">
    <p class='ocr_par' dir='ltr' id='par_1_3' title="bbox 142 345 1570 924">
     <span class='ocr_line' id='line_1_4' title="bbox 172 345 1568 402; baseline -0.001 -14"><span class='ocrx_word' id='word_1_27' title='bbox 172 361 270 388; x_wconf 89' lang='lat' dir='ltr'>eum</span> <span class='ocrx_word' id='word_1_28' title='bbox 301 347 551 396; x_wconf 90' lang='lat' dir='ltr'>habuerunt,</span> <span class='ocrx_word' id='word_1_29' title='bbox 586 346 702 402; x_wconf 91' lang='lat' dir='ltr'>quod</span> <span class='ocrx_word' id='word_1_30' title='bbox 737 345 938 401; x_wconf 79' lang='lat' dir='ltr'>fatigabat</span> <span class='ocrx_word' id='word_1_31' title='bbox 968 345 1176 401; x_wconf 84' lang='lat' dir='ltr'>precibus,</span> <span class='ocrx_word' id='word_1_32' title='bbox 1208 354 1256 387; x_wconf 90' lang='lat' dir='ltr'>ut</span> <span class='ocrx_word' id='word_1_33' title='bbox 1287 345 1444 386; x_wconf 90' lang='lat' dir='ltr'>auxilia</span> <span class='ocrx_word' id='word_1_34' title='bbox 1476 346 1568 396; x_wconf 87' lang='lat' dir='ltr'>sibi,</span> 
     </span>
     <span class='ocr_line' id='line_1_5' title="bbox 173 403 1569 461; baseline -0.001 -15"><span class='ocrx_word' id='word_1_35' title='bbox 173 420 303 461; x_wconf 92' lang='lat' dir='ltr'>quum</span> <span class='ocrx_word' id='word_1_36' title='bbox 326 404 407 446; x_wconf 85' lang='lat' dir='ltr'>illis</span> <span class='ocrx_word' id='word_1_37' title='bbox 428 404 665 446; x_wconf 88' lang='lat' dir='ltr'>auctoribus</span> <span class='ocrx_word' id='word_1_38' title='bbox 686 403 938 452; x_wconf 80' lang='lat' dir='ltr'>rebellasset,</span> <span class='ocrx_word' id='word_1_39' title='bbox 962 403 1240 445; x_wconf 87' lang='lat' dir='ltr'>mitterentur.</span> <span class='ocrx_word' id='word_1_40' title='bbox 1305 403 1427 444; x_wconf 86' lang='lat' dir='ltr'>Mille</span> <span class='ocrx_word' id='word_1_41' title='bbox 1449 404 1569 459; x_wconf 88' lang='lat' dir='ltr'>pedi-</span> 
     </span>
     <span class='ocr_line' id='line_1_6' title="bbox 172 461 1568 517; baseline -0.001 -14"><span class='ocrx_word' id='word_1_42' title='bbox 172 471 233 503; x_wconf 92' lang='lat' dir='ltr'>tes</span> <span class='ocrx_word' id='word_1_43' title='bbox 261 462 527 504; x_wconf 84' lang='lat' dir='ltr'>Alexameno</span> <span class='ocrx_word' id='word_1_44' title='bbox 553 462 640 503; x_wconf 88' lang='lat' dir='ltr'>dati</span> <span class='ocrx_word' id='word_1_45' title='bbox 669 469 778 511; x_wconf 90' lang='lat' dir='ltr'>sunt,</span> <span class='ocrx_word' id='word_1_46' title='bbox 809 470 851 502; x_wconf 87' lang='lat' dir='ltr'>et</span> <span class='ocrx_word' id='word_1_47' title='bbox 882 461 1055 517; x_wconf 80' lang='lat' dir='ltr'>triginta</span> <span class='ocrx_word' id='word_1_48' title='bbox 1082 461 1237 503; x_wconf 89' lang='lat' dir='ltr'>delecti</span> <span class='ocrx_word' id='word_1_49' title='bbox 1264 477 1318 502; x_wconf 90' lang='lat' dir='ltr'>ex</span> <span class='ocrx_word' id='word_1_50' title='bbox 1348 461 1568 502; x_wconf 81' lang='lat' dir='ltr'>iuventute</span> 
     </span>
     <span class='ocr_line' id='line_1_7' title="bbox 142 519 1567 576; baseline -0.002 -14"><span class='ocrx_word' id='word_1_51' title='bbox 142 531 158 564; x_wconf 89' lang='lat'><em>7</em></span> <span class='ocrx_word' id='word_1_52' title='bbox 172 520 347 576; x_wconf 90' lang='lat' dir='ltr'>equites.</span> <span class='ocrx_word' id='word_1_53' title='bbox 410 519 467 561; x_wconf 89' lang='lat' dir='ltr'>Iis</span> <span class='ocrx_word' id='word_1_54' title='bbox 485 536 507 561; x_wconf 90' lang='lat' dir='ltr'>a</span> <span class='ocrx_word' id='word_1_55' title='bbox 523 528 713 576; x_wconf 88' lang='lat' dir='ltr'>praetore</span> <span class='ocrx_word' id='word_1_56' title='bbox 731 519 978 560; x_wconf 83' lang='lat' dir='ltr'>Damocrito</span> <span class='ocrx_word' id='word_1_57' title='bbox 995 519 1040 559; x_wconf 88' lang='lat' dir='ltr'>in</span> <span class='ocrx_word' id='word_1_58' title='bbox 1057 519 1232 561; x_wconf 88' lang='lat' dir='ltr'>consilio</span> <span class='ocrx_word' id='word_1_59' title='bbox 1249 535 1400 561; x_wconf 89' lang='lat' dir='ltr'>arcano</span> <span class='ocrx_word' id='word_1_60' title='bbox 1416 519 1567 575; x_wconf 84' lang='lat' dir='ltr'>gentis,</span> 
     </span>
     <span class='ocr_line' id='line_1_8' title="bbox 172 576 1567 633; baseline -0.001 -14"><span class='ocrx_word' id='word_1_61' title='bbox 172 577 224 619; x_wconf 91' lang='lat' dir='ltr'>de</span> <span class='ocrx_word' id='word_1_62' title='bbox 254 593 338 633; x_wconf 92' lang='lat' dir='ltr'>quo</span> <span class='ocrx_word' id='word_1_63' title='bbox 367 587 463 619; x_wconf 88' lang='lat' dir='ltr'>ante</span> <span class='ocrx_word' id='word_1_64' title='bbox 493 577 653 619; x_wconf 86' lang='lat' dir='ltr'>dictum</span> <span class='ocrx_word' id='word_1_65' title='bbox 682 587 756 626; x_wconf 91' lang='lat' dir='ltr'>est,</span> <span class='ocrx_word' id='word_1_66' title='bbox 787 576 1099 627; x_wconf 88' lang='lat' dir='ltr'>denuntiatum,</span> <span class='ocrx_word' id='word_1_67' title='bbox 1132 577 1226 618; x_wconf 84' lang='lat' dir='ltr'>‘Ne</span> <span class='ocrx_word' id='word_1_68' title='bbox 1256 592 1298 618; x_wconf 88' lang='lat' dir='ltr'>se</span> <span class='ocrx_word' id='word_1_69' title='bbox 1326 577 1379 618; x_wconf 88' lang='lat' dir='ltr'>ad</span> <span class='ocrx_word' id='word_1_70' title='bbox 1410 577 1567 619; x_wconf 88' lang='lat' dir='ltr'>bellum</span> 
     </span>
     <span class='ocr_line' id='line_1_9' title="bbox 173 635 1568 692; baseline -0.001 -15"><span class='ocrx_word' id='word_1_71' title='bbox 173 640 185 659; x_wconf 88' lang='lat'>‘</span> <span class='ocrx_word' id='word_1_72' title='bbox 197 635 435 677; x_wconf 90' lang='lat' dir='ltr'>Achaicum</span> <span class='ocrx_word' id='word_1_73' title='bbox 453 644 525 677; x_wconf 90' lang='lat' dir='ltr'>aut</span> <span class='ocrx_word' id='word_1_74' title='bbox 540 651 630 677; x_wconf 91' lang='lat' dir='ltr'>rem</span> <span class='ocrx_word' id='word_1_75' title='bbox 646 635 788 685; x_wconf 87' lang='lat' dir='ltr'>ullam,</span> <span class='ocrx_word' id='word_1_76' title='bbox 804 650 931 690; x_wconf 89' lang='lat' dir='ltr'>quam</span> <span class='ocrx_word' id='word_1_77' title='bbox 948 650 1021 676; x_wconf 92' lang='lat' dir='ltr'>sua</span> <span class='ocrx_word' id='word_1_78' title='bbox 1038 635 1216 691; x_wconf 90' lang='lat' dir='ltr'>quisque</span> <span class='ocrx_word' id='word_1_79' title='bbox 1234 635 1431 692; x_wconf 90' lang='lat' dir='ltr'>opinione</span> <span class='ocrx_word' id='word_1_80' title='bbox 1449 650 1568 691; x_wconf 86' lang='lat' dir='ltr'>prae-</span> 
     </span>
     <span class='ocr_line' id='line_1_10' title="bbox 172 693 1570 750; baseline 0 -15"><span class='ocrx_word' id='word_1_81' title='bbox 172 693 335 750; x_wconf 88' lang='lat' dir='ltr'>‘cipere</span> <span class='ocrx_word' id='word_1_82' title='bbox 357 702 508 750; x_wconf 86' lang='lat' dir='ltr'>posset,</span> <span class='ocrx_word' id='word_1_83' title='bbox 528 693 749 735; x_wconf 86' lang='lat' dir='ltr'>crederent</span> <span class='ocrx_word' id='word_1_84' title='bbox 770 693 915 734; x_wconf 87' lang='lat' dir='ltr'>missos</span> <span class='ocrx_word' id='word_1_85' title='bbox 937 708 1038 734; x_wconf 88' lang='lat' dir='ltr'>esse.</span> <span class='ocrx_word' id='word_1_86' title='bbox 1104 693 1324 749; x_wconf 81' lang='lat' dir='ltr'>Quicquid</span> <span class='ocrx_word' id='word_1_87' title='bbox 1338 693 1570 735; x_wconf 86' lang='lat' dir='ltr'>Alexame-</span> 
     </span>
     <span class='ocr_line' id='line_1_11' title="bbox 171 750 1570 807; baseline -0.001 -14"><span class='ocrx_word' id='word_1_88' title='bbox 171 757 299 792; x_wconf 87' lang='lat' dir='ltr'>‘num</span> <span class='ocrx_word' id='word_1_89' title='bbox 326 767 391 793; x_wconf 93' lang='lat' dir='ltr'>res</span> <span class='ocrx_word' id='word_1_90' title='bbox 415 752 647 793; x_wconf 89' lang='lat' dir='ltr'>monuisset</span> <span class='ocrx_word' id='word_1_91' title='bbox 675 751 802 792; x_wconf 90' lang='lat' dir='ltr'>subiti</span> <span class='ocrx_word' id='word_1_92' title='bbox 830 750 993 792; x_wconf 88' lang='lat' dir='ltr'>consilii</span> <span class='ocrx_word' id='word_1_93' title='bbox 1020 766 1183 807; x_wconf 89' lang='lat' dir='ltr'>capere,</span> <span class='ocrx_word' id='word_1_94' title='bbox 1211 751 1264 792; x_wconf 89' lang='lat' dir='ltr'>ad</span> <span class='ocrx_word' id='word_1_95' title='bbox 1294 751 1350 801; x_wconf 92' lang='lat' dir='ltr'>id,</span> <span class='ocrx_word' id='word_1_96' title='bbox 1379 751 1570 807; x_wconf 90' lang='lat' dir='ltr'>quamvis</span> 
     </span>
     <span class='ocr_line' id='line_1_12' title="bbox 171 808 1568 866; baseline 0 -17"><span class='ocrx_word' id='word_1_97' title='bbox 171 809 472 866; x_wconf 80' lang='lat' dir='ltr'>‘inopinatum,</span> <span class='ocrx_word' id='word_1_98' title='bbox 496 809 777 859; x_wconf 88' lang='lat' dir='ltr'>temerarium,</span> <span class='ocrx_word' id='word_1_99' title='bbox 800 808 952 859; x_wconf 81' lang='lat' dir='ltr'>audaX,</span> <span class='ocrx_word' id='word_1_100' title='bbox 980 809 1225 851; x_wconf 87' lang='lat' dir='ltr'>obedienter</span> <span class='ocrx_word' id='word_1_101' title='bbox 1247 809 1568 865; x_wconf 90' lang='lat' dir='ltr'>exsequendum</span> 
     </span>
     <span class='ocr_line' id='line_1_13' title="bbox 171 867 1567 924; baseline -0.001 -15"><span class='ocrx_word' id='word_1_102' title='bbox 171 872 183 891; x_wconf 88' lang='lat'>‘</span> <span class='ocrx_word' id='word_1_103' title='bbox 198 868 332 923; x_wconf 89' lang='lat' dir='ltr'>parati</span> <span class='ocrx_word' id='word_1_104' title='bbox 357 876 508 917; x_wconf 83' lang='lat' dir='ltr'>essent,</span> <span class='ocrx_word' id='word_1_105' title='bbox 531 883 578 908; x_wconf 88' lang='lat' dir='ltr'>ac</span> <span class='ocrx_word' id='word_1_106' title='bbox 603 883 679 924; x_wconf 92' lang='lat' dir='ltr'>pro</span> <span class='ocrx_word' id='word_1_107' title='bbox 700 883 751 909; x_wconf 90' lang='lat' dir='ltr'>eo</span> <span class='ocrx_word' id='word_1_108' title='bbox 779 867 1031 923; x_wconf 84' lang='lat' dir='ltr'>acciperent,</span> <span class='ocrx_word' id='word_1_109' title='bbox 1058 876 1258 923; x_wconf 86' lang='lat' dir='ltr'>tanquam</span> <span class='ocrx_word' id='word_1_110' title='bbox 1285 867 1340 908; x_wconf 89' lang='lat' dir='ltr'>ad</span> <span class='ocrx_word' id='word_1_111' title='bbox 1364 867 1409 908; x_wconf 91' lang='lat' dir='ltr'>id</span> <span class='ocrx_word' id='word_1_112' title='bbox 1434 882 1567 908; x_wconf 89' lang='lat' dir='ltr'>unum</span> 
     </span>
    </p>
   </div>
   <div class='ocr_carea' id='block_1_4' title="bbox 172 925 1776 981">
    <p class='ocr_par' dir='ltr' id='par_1_4' title="bbox 172 925 1776 981">
     <span class='ocr_line' id='line_1_14' title="bbox 172 925 1776 981; baseline 0.001 -15"><span class='ocrx_word' id='word_1_113' title='bbox 172 930 183 949; x_wconf 76' lang='lat'><strong><em>⁶</em></strong></span> <span class='ocrx_word' id='word_1_114' title='bbox 199 925 411 981; x_wconf 83' lang='lat' dir='ltr'>agendum</span> <span class='ocrx_word' id='word_1_115' title='bbox 432 927 578 966; x_wconf 89' lang='lat' dir='ltr'>missos</span> <span class='ocrx_word' id='word_1_116' title='bbox 599 926 650 966; x_wconf 90' lang='lat' dir='ltr'>ab</span> <span class='ocrx_word' id='word_1_117' title='bbox 679 925 806 966; x_wconf 89' lang='lat' dir='ltr'>domo</span> <span class='ocrx_word' id='word_1_118' title='bbox 827 940 870 966; x_wconf 89' lang='lat' dir='ltr'>se</span> <span class='ocrx_word' id='word_1_119' title='bbox 899 925 1080 966; x_wconf 90' lang='lat' dir='ltr'>scirent.’</span> <span class='ocrx_word' id='word_1_120' title='bbox 1142 925 1255 967; x_wconf 88' lang='lat' dir='ltr'>Cum</span> <span class='ocrx_word' id='word_1_121' title='bbox 1276 925 1341 966; x_wconf 90' lang='lat' dir='ltr'>his</span> <span class='ocrx_word' id='word_1_122' title='bbox 1368 925 1428 966; x_wconf 86' lang='lat' dir='ltr'>ita</span> <span class='ocrx_word' id='word_1_123' title='bbox 1448 940 1569 981; x_wconf 87' lang='lat' dir='ltr'>prae-</span> <span class='ocrx_word' id='word_1_124' title='bbox 1582 937 1776 968; x_wconf 77' lang='lat' dir='ltr'>Alexameni</span> 
     </span>
    </p>
   </div>
   <div class='ocr_carea' id='block_1_5' title="bbox 170 983 1568 1040">
    <p class='ocr_par' dir='ltr' id='par_1_5' title="bbox 170 983 1568 1040">
     <span class='ocr_line' id='line_1_15' title="bbox 170 983 1568 1040; baseline 0 -16"><span class='ocrx_word' id='word_1_125' title='bbox 170 984 324 1039; x_wconf 86' lang='lat' dir='ltr'>paratis</span> <span class='ocrx_word' id='word_1_126' title='bbox 362 983 650 1025; x_wconf 82' lang='lat' dir='ltr'>Alexamenus</span> <span class='ocrx_word' id='word_1_127' title='bbox 681 983 734 1024; x_wconf 84' lang='lat' dir='ltr'>ad</span> <span class='ocrx_word' id='word_1_128' title='bbox 766 992 992 1040; x_wconf 86' lang='lat' dir='ltr'>tyrannum</span> <span class='ocrx_word' id='word_1_129' title='bbox 1022 983 1150 1033; x_wconf 85' lang='lat' dir='ltr'>venit,</span> <span class='ocrx_word' id='word_1_130' title='bbox 1183 998 1311 1039; x_wconf 91' lang='lat' dir='ltr'>quem</span> <span class='ocrx_word' id='word_1_131' title='bbox 1340 983 1568 1024; x_wconf 86' lang='lat' dir='ltr'>adveniens</span> 
     </span>
    </p>
   </div>
   <div class='ocr_carea' id='block_1_6' title="bbox 1580 981 1775 1055">
    <p class='ocr_par' dir='ltr' id='par_1_6' title="bbox 1580 981 1775 1055">
     <span class='ocr_line' id='line_1_16' title="bbox 1582 981 1775 1011; baseline 0 0"><span class='ocrx_word' id='word_1_132' title='bbox 1582 981 1690 1011; x_wconf 84' lang='lat' dir='ltr'>Aetoli</span> <span class='ocrx_word' id='word_1_133' title='bbox 1706 992 1775 1011; x_wconf 87' lang='lat' dir='ltr'>ora-</span> 
     </span>
     <span class='ocr_line' id='line_1_17' title="bbox 1580 1024 1767 1055; baseline 0.011 -2"><span class='ocrx_word' id='word_1_134' title='bbox 1580 1028 1625 1054; x_wconf 75' lang='lat' dir='ltr'>tio</span> <span class='ocrx_word' id='word_1_135' title='bbox 1641 1025 1683 1055; x_wconf 83' lang='lat' dir='ltr'>ad</span> <span class='ocrx_word' id='word_1_136' title='bbox 1700 1024 1767 1055; x_wconf 75' lang='lat' dir='ltr'>Na-</span> 
     </span>
    </p>
   </div>
   <div class='ocr_carea' id='block_1_7' title="bbox 171 1040 1645 1098">
    <p class='ocr_par' dir='ltr' id='par_1_7' title="bbox 171 1040 1645 1098">
     <span class='ocr_line' id='line_1_18' title="bbox 171 1040 1645 1098; baseline -0.001 -16"><span class='ocrx_word' id='word_1_137' title='bbox 171 1041 384 1097; x_wconf 88' lang='lat' dir='ltr'>extemplo</span> <span class='ocrx_word' id='word_1_138' title='bbox 425 1041 515 1098; x_wconf 91' lang='lat' dir='ltr'>spei</span> <span class='ocrx_word' id='word_1_139' title='bbox 555 1041 755 1097; x_wconf 79' lang='lat' dir='ltr'>implevit.</span> <span class='ocrx_word' id='word_1_140' title='bbox 821 1041 1109 1082; x_wconf 80' lang='lat' dir='ltr'>‘Antiochum</span> <span class='ocrx_word' id='word_1_141' title='bbox 1146 1041 1229 1082; x_wconf 88' lang='lat' dir='ltr'>iam</span> <span class='ocrx_word' id='word_1_142' title='bbox 1270 1041 1313 1081; x_wconf 91' lang='lat' dir='ltr'>in</span> <span class='ocrx_word' id='word_1_143' title='bbox 1352 1040 1567 1098; x_wconf 89' lang='lat' dir='ltr'>Europam</span> <span class='ocrx_word' id='word_1_144' title='bbox 1581 1067 1645 1098; x_wconf 81' lang='lat' dir='ltr'>bin.</span> 
     </span>
    </p>
   </div>
   <div class='ocr_carea' id='block_1_8' title="bbox 139 1098 1571 2602">
    <p class='ocr_par' dir='ltr' id='par_1_8' title="bbox 139 1098 1571 2602">
     <span class='ocr_line' id='line_1_19' title="bbox 173 1098 1569 1149; baseline 0.001 -9"><span class='ocrx_word' id='word_1_145' title='bbox 173 1103 184 1122; x_wconf 88' lang='lat'>‘</span> <span class='ocrx_word' id='word_1_146' title='bbox 201 1100 406 1149; x_wconf 84' lang='lat' dir='ltr'>transisse,</span> <span class='ocrx_word' id='word_1_147' title='bbox 430 1114 530 1140; x_wconf 89' lang='lat' dir='ltr'>mox</span> <span class='ocrx_word' id='word_1_148' title='bbox 557 1099 601 1140; x_wconf 89' lang='lat' dir='ltr'>in</span> <span class='ocrx_word' id='word_1_149' title='bbox 627 1098 806 1140; x_wconf 84' lang='lat' dir='ltr'>Graecia</span> <span class='ocrx_word' id='word_1_150' title='bbox 825 1098 937 1148; x_wconf 83' lang='lat' dir='ltr'>fore3</span> <span class='ocrx_word' id='word_1_151' title='bbox 970 1107 1112 1148; x_wconf 88' lang='lat' dir='ltr'>terras,</span> <span class='ocrx_word' id='word_1_152' title='bbox 1139 1099 1281 1148; x_wconf 87' lang='lat' dir='ltr'>maria,</span> <span class='ocrx_word' id='word_1_153' title='bbox 1305 1099 1442 1148; x_wconf 87' lang='lat' dir='ltr'>armis,</span> <span class='ocrx_word' id='word_1_154' title='bbox 1469 1114 1569 1141; x_wconf 79' lang='lat' dir='ltr'>viris</span> 
     </span>
     <span class='ocr_line' id='line_1_20' title="bbox 172 1156 1568 1213; baseline 0 -15"><span class='ocrx_word' id='word_1_155' title='bbox 172 1157 519 1213; x_wconf 75' lang='lat' dir='ltr'>‘completurum</span> <span class='ocrx_word' id='word_1_156' title='bbox 584 1156 686 1198; x_wconf 86' lang='lat' dir='ltr'>Non</span> <span class='ocrx_word' id='word_1_157' title='bbox 717 1172 813 1198; x_wconf 90' lang='lat' dir='ltr'>cum</span> <span class='ocrx_word' id='word_1_158' title='bbox 850 1156 1050 1213; x_wconf 85' lang='lat' dir='ltr'>Philippo</span> <span class='ocrx_word' id='word_1_159' title='bbox 1087 1172 1176 1198; x_wconf 89' lang='lat' dir='ltr'>rem</span> <span class='ocrx_word' id='word_1_160' title='bbox 1210 1172 1298 1197; x_wconf 90' lang='lat' dir='ltr'>esse</span> <span class='ocrx_word' id='word_1_161' title='bbox 1335 1157 1568 1198; x_wconf 88' lang='lat' dir='ltr'>credituros</span> 
     </span>
     <span class='ocr_line' id='line_1_21' title="bbox 172 1214 1568 1271; baseline -0.001 -15"><span class='ocrx_word' id='word_1_162' title='bbox 172 1214 424 1256; x_wconf 69' lang='lat' dir='ltr'>‘Romanos</span> <span class='ocrx_word' id='word_1_163' title='bbox 489 1214 729 1256; x_wconf 87' lang='lat' dir='ltr'>Numerum</span> <span class='ocrx_word' id='word_1_164' title='bbox 760 1214 858 1255; x_wconf 91' lang='lat' dir='ltr'>iniri</span> <span class='ocrx_word' id='word_1_165' title='bbox 884 1214 1077 1270; x_wconf 90' lang='lat' dir='ltr'>peditum</span> <span class='ocrx_word' id='word_1_166' title='bbox 1108 1215 1386 1271; x_wconf 85' lang='lat' dir='ltr'>equitumque</span> <span class='ocrx_word' id='word_1_167' title='bbox 1416 1229 1463 1256; x_wconf 89' lang='lat' dir='ltr'>ac</span> <span class='ocrx_word' id='word_1_168' title='bbox 1494 1230 1568 1256; x_wconf 89' lang='lat' dir='ltr'>na-</span> 
     </span>
     <span class='ocr_line' id='line_1_22' title="bbox 172 1272 1569 1329; baseline 0 -16"><span class='ocrx_word' id='word_1_169' title='bbox 172 1273 311 1314; x_wconf 88' lang='lat' dir='ltr'>‘vium</span> <span class='ocrx_word' id='word_1_170' title='bbox 331 1289 418 1314; x_wconf 90' lang='lat' dir='ltr'>non</span> <span class='ocrx_word' id='word_1_171' title='bbox 439 1288 582 1329; x_wconf 90' lang='lat' dir='ltr'>posse:</span> <span class='ocrx_word' id='word_1_172' title='bbox 616 1272 938 1328; x_wconf 88' lang='lat' dir='ltr'>elephantorum</span> <span class='ocrx_word' id='word_1_173' title='bbox 963 1272 1095 1313; x_wconf 89' lang='lat' dir='ltr'>aciem</span> <span class='ocrx_word' id='word_1_174' title='bbox 1125 1281 1355 1328; x_wconf 87' lang='lat' dir='ltr'>conspectu</span> <span class='ocrx_word' id='word_1_175' title='bbox 1382 1273 1472 1329; x_wconf 89' lang='lat' dir='ltr'>ipso</span> <span class='ocrx_word' id='word_1_176' title='bbox 1494 1272 1569 1314; x_wconf 93' lang='lat' dir='ltr'>de-</span> 
     </span>
     <span class='ocr_line' id='line_1_23' title="bbox 172 1330 1567 1386; baseline 0 -14"><span class='ocrx_word' id='word_1_177' title='bbox 172 1330 455 1372; x_wconf 89' lang='lat' dir='ltr'>‘bellaturam.</span> <span class='ocrx_word' id='word_1_178' title='bbox 520 1330 696 1372; x_wconf 85' lang='lat' dir='ltr'>Aetolos</span> <span class='ocrx_word' id='word_1_179' title='bbox 718 1339 805 1372; x_wconf 90' lang='lat' dir='ltr'>toto</span> <span class='ocrx_word' id='word_1_180' title='bbox 827 1345 901 1371; x_wconf 91' lang='lat' dir='ltr'>suo</span> <span class='ocrx_word' id='word_1_181' title='bbox 919 1330 1110 1371; x_wconf 88' lang='lat' dir='ltr'>exercitu</span> <span class='ocrx_word' id='word_1_182' title='bbox 1130 1340 1295 1386; x_wconf 91' lang='lat' dir='ltr'>paratos</span> <span class='ocrx_word' id='word_1_183' title='bbox 1317 1345 1404 1371; x_wconf 89' lang='lat' dir='ltr'>esse</span> <span class='ocrx_word' id='word_1_184' title='bbox 1424 1331 1567 1372; x_wconf 88' lang='lat' dir='ltr'>venire</span> 
     </span>
     <span class='ocr_line' id='line_1_24' title="bbox 172 1388 1569 1444; baseline 0 -14"><span class='ocrx_word' id='word_1_185' title='bbox 172 1388 576 1439; x_wconf 87' lang='lat' dir='ltr'>‘Lacedaemonem,</span> <span class='ocrx_word' id='word_1_186' title='bbox 595 1404 728 1444; x_wconf 86' lang='lat' dir='ltr'>quum</span> <span class='ocrx_word' id='word_1_187' title='bbox 749 1403 814 1430; x_wconf 89' lang='lat' dir='ltr'>res</span> <span class='ocrx_word' id='word_1_188' title='bbox 835 1397 1001 1444; x_wconf 87' lang='lat' dir='ltr'>poscat:</span> <span class='ocrx_word' id='word_1_189' title='bbox 1035 1388 1110 1429; x_wconf 89' lang='lat' dir='ltr'>sed</span> <span class='ocrx_word' id='word_1_190' title='bbox 1130 1388 1373 1444; x_wconf 83' lang='lat' dir='ltr'>frequentes</span> <span class='ocrx_word' id='word_1_191' title='bbox 1389 1398 1569 1430; x_wconf 89' lang='lat' dir='ltr'>armatos</span> 
     </span>
     <span class='ocr_line' id='line_1_25' title="bbox 172 1445 1570 1503; baseline 0 -15"><span class='ocrx_word' id='word_1_192' title='bbox 172 1446 417 1488; x_wconf 88' lang='lat' dir='ltr'>‘ostendere</span> <span class='ocrx_word' id='word_1_193' title='bbox 458 1446 702 1488; x_wconf 87' lang='lat' dir='ltr'>advenienti</span> <span class='ocrx_word' id='word_1_194' title='bbox 741 1446 830 1503; x_wconf 83' lang='lat' dir='ltr'>regi</span> <span class='ocrx_word' id='word_1_195' title='bbox 862 1446 1053 1487; x_wconf 85' lang='lat' dir='ltr'>voluisse.</span> <span class='ocrx_word' id='word_1_196' title='bbox 1117 1445 1278 1488; x_wconf 88' lang='lat' dir='ltr'>Nabidi</span> <span class='ocrx_word' id='word_1_197' title='bbox 1315 1461 1484 1502; x_wconf 92' lang='lat' dir='ltr'>quoque</span> <span class='ocrx_word' id='word_1_198' title='bbox 1526 1455 1570 1488; x_wconf 92' lang='lat' dir='ltr'>et</span> 
     </span>
     <span class='ocr_line' id='line_1_26' title="bbox 172 1504 1570 1561; baseline -0.001 -15"><span class='ocrx_word' id='word_1_199' title='bbox 172 1505 276 1561; x_wconf 89' lang='lat' dir='ltr'>‘ipsi</span> <span class='ocrx_word' id='word_1_200' title='bbox 302 1504 543 1546; x_wconf 86' lang='lat' dir='ltr'>faciendum</span> <span class='ocrx_word' id='word_1_201' title='bbox 575 1520 677 1554; x_wconf 87' lang='lat' dir='ltr'>esse,</span> <span class='ocrx_word' id='word_1_202' title='bbox 700 1512 759 1554; x_wconf 90' lang='lat' dir='ltr'>ut,</span> <span class='ocrx_word' id='word_1_203' title='bbox 783 1519 886 1561; x_wconf 89' lang='lat' dir='ltr'>quas</span> <span class='ocrx_word' id='word_1_204' title='bbox 914 1504 1088 1545; x_wconf 89' lang='lat' dir='ltr'>haberet</span> <span class='ocrx_word' id='word_1_205' title='bbox 1115 1504 1268 1561; x_wconf 82' lang='lat' dir='ltr'>copias,</span> <span class='ocrx_word' id='word_1_206' title='bbox 1298 1519 1383 1545; x_wconf 89' lang='lat' dir='ltr'>non</span> <span class='ocrx_word' id='word_1_207' title='bbox 1412 1504 1570 1546; x_wconf 86' lang='lat' dir='ltr'>sineret</span> 
     </span>
     <span class='ocr_line' id='line_1_27' title="bbox 172 1561 1569 1612; baseline 0 -8"><span class='ocrx_word' id='word_1_208' title='bbox 172 1563 274 1604; x_wconf 86' lang='lat' dir='ltr'>‘sub</span> <span class='ocrx_word' id='word_1_209' title='bbox 296 1564 416 1604; x_wconf 89' lang='lat' dir='ltr'>tectis</span> <span class='ocrx_word' id='word_1_210' title='bbox 441 1578 694 1604; x_wconf 87' lang='lat' dir='ltr'>marcescere</span> <span class='ocrx_word' id='word_1_211' title='bbox 718 1562 829 1604; x_wconf 89' lang='lat' dir='ltr'>otio:</span> <span class='ocrx_word' id='word_1_212' title='bbox 864 1562 938 1603; x_wconf 87' lang='lat' dir='ltr'>sed</span> <span class='ocrx_word' id='word_1_213' title='bbox 966 1561 1178 1612; x_wconf 87' lang='lat' dir='ltr'>educeret,</span> <span class='ocrx_word' id='word_1_214' title='bbox 1201 1570 1244 1603; x_wconf 93' lang='lat' dir='ltr'>et</span> <span class='ocrx_word' id='word_1_215' title='bbox 1271 1562 1316 1603; x_wconf 90' lang='lat' dir='ltr'>in</span> <span class='ocrx_word' id='word_1_216' title='bbox 1344 1562 1469 1603; x_wconf 90' lang='lat' dir='ltr'>armis</span> <span class='ocrx_word' id='word_1_217' title='bbox 1494 1562 1569 1604; x_wconf 91' lang='lat' dir='ltr'>de-</span> 
     </span>
     <span class='ocr_line' id='line_1_28' title="bbox 172 1619 1570 1677; baseline 0 -15"><span class='ocrx_word' id='word_1_218' title='bbox 172 1625 185 1645; x_wconf 89' lang='lat'>‘</span> <span class='ocrx_word' id='word_1_219' title='bbox 200 1636 366 1662; x_wconf 88' lang='lat' dir='ltr'>currere</span> <span class='ocrx_word' id='word_1_220' title='bbox 395 1629 575 1677; x_wconf 82' lang='lat' dir='ltr'>cogeret,</span> <span class='ocrx_word' id='word_1_221' title='bbox 597 1619 721 1661; x_wconf 88' lang='lat' dir='ltr'>simul</span> <span class='ocrx_word' id='word_1_222' title='bbox 743 1620 903 1661; x_wconf 89' lang='lat' dir='ltr'>animos</span> <span class='ocrx_word' id='word_1_223' title='bbox 931 1628 1112 1669; x_wconf 85' lang='lat' dir='ltr'>acueret,</span> <span class='ocrx_word' id='word_1_224' title='bbox 1135 1628 1178 1661; x_wconf 91' lang='lat' dir='ltr'>et</span> <span class='ocrx_word' id='word_1_225' title='bbox 1205 1635 1379 1676; x_wconf 90' lang='lat' dir='ltr'>corpora</span> <span class='ocrx_word' id='word_1_226' title='bbox 1399 1635 1570 1662; x_wconf 88' lang='lat' dir='ltr'>exerce-</span> 
     </span>
     <span class='ocr_line' id='line_1_29' title="bbox 172 1677 1568 1721; baseline -0.001 -1"><span class='ocrx_word' id='word_1_227' title='bbox 172 1684 185 1703; x_wconf 78' lang='lat'><strong><em>⁶</em></strong></span> <span class='ocrx_word' id='word_1_228' title='bbox 196 1687 271 1721; x_wconf 90' lang='lat' dir='ltr'>ret.</span> <span class='ocrx_word' id='word_1_229' title='bbox 337 1678 659 1720; x_wconf 86' lang='lat' dir='ltr'>Consuetudine</span> <span class='ocrx_word' id='word_1_230' title='bbox 692 1677 891 1719; x_wconf 86' lang='lat' dir='ltr'>leviorem</span> <span class='ocrx_word' id='word_1_231' title='bbox 921 1677 1107 1719; x_wconf 88' lang='lat' dir='ltr'>laborem</span> <span class='ocrx_word' id='word_1_232' title='bbox 1140 1678 1251 1719; x_wconf 80' lang='lat' dir='ltr'>fore:</span> <span class='ocrx_word' id='word_1_233' title='bbox 1293 1686 1336 1719; x_wconf 90' lang='lat' dir='ltr'>et</span> <span class='ocrx_word' id='word_1_234' title='bbox 1371 1678 1568 1720; x_wconf 84' lang='lat' dir='ltr'>comitate.</span> 
     </span>
     <span class='ocr_line' id='line_1_30' title="bbox 173 1735 1569 1793; baseline -0.001 -15"><span class='ocrx_word' id='word_1_235' title='bbox 173 1742 243 1778; x_wconf 83' lang='lat' dir='ltr'>‘ac</span> <span class='ocrx_word' id='word_1_236' title='bbox 274 1737 536 1793; x_wconf 81' lang='lat' dir='ltr'>benignitate</span> <span class='ocrx_word' id='word_1_237' title='bbox 559 1736 678 1777; x_wconf 89' lang='lat' dir='ltr'>ducis</span> <span class='ocrx_word' id='word_1_238' title='bbox 706 1736 833 1777; x_wconf 86' lang='lat' dir='ltr'>etiam</span> <span class='ocrx_word' id='word_1_239' title='bbox 866 1751 953 1776; x_wconf 88' lang='lat' dir='ltr'>non</span> <span class='ocrx_word' id='word_1_240' title='bbox 986 1735 1267 1777; x_wconf 87' lang='lat' dir='ltr'>iniucundum</span> <span class='ocrx_word' id='word_1_241' title='bbox 1296 1735 1387 1777; x_wconf 86' lang='lat' dir='ltr'>fieri</span> <span class='ocrx_word' id='word_1_242' title='bbox 1420 1736 1569 1792; x_wconf 82' lang='lat' dir='ltr'>posse.&#39;</span> 
     </span>
     <span class='ocr_line' id='line_1_31' title="bbox 172 1793 1568 1851; baseline 0 -16"><span class='ocrx_word' id='word_1_243' title='bbox 172 1794 310 1836; x_wconf 89' lang='lat' dir='ltr'>Educi</span> <span class='ocrx_word' id='word_1_244' title='bbox 330 1794 429 1836; x_wconf 91' lang='lat' dir='ltr'>inde</span> <span class='ocrx_word' id='word_1_245' title='bbox 452 1795 696 1851; x_wconf 88' lang='lat' dir='ltr'>frequenter</span> <span class='ocrx_word' id='word_1_246' title='bbox 715 1803 812 1836; x_wconf 90' lang='lat' dir='ltr'>ante</span> <span class='ocrx_word' id='word_1_247' title='bbox 836 1794 982 1835; x_wconf 89' lang='lat' dir='ltr'>urbem</span> <span class='ocrx_word' id='word_1_248' title='bbox 1004 1793 1048 1834; x_wconf 87' lang='lat' dir='ltr'>in</span> <span class='ocrx_word' id='word_1_249' title='bbox 1069 1809 1266 1850; x_wconf 89' lang='lat' dir='ltr'>campum</span> <span class='ocrx_word' id='word_1_250' title='bbox 1287 1793 1342 1835; x_wconf 87' lang='lat' dir='ltr'>ad</span> <span class='ocrx_word' id='word_1_251' title='bbox 1364 1793 1568 1835; x_wconf 88' lang='lat' dir='ltr'>Eurotam</span> 
     </span>
     <span class='ocr_line' id='line_1_32' title="bbox 171 1851 1569 1909; baseline -0.001 -15"><span class='ocrx_word' id='word_1_252' title='bbox 171 1868 337 1894; x_wconf 89' lang='lat' dir='ltr'>amnem</span> <span class='ocrx_word' id='word_1_253' title='bbox 361 1867 548 1909; x_wconf 87' lang='lat' dir='ltr'>coepere.</span> <span class='ocrx_word' id='word_1_254' title='bbox 614 1851 822 1893; x_wconf 85' lang='lat' dir='ltr'>Satellites</span> <span class='ocrx_word' id='word_1_255' title='bbox 841 1852 1009 1909; x_wconf 86' lang='lat' dir='ltr'>tyranni</span> <span class='ocrx_word' id='word_1_256' title='bbox 1030 1851 1171 1893; x_wconf 90' lang='lat' dir='ltr'>media</span> <span class='ocrx_word' id='word_1_257' title='bbox 1183 1851 1268 1893; x_wconf 88' lang='lat' dir='ltr'>fere</span> <span class='ocrx_word' id='word_1_258' title='bbox 1290 1852 1335 1892; x_wconf 93' lang='lat' dir='ltr'>in</span> <span class='ocrx_word' id='word_1_259' title='bbox 1357 1851 1445 1893; x_wconf 89' lang='lat' dir='ltr'>acie</span> <span class='ocrx_word' id='word_1_260' title='bbox 1469 1867 1569 1893; x_wconf 92' lang='lat' dir='ltr'>con-</span> 
     </span>
     <span class='ocr_line' id='line_1_33' title="bbox 139 1909 1569 1968; baseline 0.001 -19"><span class='ocrx_word' id='word_1_261' title='bbox 139 1911 384 1960; x_wconf 86' lang='lat' dir='ltr'>8sistebant,</span> <span class='ocrx_word' id='word_1_262' title='bbox 418 1920 620 1968; x_wconf 89' lang='lat' dir='ltr'>tyrannus</span> <span class='ocrx_word' id='word_1_263' title='bbox 651 1925 748 1951; x_wconf 91' lang='lat' dir='ltr'>cum</span> <span class='ocrx_word' id='word_1_264' title='bbox 784 1910 916 1951; x_wconf 88' lang='lat' dir='ltr'>tribus</span> <span class='ocrx_word' id='word_1_265' title='bbox 951 1925 1163 1951; x_wconf 89' lang='lat' dir='ltr'>summum</span> <span class='ocrx_word' id='word_1_266' title='bbox 1200 1909 1426 1966; x_wconf 90' lang='lat' dir='ltr'>equitibus,</span> <span class='ocrx_word' id='word_1_267' title='bbox 1458 1909 1569 1951; x_wconf 90' lang='lat' dir='ltr'>inter</span> 
     </span>
     <span class='ocr_line' id='line_1_34' title="bbox 172 1967 1567 2025; baseline -0.001 -15"><span class='ocrx_word' id='word_1_268' title='bbox 172 1984 277 2025; x_wconf 90' lang='lat' dir='ltr'>quos</span> <span class='ocrx_word' id='word_1_269' title='bbox 307 1968 557 2025; x_wconf 87' lang='lat' dir='ltr'>plerumque</span> <span class='ocrx_word' id='word_1_270' title='bbox 588 1967 878 2009; x_wconf 80' lang='lat' dir='ltr'>Alexamenus</span> <span class='ocrx_word' id='word_1_271' title='bbox 907 1977 1010 2017; x_wconf 87' lang='lat' dir='ltr'>erat,</span> <span class='ocrx_word' id='word_1_272' title='bbox 1042 1976 1139 2009; x_wconf 87' lang='lat' dir='ltr'>ante</span> <span class='ocrx_word' id='word_1_273' title='bbox 1168 1968 1287 2024; x_wconf 81' lang='lat' dir='ltr'>signa</span> <span class='ocrx_word' id='word_1_274' title='bbox 1312 1968 1567 2018; x_wconf 79' lang='lat' dir='ltr'>vectabatur,</span> 
     </span>
     <span class='ocr_line' id='line_1_35' title="bbox 173 2025 1570 2075; baseline 0 -8"><span class='ocrx_word' id='word_1_275' title='bbox 173 2042 330 2067; x_wconf 91' lang='lat' dir='ltr'>cornua</span> <span class='ocrx_word' id='word_1_276' title='bbox 351 2036 541 2067; x_wconf 86' lang='lat' dir='ltr'>extrema</span> <span class='ocrx_word' id='word_1_277' title='bbox 567 2026 774 2074; x_wconf 84' lang='lat' dir='ltr'>invisens;</span> <span class='ocrx_word' id='word_1_278' title='bbox 808 2026 852 2066; x_wconf 88' lang='lat' dir='ltr'>in</span> <span class='ocrx_word' id='word_1_279' title='bbox 874 2025 1023 2067; x_wconf 88' lang='lat' dir='ltr'>dextro</span> <span class='ocrx_word' id='word_1_280' title='bbox 1051 2040 1183 2067; x_wconf 90' lang='lat' dir='ltr'>cornu</span> <span class='ocrx_word' id='word_1_281' title='bbox 1208 2025 1350 2066; x_wconf 83' lang='lat' dir='ltr'>Aetoli</span> <span class='ocrx_word' id='word_1_282' title='bbox 1372 2034 1503 2075; x_wconf 90' lang='lat' dir='ltr'>erant,</span> <span class='ocrx_word' id='word_1_283' title='bbox 1527 2035 1570 2067; x_wconf 86' lang='lat' dir='ltr'>et</span> 
     </span>
     <span class='ocr_line' id='line_1_36' title="bbox 173 2083 1567 2140; baseline -0.001 -15"><span class='ocrx_word' id='word_1_284' title='bbox 173 2084 248 2140; x_wconf 91' lang='lat' dir='ltr'>qui</span> <span class='ocrx_word' id='word_1_285' title='bbox 273 2093 369 2125; x_wconf 89' lang='lat' dir='ltr'>ante</span> <span class='ocrx_word' id='word_1_286' title='bbox 399 2084 621 2125; x_wconf 85' lang='lat' dir='ltr'>auxiliares</span> <span class='ocrx_word' id='word_1_287' title='bbox 651 2083 820 2139; x_wconf 82' lang='lat' dir='ltr'>tyranni</span> <span class='ocrx_word' id='word_1_288' title='bbox 844 2083 1023 2132; x_wconf 90' lang='lat' dir='ltr'>fuerant,</span> <span class='ocrx_word' id='word_1_289' title='bbox 1053 2092 1096 2124; x_wconf 90' lang='lat' dir='ltr'>et</span> <span class='ocrx_word' id='word_1_290' title='bbox 1125 2083 1197 2139; x_wconf 90' lang='lat' dir='ltr'>qui</span> <span class='ocrx_word' id='word_1_291' title='bbox 1226 2092 1428 2124; x_wconf 85' lang='lat' dir='ltr'>venerant</span> <span class='ocrx_word' id='word_1_292' title='bbox 1454 2083 1567 2124; x_wconf 87' lang='lat' dir='ltr'>mille</span> 
     </span>
     <span class='ocr_line' id='line_1_37' title="bbox 173 2140 1568 2190; baseline -0.001 -7"><span class='ocrx_word' id='word_1_293' title='bbox 173 2157 269 2183; x_wconf 91' lang='lat' dir='ltr'>cum</span> <span class='ocrx_word' id='word_1_294' title='bbox 294 2141 571 2183; x_wconf 83' lang='lat' dir='ltr'>Alexameno.</span> <span class='ocrx_word' id='word_1_295' title='bbox 635 2140 809 2182; x_wconf 86' lang='lat' dir='ltr'>Fecerat</span> <span class='ocrx_word' id='word_1_296' title='bbox 836 2141 914 2182; x_wconf 86' lang='lat' dir='ltr'>sibi</span> <span class='ocrx_word' id='word_1_297' title='bbox 946 2156 1106 2182; x_wconf 87' lang='lat' dir='ltr'>morem</span> <span class='ocrx_word' id='word_1_298' title='bbox 1130 2140 1431 2190; x_wconf 87' lang='lat' dir='ltr'>Alexamenus,</span> <span class='ocrx_word' id='word_1_299' title='bbox 1455 2157 1568 2182; x_wconf 86' lang='lat' dir='ltr'>nune</span> 
     </span>
     <span class='ocr_line' id='line_1_38' title="bbox 173 2198 1567 2256; baseline 0 -16"><span class='ocrx_word' id='word_1_300' title='bbox 173 2215 270 2241; x_wconf 89' lang='lat' dir='ltr'>cum</span> <span class='ocrx_word' id='word_1_301' title='bbox 288 2209 467 2256; x_wconf 77' lang='lat' dir='ltr'>tyranno</span> <span class='ocrx_word' id='word_1_302' title='bbox 484 2199 594 2240; x_wconf 90' lang='lat' dir='ltr'>inter</span> <span class='ocrx_word' id='word_1_303' title='bbox 609 2214 764 2256; x_wconf 90' lang='lat' dir='ltr'>paucos</span> <span class='ocrx_word' id='word_1_304' title='bbox 779 2198 948 2240; x_wconf 89' lang='lat' dir='ltr'>ordines</span> <span class='ocrx_word' id='word_1_305' title='bbox 961 2198 1264 2248; x_wconf 88' lang='lat' dir='ltr'>circumeundi,</span> <span class='ocrx_word' id='word_1_306' title='bbox 1281 2198 1567 2254; x_wconf 84' lang='lat' dir='ltr'>monendique</span> 
     </span>
     <span class='ocr_line' id='line_1_39' title="bbox 173 2256 1568 2313; baseline -0.001 -14"><span class='ocrx_word' id='word_1_307' title='bbox 173 2272 284 2307; x_wconf 90' lang='lat' dir='ltr'>eum,</span> <span class='ocrx_word' id='word_1_308' title='bbox 307 2273 415 2313; x_wconf 88' lang='lat' dir='ltr'>quae</span> <span class='ocrx_word' id='word_1_309' title='bbox 438 2258 480 2297; x_wconf 94' lang='lat' dir='ltr'>in</span> <span class='ocrx_word' id='word_1_310' title='bbox 503 2272 589 2298; x_wconf 89' lang='lat' dir='ltr'>rem</span> <span class='ocrx_word' id='word_1_311' title='bbox 608 2272 695 2298; x_wconf 82' lang='lat' dir='ltr'>csse</span> <span class='ocrx_word' id='word_1_312' title='bbox 713 2256 988 2305; x_wconf 85' lang='lat' dir='ltr'>videbantur3</span> <span class='ocrx_word' id='word_1_313' title='bbox 1022 2271 1135 2297; x_wconf 85' lang='lat' dir='ltr'>nunc</span> <span class='ocrx_word' id='word_1_314' title='bbox 1158 2256 1201 2296; x_wconf 86' lang='lat' dir='ltr'>in</span> <span class='ocrx_word' id='word_1_315' title='bbox 1222 2256 1420 2297; x_wconf 85' lang='lat' dir='ltr'>dextrum</span> <span class='ocrx_word' id='word_1_316' title='bbox 1437 2272 1568 2298; x_wconf 86' lang='lat' dir='ltr'>cornu</span> 
     </span>
     <span class='ocr_line' id='line_1_40' title="bbox 173 2314 1569 2370; baseline -0.001 -14"><span class='ocrx_word' id='word_1_317' title='bbox 173 2315 227 2357; x_wconf 91' lang='lat' dir='ltr'>ad</span> <span class='ocrx_word' id='word_1_318' title='bbox 255 2331 350 2356; x_wconf 90' lang='lat' dir='ltr'>suos</span> <span class='ocrx_word' id='word_1_319' title='bbox 378 2315 675 2370; x_wconf 84' lang='lat' dir='ltr'>adequitandi3</span> <span class='ocrx_word' id='word_1_320' title='bbox 709 2330 807 2355; x_wconf 87' lang='lat' dir='ltr'>mox</span> <span class='ocrx_word' id='word_1_321' title='bbox 837 2314 949 2363; x_wconf 88' lang='lat' dir='ltr'>inde,</span> <span class='ocrx_word' id='word_1_322' title='bbox 972 2314 1088 2355; x_wconf 83' lang='lat' dir='ltr'>velut</span> <span class='ocrx_word' id='word_1_323' title='bbox 1119 2315 1336 2370; x_wconf 89' lang='lat' dir='ltr'>imperato,</span> <span class='ocrx_word' id='word_1_324' title='bbox 1360 2314 1475 2370; x_wconf 89' lang='lat' dir='ltr'>quod</span> <span class='ocrx_word' id='word_1_325' title='bbox 1504 2329 1569 2355; x_wconf 83' lang='lat' dir='ltr'>res</span> 
     </span>
     <span class='ocr_line' id='line_1_41' title="bbox 174 2371 1569 2430; baseline -0.001 -16"><span class='ocrx_word' id='word_1_326' title='bbox 174 2374 442 2430; x_wconf 86' lang='lat' dir='ltr'>poposcisset,</span> <span class='ocrx_word' id='word_1_327' title='bbox 466 2372 697 2429; x_wconf 83' lang='lat' dir='ltr'>recipiendi</span> <span class='ocrx_word' id='word_1_328' title='bbox 725 2387 767 2413; x_wconf 83' lang='lat' dir='ltr'>se</span> <span class='ocrx_word' id='word_1_329' title='bbox 793 2372 846 2413; x_wconf 91' lang='lat' dir='ltr'>ad</span> <span class='ocrx_word' id='word_1_330' title='bbox 875 2381 1113 2428; x_wconf 80' lang='lat' dir='ltr'>tyrannum.</span> <span class='ocrx_word' id='word_1_331' title='bbox 1179 2371 1276 2421; x_wconf 84' lang='lat' dir='ltr'>Sed,</span> <span class='ocrx_word' id='word_1_332' title='bbox 1299 2387 1427 2427; x_wconf 90' lang='lat' dir='ltr'>quem</span> <span class='ocrx_word' id='word_1_333' title='bbox 1455 2372 1569 2412; x_wconf 85' lang='lat' dir='ltr'>diem</span> 
     </span>
     <span class='ocr_line' id='line_1_42' title="bbox 173 2429 1570 2487; baseline -0.001 -15"><span class='ocrx_word' id='word_1_334' title='bbox 173 2431 379 2487; x_wconf 85' lang='lat' dir='ltr'>patrando</span> <span class='ocrx_word' id='word_1_335' title='bbox 400 2431 573 2472; x_wconf 87' lang='lat' dir='ltr'>facinori</span> <span class='ocrx_word' id='word_1_336' title='bbox 594 2438 807 2480; x_wconf 87' lang='lat' dir='ltr'>statuerat,</span> <span class='ocrx_word' id='word_1_337' title='bbox 831 2445 880 2471; x_wconf 87' lang='lat' dir='ltr'>eo</span> <span class='ocrx_word' id='word_1_338' title='bbox 908 2429 1136 2486; x_wconf 84' lang='lat' dir='ltr'>paullisper</span> <span class='ocrx_word' id='word_1_339' title='bbox 1156 2445 1252 2470; x_wconf 90' lang='lat' dir='ltr'>cum</span> <span class='ocrx_word' id='word_1_340' title='bbox 1275 2438 1454 2486; x_wconf 86' lang='lat' dir='ltr'>tyranno</span> <span class='ocrx_word' id='word_1_341' title='bbox 1475 2445 1570 2471; x_wconf 89' lang='lat' dir='ltr'>vec-</span> 
     </span>
     <span class='ocr_line' id='line_1_43' title="bbox 177 2487 1570 2545; baseline -0.001 -16"><span class='ocrx_word' id='word_1_342' title='bbox 177 2497 298 2538; x_wconf 87' lang='lat' dir='ltr'>tatus,</span> <span class='ocrx_word' id='word_1_343' title='bbox 325 2504 455 2545; x_wconf 87' lang='lat' dir='ltr'>quum</span> <span class='ocrx_word' id='word_1_344' title='bbox 485 2488 538 2529; x_wconf 90' lang='lat' dir='ltr'>ad</span> <span class='ocrx_word' id='word_1_345' title='bbox 568 2503 664 2529; x_wconf 86' lang='lat' dir='ltr'>suos</span> <span class='ocrx_word' id='word_1_346' title='bbox 692 2487 974 2537; x_wconf 88' lang='lat' dir='ltr'>concessisset,</span> <span class='ocrx_word' id='word_1_347' title='bbox 1005 2496 1094 2528; x_wconf 80' lang='lat' dir='ltr'>tuin</span> <span class='ocrx_word' id='word_1_348' title='bbox 1123 2487 1335 2543; x_wconf 89' lang='lat' dir='ltr'>equitibus</span> <span class='ocrx_word' id='word_1_349' title='bbox 1363 2487 1414 2528; x_wconf 89' lang='lat' dir='ltr'>ab</span> <span class='ocrx_word' id='word_1_350' title='bbox 1443 2487 1570 2528; x_wconf 86' lang='lat' dir='ltr'>domo</span> 
     </span>
     <span class='ocr_line' id='line_1_44' title="bbox 177 2544 1571 2602; baseline -0.001 -15"><span class='ocrx_word' id='word_1_351' title='bbox 177 2561 318 2587; x_wconf 88' lang='lat' dir='ltr'>secum</span> <span class='ocrx_word' id='word_1_352' title='bbox 340 2546 484 2596; x_wconf 89' lang='lat' dir='ltr'>missis,</span> <span class='ocrx_word' id='word_1_353' title='bbox 511 2551 521 2570; x_wconf 79' lang='lat'><strong><em>⁶</em></strong></span> <span class='ocrx_word' id='word_1_354' title='bbox 537 2545 743 2602; x_wconf 79' lang='lat' dir='ltr'>Agenda,&#39;</span> <span class='ocrx_word' id='word_1_355' title='bbox 763 2544 916 2602; x_wconf 87' lang='lat' dir='ltr'>inquit,</span> <span class='ocrx_word' id='word_1_356' title='bbox 940 2551 1029 2587; x_wconf 88' lang='lat' dir='ltr'>‘res</span> <span class='ocrx_word' id='word_1_357' title='bbox 1049 2552 1125 2595; x_wconf 90' lang='lat' dir='ltr'>est,</span> <span class='ocrx_word' id='word_1_358' title='bbox 1148 2545 1333 2595; x_wconf 81' lang='lat' dir='ltr'>iuvenes,</span> <span class='ocrx_word' id='word_1_359' title='bbox 1356 2545 1571 2586; x_wconf 84' lang='lat' dir='ltr'>audenda-</span> 
     </span>
    </p>
   </div>
   <div class='ocr_carea' id='block_1_9' title="bbox 177 2695 1571 2994">
    <p class='ocr_par' dir='ltr' id='par_1_9' title="bbox 177 2695 1571 2822">
     <span class='ocr_line' id='line_1_45' title="bbox 220 2695 1571 2737; baseline 0.001 -10"><span class='ocrx_word' id='word_1_360' title='bbox 220 2695 239 2727; x_wconf 90' lang='lat'><strong>6</strong></span> <span class='ocrx_word' id='word_1_361' title='bbox 262 2698 440 2735; x_wconf 70' lang='lat' dir='ltr'>Latmum]</span> <span class='ocrx_word' id='word_1_362' title='bbox 467 2696 631 2729; x_wconf 80' lang='lat' dir='ltr'>Omissum</span> <span class='ocrx_word' id='word_1_363' title='bbox 654 2701 701 2728; x_wconf 85' lang='lat' dir='ltr'>est</span> <span class='ocrx_word' id='word_1_364' title='bbox 719 2697 851 2727; x_wconf 80' lang='lat' dir='ltr'>verbum</span> <span class='ocrx_word' id='word_1_365' title='bbox 897 2696 1138 2736; x_wconf 78' lang='lat' dir='ltr'>perspicuitatis</span> <span class='ocrx_word' id='word_1_366' title='bbox 1163 2707 1259 2728; x_wconf 85' lang='lat' dir='ltr'>causa</span> <span class='ocrx_word' id='word_1_367' title='bbox 1277 2698 1338 2735; x_wconf 77' lang='lat' dir='ltr'>his,</span> <span class='ocrx_word' id='word_1_368' title='bbox 1357 2699 1443 2737; x_wconf 91' lang='lat' dir='ltr'>quod</span> <span class='ocrx_word' id='word_1_369' title='bbox 1469 2699 1571 2729; x_wconf 82' lang='lat' dir='ltr'>codex</span> 
     </span>
     <span class='ocr_line' id='line_1_46' title="bbox 177 2739 1571 2781; baseline 0.001 -11"><span class='ocrx_word' id='word_1_370' title='bbox 177 2750 197 2770; x_wconf 82' lang='lat' dir='ltr'>a</span> <span class='ocrx_word' id='word_1_371' title='bbox 222 2750 285 2779; x_wconf 88' lang='lat' dir='ltr'>quo</span> <span class='ocrx_word' id='word_1_372' title='bbox 317 2740 457 2779; x_wconf 78' lang='lat' dir='ltr'>pendeat</span> <span class='ocrx_word' id='word_1_373' title='bbox 481 2740 594 2777; x_wconf 79' lang='lat' dir='ltr'>oratio,</span> <span class='ocrx_word' id='word_1_374' title='bbox 617 2744 653 2770; x_wconf 82' lang='lat' dir='ltr'>ut</span> <span class='ocrx_word' id='word_1_375' title='bbox 679 2741 852 2771; x_wconf 68' lang='lat' dir='ltr'>constabat.</span> <span class='ocrx_word' id='word_1_376' title='bbox 900 2739 1085 2770; x_wconf 84' lang='lat' dir='ltr'>Victorinus</span> <span class='ocrx_word' id='word_1_377' title='bbox 1105 2740 1254 2777; x_wconf 67' lang='lat' dir='ltr'>exhibetJ</span> <span class='ocrx_word' id='word_1_378' title='bbox 1270 2751 1328 2780; x_wconf 88' lang='lat' dir='ltr'>pro</span> <span class='ocrx_word' id='word_1_379' title='bbox 1354 2742 1392 2771; x_wconf 81' lang='lat' dir='ltr'>iis</span> <span class='ocrx_word' id='word_1_380' title='bbox 1417 2752 1571 2781; x_wconf 84' lang='lat' dir='ltr'>reponen—</span> 
     </span>
     <span class='ocr_line' id='line_1_47' title="bbox 179 2782 1117 2822; baseline -0.001 -9"><span class='ocrx_word' id='word_1_381' title='bbox 179 2783 217 2814; x_wconf 86' lang='lat' dir='ltr'>cf.</span> <span class='ocrx_word' id='word_1_382' title='bbox 234 2793 319 2822; x_wconf 83' lang='lat' dir='ltr'>supr.</span> <span class='ocrx_word' id='word_1_383' title='bbox 338 2782 400 2813; x_wconf 82' lang='lat' dir='ltr'>viii.</span> <span class='ocrx_word' id='word_1_384' title='bbox 419 2791 468 2822; x_wconf 80' lang='lat'>29·</span> <span class='ocrx_word' id='word_1_385' title='bbox 484 2782 527 2813; x_wconf 87' lang='lat' dir='ltr'>ix.</span> <span class='ocrx_word' id='word_1_386' title='bbox 545 2791 573 2820; x_wconf 81' lang='lat'>5.</span> <span class='ocrx_word' id='word_1_387' title='bbox 899 2782 975 2812; x_wconf 87' lang='lat' dir='ltr'>dum</span> <span class='ocrx_word' id='word_1_388' title='bbox 993 2783 1117 2813; x_wconf 82' lang='lat' dir='ltr'>suadet.</span> 
     </span>
    </p>

    <p class='ocr_par' dir='ltr' id='par_1_10' title="bbox 178 2824 1571 2950">
     <span class='ocr_line' id='line_1_48' title="bbox 223 2824 1571 2864; baseline 0.001 -9"><span class='ocrx_word' id='word_1_389' title='bbox 223 2832 243 2864; x_wconf 79' lang='lat'>7</span> <span class='ocrx_word' id='word_1_390' title='bbox 257 2827 334 2856; x_wconf 77' lang='lat' dir='ltr'>lisa</span> <span class='ocrx_word' id='word_1_391' title='bbox 345 2830 493 2864; x_wconf 77' lang='lat' dir='ltr'>praetore</span> <span class='ocrx_word' id='word_1_392' title='bbox 504 2825 704 2862; x_wconf 78' lang='lat' dir='ltr'>Damocrito]</span> <span class='ocrx_word' id='word_1_393' title='bbox 722 2825 853 2864; x_wconf 81' lang='lat' dir='ltr'>Nempe</span> <span class='ocrx_word' id='word_1_394' title='bbox 941 2824 959 2854; x_wconf 92' lang='lat'>8</span> <span class='ocrx_word' id='word_1_395' title='bbox 982 2826 1164 2863; x_wconf 76' lang='lat' dir='ltr'>Summum]</span> <span class='ocrx_word' id='word_1_396' title='bbox 1191 2824 1210 2857; x_wconf 87' lang='lat' dir='ltr'>i.</span> <span class='ocrx_word' id='word_1_397' title='bbox 1223 2835 1250 2856; x_wconf 83' lang='lat' dir='ltr'>e.</span> <span class='ocrx_word' id='word_1_398' title='bbox 1268 2826 1320 2856; x_wconf 89' lang='lat' dir='ltr'>Ad</span> <span class='ocrx_word' id='word_1_399' title='bbox 1336 2836 1510 2858; x_wconf 85' lang='lat' dir='ltr'>summum.</span> <span class='ocrx_word' id='word_1_400' title='bbox 1534 2828 1571 2857; x_wconf 83' lang='lat' dir='ltr'>cf.</span> 
     </span>
     <span class='ocr_line' id='line_1_49' title="bbox 178 2867 1444 2908; baseline 0.002 -10"><span class='ocrx_word' id='word_1_401' title='bbox 178 2867 308 2908; x_wconf 79' lang='lat' dir='ltr'>triginta</span> <span class='ocrx_word' id='word_1_402' title='bbox 324 2867 495 2907; x_wconf 73' lang='lat' dir='ltr'>equitibus,</span> <span class='ocrx_word' id='word_1_403' title='bbox 506 2871 540 2897; x_wconf 89' lang='lat' dir='ltr'>ut</span> <span class='ocrx_word' id='word_1_404' title='bbox 557 2877 594 2897; x_wconf 84' lang='lat' dir='ltr'>ex</span> <span class='ocrx_word' id='word_1_405' title='bbox 612 2867 661 2904; x_wconf 82' lang='lat' dir='ltr'>iis,</span> <span class='ocrx_word' id='word_1_406' title='bbox 676 2877 759 2906; x_wconf 83' lang='lat' dir='ltr'>quae</span> <span class='ocrx_word' id='word_1_407' title='bbox 776 2867 857 2898; x_wconf 82' lang='lat' dir='ltr'>infra</span> <span class='ocrx_word' id='word_1_408' title='bbox 901 2877 987 2908; x_wconf 82' lang='lat' dir='ltr'>supr.</span> <span class='ocrx_word' id='word_1_409' title='bbox 1003 2868 1115 2900; x_wconf 82' lang='lat' dir='ltr'>xxxiii.</span> <span class='ocrx_word' id='word_1_410' title='bbox 1134 2877 1183 2907; x_wconf 84' lang='grc' dir='ltr'>5ο.</span> <span class='ocrx_word' id='word_1_411' title='bbox 1211 2867 1282 2899; x_wconf 87' lang='lat' dir='ltr'>infr.</span> <span class='ocrx_word' id='word_1_412' title='bbox 1299 2869 1376 2900; x_wconf 80' lang='lat' dir='ltr'>xliv.</span> <span class='ocrx_word' id='word_1_413' title='bbox 1395 2870 1444 2907; x_wconf 79' lang='lat'>38.</span> 
     </span>
     <span class='ocr_line' id='line_1_50' title="bbox 180 2909 857 2950; baseline 0.001 -10"><span class='ocrx_word' id='word_1_414' title='bbox 180 2915 411 2948; x_wconf 75' lang='lat' dir='ltr'>memorantur,</span> <span class='ocrx_word' id='word_1_415' title='bbox 423 2914 522 2950; x_wconf 80' lang='lat' dir='ltr'>patet.</span> <span class='ocrx_word' id='word_1_416' title='bbox 565 2910 662 2941; x_wconf 88' lang='lat' dir='ltr'>Unde</span> <span class='ocrx_word' id='word_1_417' title='bbox 676 2909 857 2941; x_wconf 80' lang='lat' dir='ltr'>Crevierius</span> 
     </span>
    </p>

    <p class='ocr_par' dir='ltr' id='par_1_11' title="bbox 1270 2957 1339 2994">
     <span class='ocr_line' id='line_1_51' title="bbox 1270 2957 1339 2994; baseline -0.014 0"><span class='ocrx_word' id='word_1_418' title='bbox 1270 2967 1293 2994; x_wconf 80' lang='grc' dir='ltr'>Ρ</span> <span class='ocrx_word' id='word_1_419' title='bbox 1316 2957 1339 2993; x_wconf 83' lang='grc'><strong><em>2</em></strong></span> 
     </span>
    </p>
   </div>
  </div>
 </body>
</html>
