1960 3218
180 256 222 287 U.
238 256 277 288 Ο.
301 256 372 297 561.
389 254 400 273 ‘
414 257 603 305 receptas
619 263 720 290 esse.

385 162 467 200 246
896 159 1045 201 TITI
1086 160 1264 202 LIVII

785 249 963 291 Aetolos
978 266 1160 306 quoque,
1180 265 1422 306 quanquam
1445 265 1531 292 non
1547 250 1678 291 secuti
1700 250 1784 291 sint

176 299 216 330 A·
240 300 278 332 C·
305 309 374 340 ¹9¹·
391 312 570 363 ‘regem,
600 306 676 348 sed
703 307 975 358 arcessierint,
998 317 1040 349 et
1068 308 1196 349 duces
1224 308 1336 358 belli,
1359 323 1445 349 non
1473 308 1590 358 socii,
1613 307 1782 358 fuerint,

178 657 376 688 Heracleam
390 654 558 695 moenia
585 663 648 695 est
675 654 990 695 circumvectus.

180 700 315 733 obsidet.

246 1693 313 1731 23.

391 365 452 406 ‘si
489 364 704 421 poenitere
745 365 916 421 possint,
950 381 1068 422 posse
1102 375 1144 406 et
1185 366 1415 407 incolumes
1448 367 1562 407 esse?
1622 365 1695 407 Ad
1735 379 1817 409 ea4

390 438 522 479 quum
550 423 688 479 pacati
709 423 815 463 nihil
843 423 1183 479 responderetur,
1205 433 1521 480 appareretque,
1544 423 1668 464 armis
1695 437 1785 463 rem

389 480 629 537 gerendam,
660 489 715 530 et,
747 495 845 537 rege
877 491 1083 537 superato,
1116 481 1272 522 bellum
1305 482 1547 523 Aetolicum
1572 482 1786 536 integrum
1836 500 1845 510 ·-

389 547 570 588 restare3
623 547 756 579 castra
796 540 846 579 ab
895 538 1193 595 Thermopylis
1234 539 1287 580 ad
1335 539 1584 581 Heracleam
1626 537 1782 579 movit:

390 611 526 652 eoque
548 596 638 652 ipso
660 596 742 645 die,
760 604 807 637 ut
828 596 953 637 situm
976 605 1167 637 nosceret
1188 597 1313 646 urbis,
1333 597 1384 638 ab
1405 598 1519 638 omni
1536 605 1652 653 parte
1676 610 1787 651 equo

1057 654 1145 695 Sita
1172 663 1235 696 est
1267 654 1475 695 Heraclea
1504 655 1546 694 in
1578 654 1787 695 radicibus

394 711 528 760 Oetae
550 711 704 752 montis
721 727 730 751 ε
765 712 856 767 ipsa
876 711 919 751 in
942 727 1103 768 campo,
1122 727 1259 753 arcem
1275 712 1568 753 imminentem
1589 711 1682 752 loco
1703 711 1787 751 alto

392 780 434 811 et
464 769 653 825 undique
684 769 902 825 praecipiti
932 769 1070 811 habet.
1136 769 1458 825 Contemplatus
1494 769 1646 819 omnia,
1679 783 1788 825 quae

392 827 604 870 noscenda
625 836 756 876 erant,
781 836 979 882 quattuor
999 824 1123 868 simul
1147 827 1248 869 loeis
1270 827 1441 883 aggredi
1465 827 1613 868 urbem
1635 825 1789 867 consti-

392 885 483 926 tuit.
546 886 589 926 A
602 885 776 926 flumine
794 884 953 941 AsopO,
972 900 1056 941 qua
1074 894 1117 926 et
1132 886 1397 942 gymnasium
1415 894 1489 935 est,
1509 883 1788 929 Lanlerium

392 943 588 999 operibus
635 951 761 998 atque
803 943 1108 999 oppugnationi
1153 943 1415 999 praeposuit:
1467 955 1630 998 partem
1670 950 1819 985 extra5

392 1015 546 1050 muros,
569 1016 677 1056 quae
698 1000 962 1056 frequentius
982 1016 1126 1057 prope,
1145 1016 1271 1056 quarn
1294 1001 1404 1051 urbs,
1422 1000 1700 1048 habitabatur,
1718 999 1786 1039 Ti.

396 1058 645 1114 Sempronio
679 1057 830 1113 Longo
866 1058 1194 1114 oppugnandam
1225 1058 1366 1099 dedit:
1410 1074 1434 1099 a
1464 1058 1559 1098 sinu
1590 1056 1787 1106 Maliaco,

393 1131 501 1172 quae
530 1115 691 1156 aditum
723 1115 837 1156 haud
858 1116 1022 1157 facilem
1050 1131 1144 1171 pars
1168 1116 1361 1165 habebat,
1386 1115 1448 1156 M.
1469 1115 1703 1163 Baebium3
1737 1114 1788 1155 ab

393 1173 524 1215 altero
564 1173 788 1223 amniculo,
822 1189 949 1229 quem
986 1173 1159 1214 Melana
1194 1182 1356 1223 vocant,
1392 1173 1588 1214 adversus
1624 1171 1788 1213 Dianae

394 1231 613 1287 templum,
641 1231 724 1287 Ap.
752 1230 982 1272 Claudium
1011 1231 1217 1287 opposuit.
1281 1231 1449 1272 Horum
1480 1245 1633 1285 magno
1658 1236 1822 1271 certa-6

394 1290 506 1330 mine
539 1289 649 1330 intra
679 1304 834 1345 paucos
865 1289 955 1330 dies
987 1298 1133 1338 turres,
1167 1289 1414 1344 arietesque,
1447 1297 1489 1329 et
1520 1288 1624 1329 alius
1655 1286 1790 1328 omnis

393 1355 616 1403 apparatus
651 1347 1029 1402 oppugnandarum
1071 1347 1237 1388 urbium
1278 1346 1503 1402 perficitur.
1569 1345 1625 1386 Et
1658 1359 1790 1400 quum

393 1420 492 1460 ager
515 1403 821 1453 Heracleensis,
844 1404 1028 1460 paluster
1056 1404 1191 1444 omnis
1211 1404 1493 1459 frequensque
1522 1403 1706 1459 proceris
1727 1417 1791 1442 ar—

392 1462 576 1511 boribus,
599 1462 782 1518 benigne
805 1462 858 1502 ad
887 1477 1010 1502 omne
1042 1476 1175 1517 genus
1197 1476 1371 1517 operum
1400 1461 1617 1502 materiam
1638 1474 1791 1515 suppe-

393 1519 575 1560 ditabat:
611 1527 713 1568 tum,
732 1520 832 1575 quia
852 1520 1093 1575 refugerant
1114 1519 1224 1560 intra
1244 1519 1411 1559 moenia
1432 1517 1589 1567 Aetoli,
1612 1517 1788 1566 deserta,

393 1592 501 1633 quae
524 1577 568 1617 in
589 1577 794 1618 vestibulo
810 1577 924 1618 urbis
946 1585 1077 1626 erant,
1101 1585 1211 1617 tecta
1232 1577 1275 1616 in
1293 1576 1427 1617 varios
1450 1590 1546 1617 usus
1568 1590 1654 1616 non
1675 1575 1791 1630 tigna

394 1634 519 1676 modo
541 1643 583 1675 et
605 1634 778 1684 tabulas,
801 1634 875 1675 scd
903 1634 1077 1675 laterem
1099 1649 1282 1690 quoque,
1307 1642 1349 1674 et
1377 1642 1607 1682 caementa,
1630 1640 1673 1673 et
1693 1647 1792 1673 saxa

392 1692 528 1733 variae
551 1692 866 1748 magnitudinis,
884 1692 1153 1748 praebebant.
1218 1691 1274 1732 Et
1298 1691 1480 1732 Romani
1498 1690 1670 1746 quidem
1692 1704 1792 1745 ope-

392 1749 506 1791 ribus
547 1750 691 1805 magis,
734 1765 861 1805 quam
901 1749 1037 1800 armis,
1080 1749 1228 1790 urbem
1270 1749 1591 1804 oppugnabant:
1645 1746 1791 1789 Aetoli

393 1815 539 1848 eontra
558 1807 682 1848 armis
703 1822 745 1848 se
769 1808 1005 1847 tuebantur.
1070 1805 1196 1855 Nam,
1216 1821 1347 1861 quum
1369 1806 1496 1846 ariete
1519 1812 1792 1860 quaterentur

394 1864 516 1914 muri,
550 1880 634 1905 non
665 1864 838 1920 laqueis,
871 1872 918 1904 ut
947 1864 1094 1913 solent,
1127 1872 1325 1919 exceptos
1356 1863 1624 1904 declinabant
1654 1861 1788 1910 ictus;

394 1922 468 1962 sed
489 1922 635 1962 armati
657 1922 911 1977 frequentes,
935 1921 1106 1977 quidam
1135 1921 1253 1976 ignes
1282 1920 1421 1970 etiam,
1445 1935 1550 1975 quos
1571 1919 1791 1975 aggeribus
1808 1929 1823 1960 7

394 1979 628 2030 iniicerent,
651 1979 852 2020 ferebant.
918 1979 1114 2020 Fornices
1143 1994 1312 2034 quoque
1343 1978 1386 2018 in
1416 1992 1535 2018 muro
1564 1984 1682 2017 erant
1704 1976 1823 2032 apti8

437 2126 456 2152 4
478 2116 513 2144 Sa·
537 2115 700 2153 poenitere
724 2115 863 2153 possint]
907 2113 1000 2143 Haec
1026 2113 1070 2142 lo-

395 2157 515 2196 quendi
536 2156 650 2194 forma,
669 2156 815 2195 quamvis
838 2166 951 2195 parum
975 2155 1070 2185 usita-

396 2202 441 2236 ta,
462 2209 525 2229 non
549 2199 621 2229 ideo
644 2202 753 2229 tamen
777 2198 886 2228 mendi
908 2198 1071 2237 arguenda

397 2245 454 2272 est.
501 2242 684 2271 Occurrunt
707 2241 792 2271 enim
810 2244 841 2270 et
857 2240 921 2270 alia
936 2241 1003 2270 eius
1019 2251 1071 2270 ex-

398 2284 507 2322 empla
530 2284 617 2322 apud
635 2286 757 2314 veteres
780 2283 957 2322 scriptores¹
1005 2283 1072 2313 No-

398 2325 480 2363 nius,
499 2332 524 2364 7.
542 2336 559 2356 e
576 2326 720 2356 Pacuvio
743 2326 873 2363 allegat⁷
894 2336 982 2355 nunt·
1001 2336 1072 2364 poe-

399 2369 565 2399 nitebunt:
590 2372 622 2398 ct
634 2368 788 2405 Iustinus,
800 2368 838 2398 six
848 2380 865 2398 e
878 2367 984 2407 potius
995 2368 1072 2397 Tro-

397 2421 466 2448 gus,
482 2411 524 2441 xi.
543 2419 570 2448 3.
587 2411 800 2441 Athenienses
816 2434 822 2441 .
842 2435 847 2440 .
866 2435 872 2441 .
886 2411 986 2449 primi
998 2421 1072 2449 poe-

397 2454 500 2483 nitere
522 2458 713 2492 coeperunt.-
739 2456 771 2483 et
790 2452 929 2489 Gellius,
948 2463 976 2481 v.
998 2462 1021 2482 1.
1042 2457 1072 2483 et

394 2496 619 2534 perhorrescat
649 2507 772 2526 necesse
801 2500 858 2532 est,
888 2499 917 2525 et
949 2495 1072 2533 pudeat

397 2539 525 2573 tacitus,
553 2542 582 2567 el
605 2539 780 2577 poeniteat,
806 2542 836 2567 et
863 2538 1016 2575 yumleat,
1042 2541 1072 2567 et

396 2580 582 2610 admiretur.
629 2580 723 2609 Adde
750 2584 781 2609 et
809 2580 976 2616 Plautum,
997 2580 1070 2609 Cas.

398 2632 425 2652 v.
454 2631 481 2652 2.
508 2631 535 2660 3.
566 2623 611 2651 ita
642 2632 730 2651 mmo
756 2622 873 2660 pudeo,
899 2626 995 2661 alque
1026 2622 1069 2651 ila

398 2674 485 2694 nunc
498 2674 609 2702 paveo.
627 2668 658 2693 et
676 2663 804 2693 Lueret.
820 2663 863 2693 iii.
881 2664 951 2702 894.
997 2665 1070 2702 Ipse

396 2707 447 2736 sui
462 2708 597 2737 miseret.
644 2706 695 2735 Ex
720 2705 768 2735 his
789 2705 946 2743 exemplis
970 2709 1070 2743 putet,

400 2749 494 2778 verba
515 2748 583 2784 illa,
604 2749 763 2784 l'oem'tel,
784 2748 901 2783 l'mlel,
923 2749 1070 2783 Miseret,

397 2800 460 2821 non
482 2790 596 2820 diversi
618 2790 711 2820 fuisse
736 2789 912 2828 antiquitus
936 2789 1069 2828 generis,

396 2844 432 2863 ac
444 2836 550 2863 cetera
562 2832 696 2863 Latinae
709 2832 836 2871 linguae
849 2833 1067 2869 x·e1·lm,quam-

399 2875 442 2905 ris
466 2879 576 2914 postea
600 2874 630 2904 in
655 2875 751 2904 aliani
777 2875 912 2904 formam
940 2874 1068 2904 transie-

398 2917 470 2956 rint,
482 2918 536 2948 sed
554 2917 597 2947 ita
615 2920 722 2948 tamen
740 2920 772 2946 ut
792 2916 942 2955 antiquus
959 2926 1069 2946 corum

1117 2123 1192 2142 usus
1207 2122 1270 2142 non
1287 2112 1418 2142 omniuo
1435 2113 1640 2143 oboleseeret.
1665 2113 1772 2143 Cnssv.

1160 2164 1176 2194 5
1202 2157 1334 2186 Partem
1359 2160 1452 2186 aetra
1478 2166 1596 2192 muros,
1620 2166 1703 2195 quae
1720 2155 1791 2192 fre-

1116 2199 1268 2237 quentius
1295 2208 1408 2237 prope,
1434 2208 1529 2238 quam
1555 2199 1643 2235 urbs,
1669 2198 1791 2227 habita-

1118 2242 1229 2278 batur]
1273 2241 1380 2277 Vulgo
1399 2241 1564 2279 legebatur
1579 2251 1681 2270 arcem
1698 2244 1791 2270 emera

1117 2293 1235 2319 muros,
1249 2284 1333 2321 quod
1351 2283 1438 2312 haud
1455 2282 1551 2312 dubie
1567 2281 1715 2312 vitiosum
1733 2286 1790 2312 est.

1120 2324 1302 2355 Gronovius
1316 2325 1498 2354 emendarit
1512 2329 1649 2363 partem,
1661 2334 1725 2364 qua
1738 2334 1790 2354 ω·-

1117 2372 1167 2397 tra
1200 2378 1304 2397 muros
1326 2368 1536 2407 ,frequentius
1563 2377 1665 2406 prope
1695 2377 1791 2405 quam

1116 2411 1150 2439 in
1171 2411 1246 2440 arbe
1264 2411 1483 2445 habitabatur,
1499 2419 1594 2447 quani
1619 2408 1791 2439 lectionem

1117 2452 1258 2482 Bekker.
1275 2451 1426 2490 reposuit.

1158 2493 1176 2524 6
1194 2496 1320 2523 Ilorzem
1336 2505 1450 2532 magma
1465 2494 1655 2531 certamine]
1677 2494 1790 2528 Quum

1116 2536 1148 2565 hi
1176 2536 1259 2566 inter
1285 2547 1318 2566 se
1344 2546 1460 2574 magno
1488 2536 1593 2566 studio
1621 2540 1790 2571 certarent,

1117 2578 1186 2617 quis
1207 2578 1394 2608 mandatum
1413 2589 1493 2617 opus
1510 2578 1644 2608 celerius
1660 2578 1789 2617 perfice-

1116 2624 1172 2651 ret.
1197 2622 1302 2651 (Junv.

1162 2671 1175 2701 7
1199 2664 1262 2693 Sed
1291 2665 1407 2692 armiati
1431 2664 1638 2703 frequenles]
1676 2662 1789 2693 Adiice

1116 2705 1246 2734 omnino
1273 2715 1346 2734 euin
1376 2706 1539 2735 (honorio
1569 2706 1790 2744 erumpebant,

1118 2747 1165 2776 rel
1183 2747 1270 2777 aliud
1289 2747 1364 2785 quid
1382 2747 1495 2777 simile.
1521 2748 1625 2778 Cnler.

1157 2792 1175 2819 ὅ
1199 2790 1350 2820 fibi-nives
1365 2792 1505 2829 quoque]
1534 2789 1666 2819 Arcuati
1684 2788 1789 2818 exitus

1117 2842 1172 2870 per
1195 2842 1334 2868 murum,
1352 2842 1407 2870 per
1423 2842 1502 2870 quos
1521 2832 1637 2862 obsessi
1662 2831 1694 2861 in
1718 2831 1787 2860 hos-

1115 2878 1180 2904 tem
1198 2878 1412 2913 erumperent.
1440 2875 1563 2905 Rixscn.
