1960 3218
338 143 390 181 66
857 138 1005 180 TITI
1047 138 1226 180 LIVII

131 239 174 270 U.
192 239 230 270 C.
253 232 602 281 554.‘extrahere,
637 238 860 287 postquam
893 245 969 271 nos
1001 245 1140 286 neque
1174 229 1401 270 decernere
1434 228 1478 269 id
1511 228 1590 269 sibi
1619 242 1739 284 prae-

129 283 169 313 A.
194 282 232 313 C.
258 283 536 339 I93'·‘sidium,
571 304 711 345 neque
745 288 850 330 velle
885 287 1035 344 illigari
1069 288 1265 329 Romano
1298 286 1408 328 bello
1437 286 1556 335 vidit,
1585 286 1739 327 oblitus

343 347 579 389 ‘societatis
612 347 714 396 eius,
745 361 872 403 quam
905 362 1018 387 nunc
1054 345 1192 395 iactat,
1223 344 1444 386 vastandos
1477 343 1739 400 depopulan-

343 410 355 429 ‘
371 406 531 462 dosque
574 405 734 446 Nabidi
780 420 827 445 ac
868 403 1215 445 Lacedaemoniis
1265 403 1447 458 reliquit.
1523 402 1589 442 Ac
1635 400 1740 441 mihi

344 464 545 520 ‘quidem
575 463 748 504 minime
777 462 1031 503 conveniens
1060 462 1171 503 inter
1199 476 1240 502 se
1263 461 1395 502 oratio
1420 458 1740 501 Cleomedontis

345 522 458 563 ‘visa
488 529 561 562 est.
627 520 831 561 Elevabat
864 520 1105 561 Romanum
1136 519 1307 568 bellum,
1335 527 1618 573 eventumque
1651 516 1740 558 eius

345 579 556 621 ‘eundem
590 579 692 628 fore,
717 578 791 635 qui
823 577 971 634 prioris
1001 577 1113 627 belli,
1144 576 1258 633 quod
1290 591 1386 617 cum
1417 575 1617 631 Philippo
1647 589 1741 630 ges-

345 638 515 687 ‘serint,
539 637 716 678 dicebat.
783 635 873 677 Cur
899 635 1028 691 igitur
1056 643 1245 677 nostrum
1266 634 1336 675 ille
1363 633 1567 675 auxilium
1592 633 1741 674 absens

345 695 480 751 ‘petit
508 695 661 751 potius,
688 709 814 750 quam
845 708 1042 750 praesens
1072 708 1147 734 nos
1178 701 1339 734 veteres
1369 692 1501 733 socios
1534 690 1658 732 simul
1689 690 1740 731 ab

345 758 356 776 ‘
373 753 542 795 Nabide
565 768 611 793 ac
634 752 838 794 Romanis
858 752 1055 793 tueatur?
1117 750 1220 801 Nos,
1239 751 1364 791 dico?
1393 749 1498 805 quid
1518 749 1577 790 ita
1597 762 1740 804 passus

345 816 436 853 ‘est
458 810 665 852 Eretriam
691 809 1002 866 Carystumque
1032 809 1155 865 capi?
1187 808 1291 864 quid
1322 808 1380 849 ita
1410 816 1473 849 tot
1498 806 1740 848 Thessaliae

346 869 530 911 ‘urbesP
561 868 665 925 quid
694 868 752 909 ita
776 867 1001 908 Locridem
1024 866 1373 922 Phocidemque‘?
1405 865 1508 921 quid
1538 865 1596 906 ita
1626 878 1740 905 nunc

345 932 357 950 ‘
374 927 554 968 Elatiam
584 925 818 982 oppugnari
846 925 1032 981 patitur?
1096 924 1187 965 Cur
1211 924 1390 965 excessit
1409 923 1598 964 faucibus
1620 921 1741 978 Epiri

345 985 646 1040 ‘claustrisque
680 984 759 1024 illis
790 982 1189 1039 inexpugnabilibus
1224 997 1350 1038 super
1379 981 1522 1022 Aoum
1558 995 1738 1029 amnem,

345 1048 444 1084 ‘aut
475 1042 529 1092 vi,
564 1051 636 1083 aut
671 1050 801 1090 metu,
836 1050 909 1082 aut
941 1040 1169 1090 voluntate,
1202 1040 1447 1095 relictoque,
1477 1053 1605 1095 quem
1641 1038 1741 1079 insi-

344 1105 356 1123 ‘
372 1101 510 1149 debat,
534 1100 654 1150 saltu,
676 1100 845 1156 penitus
873 1099 918 1139 in
946 1114 1123 1154 regnum
1155 1098 1290 1139 abiit?
1355 1097 1399 1139 Si
1425 1112 1499 1138 sua
1525 1096 1739 1138 voluntate

344 1163 434 1200 ‘tot
474 1159 606 1200 socios
646 1157 817 1214 reliquit
861 1157 1050 1198 hostibus
1090 1156 1364 1213 diripiendos,
1406 1155 1510 1211 quid
1550 1169 1740 1195 recusare

344 1222 355 1239 ‘
371 1225 522 1273 potest,
540 1216 644 1273 quin
667 1225 709 1257 et
730 1215 831 1257 socii
851 1215 929 1256 sibi
951 1214 1201 1256 consulant?
1229 1214 1262 1255 si
1284 1223 1412 1263 metu,
1432 1213 1551 1254 nobis
1569 1227 1739 1268 quoque

345 1275 562 1330 ‘ignoscat
583 1274 839 1315 timentibus.
906 1272 950 1314 Si
971 1273 1105 1314 victus
1130 1272 1254 1313 armis
1276 1272 1411 1321 cessit,
1436 1271 1599 1312 Achaei
1628 1285 1742 1310 arma

344 1337 355 1355 ‘
374 1333 568 1374 Romana
597 1331 908 1381 sustinebimus,
938 1330 1216 1380 Cleomedon,
1244 1345 1351 1386 quae
1380 1344 1452 1370 vos
1481 1327 1741 1370 Macedones

345 1395 356 1413 ‘
371 1406 459 1432 non
480 1390 763 1431 sustinuistis?
810 1389 883 1431 An
906 1389 980 1430 tibi
1002 1388 1143 1445 potius
1164 1388 1395 1437 credamus,
1416 1387 1631 1428 Romanos
1653 1401 1741 1427 non

344 1448 599 1489 ‘maioribus
631 1448 762 1504 copiis
791 1462 871 1488 nec
903 1447 1061 1488 viribus
1091 1462 1205 1487 nunc
1238 1446 1395 1487 bellum
1428 1460 1585 1501 gerere,
1613 1459 1740 1500 quam

344 1510 355 1528 ‘
372 1516 496 1548 antea
510 1506 726 1561 gesserint,
744 1505 884 1561 potius
900 1520 1025 1560 quam
1044 1520 1109 1545 res
1125 1505 1233 1561 ipsas
1249 1504 1519 1545 intueamur?
1565 1501 1740 1544 Aetolos
1754 1508 1773 1537 8

345 1568 356 1586 ‘
374 1574 462 1605 tum
494 1564 623 1605 classe
649 1563 927 1605 adiuverunt:
962 1578 1040 1604 nec
1070 1562 1177 1603 duce
1207 1561 1426 1611 consulari,
1450 1576 1528 1601 nec
1550 1559 1772 1601 exercitu9

344 1626 356 1645 ‘
371 1621 528 1663 bellum
549 1629 790 1677 gesserunt:
822 1621 1029 1662 sociorum
1046 1620 1235 1677 Philippi
1252 1619 1482 1660 maritimae
1506 1627 1596 1659 tum
1617 1618 1740 1658 urbes

345 1679 417 1720 ‘in
439 1688 593 1721 terrore
623 1695 670 1720 ac
700 1678 884 1720 tumultu
913 1688 1057 1719 erant:
1092 1678 1399 1719 mediterranea
1429 1676 1534 1717 adeo
1566 1684 1657 1717 tuta
1688 1675 1739 1716 ab

345 1742 356 1760 ‘
374 1737 578 1778 Romanis
599 1737 724 1778 armis
744 1737 928 1785 fuerunt,
946 1745 993 1777 ut
1009 1736 1232 1792 Philippus
1247 1735 1436 1784 Aetolos,
1454 1734 1739 1790 nequicquam

345 1801 498 1851 ‘opem
539 1795 830 1836 Romanorum
871 1794 1155 1850 implorantes,
1193 1793 1530 1849 depopularetur.
1609 1790 1739 1832 Nunc

344 1858 355 1876 ‘
371 1862 512 1894 autem
533 1852 723 1894 defuncti
750 1852 860 1894 bello
882 1852 1046 1893 Punico
1070 1851 1265 1901 Romani,
1289 1850 1404 1907 quod
1428 1865 1504 1906 per
1524 1848 1739 1890 sexdecim

343 1916 502 1952 ‘annos
528 1910 644 1951 velut
672 1910 782 1952 intra
808 1910 968 1951 viscera
997 1909 1143 1951 Italiae
1177 1909 1472 1958 toleraverunt,
1505 1922 1591 1948 non
1619 1922 1739 1963 prae-

343 1969 524 2010 ‘sidium
549 1967 712 2010 Aetolis
742 1967 994 2010 bellantibus
1023 1967 1240 2017 miserunt,
1270 1966 1344 2008 sed
1374 1966 1453 2022 ipsi
1481 1965 1609 2006 duces
1640 1963 1739 2006 belli

344 2032 355 2050 ‘
371 2042 486 2068 arma
501 2035 611 2067 terra
627 2026 815 2082 marique
834 2025 956 2067 simul
975 2025 1254 2067 Macedoniae
1276 2024 1522 2065 intulerunt.
1568 2022 1739 2064 Tertius

343 2084 454 2126 ‘iam
490 2084 636 2125 consul
671 2099 834 2125 summa
863 2084 905 2125 vi
940 2084 1048 2140 gerit
1083 2083 1253 2125 bellum.
1319 2081 1543 2138 Sulpicius,
1575 2081 1619 2122 in
1650 2080 1740 2136 ipsa

344 2142 629 2184 ‘Macedonia
661 2157 918 2199 congressus,
952 2141 1062 2182 fudit
1091 2141 1335 2197 fugavitque
1367 2155 1533 2196 regem3
1576 2146 1738 2195 partem

344 2200 730 2256 ‘opulentissimam
759 2200 879 2256 regni
907 2199 997 2241 eius
1025 2198 1330 2255 depopulatus:
1365 2213 1478 2239 nunc
1511 2196 1738 2245 Quinctius

343 2262 353 2280 ‘
372 2267 588 2300 tenentem
617 2258 796 2299 claustra
818 2257 951 2313 Epiri,
975 2266 1124 2298 natura
1150 2256 1243 2306 loci,
1267 2255 1553 2304 munimentis,
1577 2253 1737 2295 exerci-

343 2320 502 2371 ‘tuque
540 2315 706 2365 fretum,
741 2316 883 2356 castris
923 2314 1066 2355 exuit:
1115 2314 1348 2370 fugientem
1391 2313 1435 2353 il]
1477 2311 1737 2353 Thessaliam

343 2378 626 2429 ‘persecutus,
649 2373 857 2429 praesidia
886 2372 1001 2428 regia
1031 2372 1246 2427 sociasque
1272 2371 1363 2411 eius
1388 2371 1510 2411 urbes
1538 2384 1667 2425 prope
1694 2369 1738 2409 in

343 2435 597 2486 ‘conspectu
634 2430 744 2486 regis
778 2430 907 2486 ipsius
938 2429 1207 2485 expugnavit.
1273 2427 1341 2469 Ne
1375 2428 1459 2468 sint
1490 2442 1598 2476 vera,
1630 2441 1737 2482 quae

343 2493 355 2511 ‘
373 2487 657 2528 Athenienses
686 2488 812 2529 modo
840 2487 967 2544 legati
988 2487 1040 2528 de
1070 2486 1332 2536 crudelitate,
1356 2485 1539 2534 avaritia,
1562 2484 1738 2525 libidine

342 2545 480 2600 ‘regis
513 2545 738 2586 dixerunt:
784 2545 891 2586 nihil
925 2545 977 2586 ad
1011 2559 1086 2586 nos
1119 2544 1370 2600 pertineant,
1405 2558 1512 2599 quae
1547 2542 1591 2583 in
1630 2552 1739 2583 terra

342 2608 354 2626 ‘
372 2602 517 2643 Attica
547 2602 703 2643 scelera
732 2603 775 2643 in
804 2617 975 2659 superos
1006 2602 1244 2658 inferosque
1273 2601 1374 2642 deos
1401 2609 1499 2642 sunt
1530 2599 1734 2641 admissa:

383 2744 401 2774 8
426 2744 542 2773 Potius
565 2754 661 2783 quam
684 2754 734 2774 res
757 2744 861 2782 ipsas]
891 2743 1015 2773 Vocem
1062 2743 1256 2779 consulares,
1273 2743 1327 2773 scd
1345 2742 1492 2773 consules
1513 2742 1612 2771 duces
1635 2743 1738 2780 poste-

337 2787 457 2826 potius,
480 2786 654 2816 interiectis
678 2785 824 2825 pluribus
846 2786 948 2816 verbis
972 2796 1015 2816 re·
1062 2785 1126 2815 rius
1147 2786 1207 2815 hoc
1229 2785 1350 2815 bellum
1376 2785 1529 2815 adversus
1546 2783 1738 2822 Philippum

341 2828 488 2869 petitam,
507 2828 658 2858 orationis
675 2828 897 2868 perspicuitati
920 2828 1016 2859 inser-
1061 2828 1226 2867 gesserint,
1237 2827 1419 2859 Crevierius
1429 2827 1566 2857 coniecit
1576 2837 1633 2857 nec
1646 2827 1737 2862 duce,

342 2871 405 2902 vire
421 2874 532 2902 monet
548 2870 686 2903 Crevier.
1060 2882 1117 2902 nec
1133 2872 1276 2902 averoim
1292 2872 1466 2908 consulari,
1482 2870 1528 2900 ita
1540 2873 1575 2900 ut
1588 2879 1627 2900 cx
1643 2877 1737 2899 sensu

381 2924 401 2955 9
425 2916 493 2945 Nec
509 2915 587 2945 dure
603 2915 782 2952 consulari]
821 2914 932 2949 Quum
951 2924 1014 2945 non
1060 2914 1090 2944 in
1110 2913 1213 2953 prim-0
1230 2914 1374 2944 membro
1390 2913 1579 2953 suppleatur
1593 2911 1730 2943 consule.
