1960 3271
633 155 759 198 LIB.
793 154 968 196 XXXI.
1016 154 1163 196 CAP.
1197 158 1235 195 2.
1576 157 1602 195 3

176 244 304 311 {ante
329 248 461 299 annis,
483 247 665 290 triennio
690 247 804 304 prius
832 246 1071 303 depositum
1099 254 1200 295 erat,
1223 260 1355 301 quum
1387 244 1533 287 Aetoli
1560 255 1603 288 et

208 307 306 349 belli
327 315 370 349 et
390 306 503 364 pacis
523 306 699 347 fuissent
719 320 879 346 causae.
942 303 1109 345 Vacuos
1137 303 1292 344 deinde
1314 318 1416 359 pace
1437 303 1602 345 Punica

207 366 290 407 iam
322 365 536 406 Romanos
567 372 609 406 et
636 363 818 404 infensos
844 361 1056 418 Philippo,
1083 376 1215 417 quum
1243 362 1296 402 ob
1325 361 1499 402 infidam
1528 361 1601 403 ad-

205 438 347 465 versus
364 422 538 464 Aetolos
555 421 738 478 aliosque
761 421 943 477 regionis
964 419 1152 461 eiusdem
1173 419 1305 460 socios
1326 434 1486 476 pacem,
1511 427 1601 460 tum

206 482 260 523 ob
281 481 436 522 auxilia
456 495 552 521 cum
580 479 760 536 pecunia
780 494 915 535 nuper
941 479 986 519 in
1008 477 1195 520 Africam
1224 477 1348 519 missa
1370 477 1602 518 Hannibali

206 539 458 595 Poenisque,
484 553 628 595 preces
657 537 997 586 Atheniensium,
1027 551 1132 593 quos
1162 551 1261 592 agro
1290 543 1525 592 pervastato
1556 535 1601 576 in

206 597 353 638 urbem
389 596 658 653 compulerat,
690 596 979 637 excitaverunt
1013 594 1067 636 ad
1101 593 1391 635 renovandum
1428 593 1597 634 bellum.

209 654 296 696 Sub
318 655 432 696 idem
452 654 537 695 fere
566 663 731 710 tempus
752 663 794 695 et
815 654 865 694 ab
888 652 1034 694 Attalo
1062 667 1173 708 rege,
1197 660 1239 693 et
1271 651 1451 692 Rhodiis
1473 651 1600 707 legati

205 721 425 763 venerunt,
466 712 722 762 nuntiantes,
766 711 892 753 Asiae
934 726 1103 767 quoque
1145 710 1333 751 civitates
1373 709 1597 751 sollicitari.

208 770 290 811 His
309 770 587 827 legationibus
607 785 852 826 responsum
874 778 948 819 est,
967 784 1090 810 curae
1109 768 1311 809 Asianam
1332 782 1421 809 rem
1438 767 1601 809 senatui

205 828 305 870 fore.
370 828 634 870 Consultatio
651 828 704 869 de
722 827 1002 869 Macedonico
1018 826 1128 868 bello
1145 827 1309 883 integra
1325 825 1378 867 ad
1395 825 1599 875 consules,

173 872 278 943 (ffqui
303 896 403 928 tunc
416 887 460 927 in
481 886 706 943 provinciis
722 895 852 936 erant,
875 885 1031 927 reiecta
1050 893 1123 926 est.
1186 884 1363 925 Interim
1384 883 1438 925 ad
1459 883 1602 925 Ptole-

206 959 372 985 maeum
395 944 582 1002 Aegypti
603 959 745 1001 regem
766 944 892 1001 legati
913 952 995 985 tres
1017 943 1143 992 missi,
1169 942 1219 984 C.
1242 941 1447 984 Claudius
1469 941 1600 992 Nero,

177 1002 270 1043 2Μ.
296 1002 504 1044 Aemilius
545 1002 747 1059 Lepidus,
781 1002 828 1043 P.
856 1001 1128 1058 Sempronius
1166 1000 1431 1042 Tuditanus:
1476 1009 1523 1041 ut
1559 1009 1602 1041 et

176 1061 507 1101 3annuntiarent
541 1060 699 1102 victum
742 1059 1026 1101 Hannibalem
1067 1059 1331 1114 Poenosque,
1369 1068 1412 1099 et
1450 1058 1602 1114 gratias

175 1112 380 1183 {agerent
414 1118 516 1174 regi,
549 1118 664 1175 quod
694 1119 738 1159 in
768 1118 891 1159 rebus
921 1117 1072 1167 dubiis,
1104 1132 1237 1172 quum
1269 1116 1440 1157 finitimi
1475 1116 1603 1157 etiam

207 1176 308 1217 socii
337 1175 551 1217 Romanos
578 1176 831 1225 desererent,
860 1176 904 1216 in
932 1175 1016 1216 fide
1048 1175 1291 1224 mansisset3
1325 1182 1368 1215 et
1394 1181 1601 1230 peterent,

208 1243 267 1283 ut,
284 1234 318 1274 si
335 1234 467 1275 coacti
484 1234 646 1275 iniuriis
660 1234 817 1275 bellum
834 1233 1031 1275 adversus
1047 1232 1292 1289 Philippum
1310 1232 1601 1288 suscepissent,

207 1291 430 1347 pristinum
452 1292 639 1332 animum
657 1307 755 1348 erga
775 1291 980 1348 populum
1004 1290 1246 1331 Romanum
1268 1299 1542 1331 conservaret.

266 1348 429 1390 Eodem
461 1349 546 1391 fere
576 1363 762 1406 tempore
792 1350 839 1391 P.
861 1349 1009 1391 Aelius
1038 1347 1184 1390 consul
1213 1348 1255 1388 in
1288 1347 1440 1397 Gallia,
1470 1363 1604 1404 quum

206 1407 389 1448 audisset
412 1423 435 1448 a
461 1407 576 1449 Boiis
597 1418 693 1449 ante
724 1423 845 1449 suum
874 1407 1101 1448 adventum
1128 1405 1387 1448 incursiones
1415 1406 1460 1447 in
1484 1421 1604 1462 agros

207 1465 414 1506 sociorum
442 1465 581 1516 factas,
605 1466 767 1507 duabus
795 1466 1030 1522 legionibus
1057 1464 1266 1506 subitariis
1287 1463 1493 1505 tumultus
1514 1464 1604 1505 eius

206 1538 330 1565 causa
369 1523 543 1580 scriptis,
579 1523 816 1580 additisque
858 1524 909 1565 ad
944 1539 1013 1565 eas
1045 1531 1245 1579 quattuor
1276 1522 1517 1563 cohortibus
1550 1521 1603 1563 de

927 1662 1025 1691 quem
1052 1651 1149 1682 frater
1176 1651 1385 1682 Ptolemaeus
1413 1650 1607 1690 Philopator

927 1694 1137 1734 quadriennio
1160 1698 1236 1725 ante
1259 1698 1405 1724 mortuus
1422 1694 1465 1725 U.
1476 1695 1515 1726 C.
1533 1696 1604 1734 548.

207 1653 332 1692 lippum
347 1653 451 1683 decem
460 1653 567 1692 ferme
582 1656 659 1683 ante
675 1653 787 1690 annis]
816 1652 883 1682 Hic

208 1694 335 1725 initium
366 1695 455 1725 ducit
486 1695 581 1725 huius
605 1695 683 1726 belli
707 1695 818 1726 Livius
841 1696 882 1726 ab

208 1738 287 1768 inita
303 1748 375 1768 cum
390 1738 514 1768 Aetolis
529 1738 693 1776 societate,
708 1739 796 1770 U.C.
810 1746 881 1777 541.

207 1781 248 1811 de
265 1791 327 1820 qua
344 1780 406 1811 vid.
423 1792 508 1821 supr.
524 1781 611 1812 xxvi.
630 1792 679 1820 24.
720 1782 764 1812 At
781 1782 882 1812 tribus

206 1828 282 1854 ante
305 1823 397 1854 annis
419 1828 544 1854 motum
568 1825 683 1862 fuerat,
700 1828 736 1855 111
757 1828 882 1855 constat

207 1876 292 1906 supr.
309 1866 395 1897 xxiv.
413 1877 462 1906 40.
488 1868 594 1899 Cassv.

253 1918 269 1949 7
296 1911 447 1941 Triennio
468 1911 580 1950 prins]
614 1921 656 1941 sc.
680 1911 790 1946 Quam
819 1921 883 1950 pax

207 1962 280 1983 curn
299 1953 619 1993 Carthaginiensibus
634 1954 721 1984 facta
737 1957 794 1984 est.

250 1997 269 2026 8
286 1997 391 2033 Quum
408 1998 514 2027 Aetoli
531 2021 537 2027 .
550 2020 557 2026 .
570 2020 577 2026 .
594 1998 665 2027 belli
682 2021 689 2028 .
701 2021 708 2028 .
721 1998 883 2036 ,fuissent

207 2040 341 2076 causae]
384 2039 507 2070 Initum
527 2039 681 2079 Philippo
699 2050 771 2070 cum
791 2040 882 2069 Han-

208 2081 315 2111 nibale
348 2082 471 2119 foedus,
502 2083 541 2112 de
572 2093 635 2121 quo
666 2082 727 2122 egit
761 2082 882 2119 Livius,

208 2123 296 2154 xxiii.
324 2133 373 2162 33.
402 2124 506 2164 coegit
534 2125 700 2155 Romanos
727 2126 766 2155 dc
796 2125 882 2155 bello

208 2167 444 2198 Macedonibus
454 2168 619 2197 inferendo
631 2167 785 2207 cogitare:
807 2178 883 2197 mox

209 2209 305 2249 legati
328 2212 368 2240 ab
392 2210 487 2241 Orico
510 2211 696 2241 nuntiantes
719 2221 808 2241 suam
833 2221 882 2240 ur-

208 2253 280 2282 bem
312 2258 440 2293 captam
468 2264 546 2287 esse.
574 2253 783 2292 Apolloniam
813 2257 881 2284 ten-

208 2295 280 2333 tari,
317 2296 515 2335 impulerunt
555 2297 745 2333 Laevinum,
776 2300 812 2326 ut
849 2296 881 2326 111

208 2338 378 2369 Graeciam
393 2339 561 2370 traiiceret.
596 2340 657 2369 Sed
675 2339 801 2379 segnius
817 2340 881 2369 bel-

209 2381 275 2411 lum
294 2386 417 2421 gestum
436 2386 493 2417 est,
510 2383 612 2412 donec
636 2382 715 2412 inita
737 2386 783 2412 est
808 2393 881 2412 011111

209 2424 334 2454 Aetolis
371 2425 513 2455 societas
571 2425 671 2455 Iidem
706 2425 813 2455 Aetoli
850 2428 882 2455 01

209 2467 297 2505 pacis
319 2478 414 2498 eausa
436 2470 574 2505 fuerant,
590 2468 676 2506 quia,
697 2468 883 2498 absentibus

210 2510 378 2545 Romanis..
392 2521 503 2549 pacem
523 2521 578 2550 per
593 2522 626 2540 se
642 2511 701 2549 ipsi
718 2522 791 2541 011111
807 2510 881 2541 Phi-

210 2552 299 2591 lippo
312 2553 515 2593 pepigerant:
539 2554 624 2583 1111110
637 2554 794 2584 Romanis
806 2564 881 2593 quo-

210 2595 382 2626 dammodo
399 2607 528 2626 neeesse
544 2596 605 2626 fuit
620 2597 660 2626 ad
679 2607 790 2636 pacem
805 2607 882 2636 quo—

211 2647 272 2675 que
285 2639 408 2669 animos
421 2639 583 2669 inclinare.
614 2640 782 2679 Vid.supr.
793 2639 882 2671 xxiX.

217 2689 261 2710 12.
286 2682 390 2712 CuEv.

253 2732 272 2762 9
301 2725 363 2760 Qui
393 2729 469 2755 tunc
500 2726 535 2754 in
564 2726 739 2764 provinciis
768 2726 878 2762 erant]

212 2765 378 2803 Optimam
407 2767 490 2798 hanc
517 2767 659 2798 Rubenii
684 2768 880 2798 emendatio-

211 2818 282 2837 nem
313 2818 369 2847 pro
399 2810 481 2849 vulg.
511 2812 566 2850 qui
594 2816 671 2841 lunc
697 2812 732 2841 7'11.
761 2812 882 2850 proelio

209 2860 280 2880 cum
304 2852 392 2881 Boiis
414 2857 506 2882 erant
528 2853 667 2884 Crevier.
690 2858 720 2884 01
743 2853 882 2884 Bekker.

210 2894 358 2932 probant.

262 2946 271 2966 1
304 2938 538 2975 Ptolemaeum]
588 2950 629 2969 se.
663 2938 883 2978 Epiphaneam

927 1738 1133 1777 quadrimum
1149 1737 1332 1776 reliquerat.

971 1791 987 1811 2
1004 1782 1055 1811 M.
1068 1782 1228 1811 Aemilius
1243 1781 1401 1820 Lepidus]
1422 1779 1488 1810 Hic
1506 1780 1603 1811 etiam

926 1827 1014 1854 tutor
1030 1823 1211 1854 Ptolemaei
1229 1823 1412 1863 Epiphanis
1427 1823 1500 1860 fuit,
1516 1824 1604 1854 testi-

926 1868 986 1897 bus
1010 1867 1134 1897 Iustino
1155 1877 1231 1898 xxx.
1252 1870 1284 1897 et
1306 1867 1381 1897 Val.
1406 1867 1497 1897 Max.
1516 1867 1555 1897 vi.
1573 1866 1602 1899 6.

929 1910 969 1941 Id
999 1913 1108 1940 tamen
1139 1910 1374 1940 observandum
1401 1909 1433 1939 in
1457 1909 1603 1948 Valerio,

927 1952 1021 1983 illum
1048 1953 1128 1983 falso
1155 1952 1326 1983 credidisse
1352 1952 1513 1992 Lepidum
1542 1953 1603 1983 hoc

925 2005 1059 2026 munere
1072 1997 1218 2026 functum
1233 2006 1311 2033 esse,
1324 2006 1423 2035 quum
1437 1995 1500 2025 iam
1518 2006 1603 2026 sum-

925 2049 998 2069 mus
1021 2043 1104 2069 esset
1128 2039 1287 2078 pontifex,
1303 2043 1334 2069 et
1355 2038 1403 2069 bis
1422 2039 1533 2068 consul
1555 2039 1602 2069 fu-

926 2082 1012 2119 isset,
1034 2082 1087 2121 qui
1110 2082 1235 2112 iuvenis
1257 2080 1446 2118 admodum,
1463 2081 1534 2113 infr.
1554 2083 1602 2112 18.

927 2124 1011 2154 hanc
1027 2125 1163 2155 tutelam
1180 2124 1285 2164 gessit.
1310 2125 1416 2155 Cussv.

967 2177 984 2206 3
997 2169 1129 2197 Gratias
1141 2172 1273 2206 asserent
1285 2168 1369 2206 γεμί]
1382 2167 1475 2197 Haec
1487 2167 1601 2206 gratia-

927 2220 997 2240 rum
1014 2210 1098 2240 actio
1114 2220 1177 2240 non
1199 2211 1239 2240 ad
1257 2220 1362 2249 regem
1382 2220 1529 2249 puerum,
1546 2211 1601 2240 sed

925 2253 965 2283 ad
984 2258 1107 2292 patrem
1125 2253 1193 2283 eius
1214 2253 1381 2283 referenda
1396 2255 1453 2284 est.
1492 2252 1600 2283 Aliam

926 2295 1020 2326 huius
1036 2296 1204 2333 legationis
1219 2306 1349 2326 causam
1373 2297 1465 2326 affert
1483 2296 1599 2335 Polyb.

927 2339 989 2369 xvi.
1011 2349 1057 2380 19.
1075 2343 1106 2369 01
1128 2339 1239 2379 Legat.
1260 2349 1288 2377 4.
1313 2349 1441 2378 nempe,
1464 2342 1499 2368 ut
1525 2339 1600 2368 Pto-

928 2382 1051 2412 lemaeo
1072 2382 1205 2412 liberam
1222 2384 1254 2411 et
1270 2392 1413 2412 securam
1438 2383 1478 2412 ab
1501 2381 1600 2412 avidi-

925 2428 992 2454 tate
1014 2435 1123 2464 regum
1141 2424 1293 2456 Antiochi
1310 2427 1341 2454 01
1360 2424 1505 2464 Philippi
1529 2424 1600 2455 infr.

930 2478 976 2506 14.
1003 2467 1231 2507 possessionem
1259 2468 1400 2507 Aegypti
1427 2471 1601 2503 servarent,

927 2521 1106 2549 pacemque
1149 2510 1231 2540 inter
1268 2522 1322 2540 eos
1359 2515 1599 2550 componerent.

929 2554 1020 2583 Idem
1036 2557 1172 2583 testatur
1190 2553 1334 2583 Iustinus
1349 2564 1426 2584 xxx.

969 2608 987 2635 4
1013 2598 1104 2634 Quod
1125 2598 1160 2626 in
1181 2597 1275 2627 ‘rebus
1294 2598 1415 2635 dubiis]
1445 2596 1600 2636 Polybius

928 2639 1038 2677 Legat.
1061 2649 1088 2670 2.
1111 2640 1205 2669 docet
1230 2640 1396 2669 Romanos
1419 2639 1451 2669 in
1475 2650 1601 2669 summa

925 2682 1077 2712 frumenti
1109 2682 1228 2721 inopia.
1252 2686 1324 2721 post
1359 2692 1535 2718 aceessum,
1565 2686 1600 2712 ut

928 2725 1063 2760 videtur,
1092 2725 1288 2755 Hannibalis
1314 2726 1354 2755 1111
1383 2727 1505 2760 urbem,
1529 2726 1599 2755 sub-

926 2767 1040 2797 sidium
1059 2779 1078 2797 a
1097 2768 1284 2798 Ptolemaeo
1298 2768 1519 2807 Philopatore,
1532 2773 1599 2798 11111-

926 2821 1022 2849 quam
1050 2812 1090 2841 ab
1117 2811 1202 2840 socio
1226 2822 1310 2849 rege,
1332 2811 1469 2850 petiisse.
1494 2813 1600 2842 Curtv.

928 2854 966 2884 cf.
984 2864 1069 2892 supr.
1088 2853 1184 2884 xxvii.
1204 2866 1232 2892 4.

972 2904 988 2935 5
1010 2898 1156 2927 Finilimi
1172 2899 1266 2927 etiam
1282 2897 1374 2934 ssu-ii]
1397 2896 1491 2936 Supr.
1504 2896 1601 2926 xxvii.

928 2950 956 2978 1).

1303 2995 1326 3021 ss
1349 2985 1372 3021 :2

1617 255 1661 288 U.
1679 255 1718 287 C.
1740 263 1813 295 551.

1615 298 1655 330 A.
1679 298 1717 330 C.
1741 307 1812 329 201.

1691 654 1716 691 2

1615 682 1779 744 Querelae

1614 753 1654 782 de
1672 752 1797 792 Philip-

1614 805 1666 835 po.

1615 890 1729 931 Legati
1745 889 1780 921 in

1614 934 1812 974 Aegyptum.
