1960 3218
573 155 700 196 LIB.
734 154 1000 196 XXXVIII.
1045 155 1192 196 CAP.
1228 158 1265 197 6.
1538 161 1620 200 325

187 244 336 287 6aditu
360 260 384 286 a
408 260 556 301 campo
584 245 781 286 adversus
806 244 1056 301 Pyrrheum,
1079 245 1194 300 quod
1217 254 1379 296 vocant,
1402 246 1615 298 admovit3
1634 260 1677 292 U.
1695 262 1733 292 C.
1756 262 1828 302 565-

188 314 204 346 7
219 318 350 343 unum
372 318 394 344 e
416 303 587 359 regione
610 302 877 359 Aesculapii3
909 317 1042 343 unum
1063 302 1260 343 adversus
1281 319 1430 345 ar.eem
1492 305 1615 347 Arie-
1630 305 1669 334 A.
1694 305 1731 335 C.
1758 307 1828 345 ΙΝ)

217 360 327 401 tibus
355 375 495 401 muros
516 360 743 425 quatiebat,
767 360 970 401 asseribus
993 359 1153 401 falcatis
1174 360 1420 416 detergebat
1447 362 1609 418 pinnas.
1625 346 1704 421 81³1)
1708 357 1804 387 ⁰⁰¹¹*

218 417 465 474 Oppidanos
486 419 621 483 piimo
643 426 685 459 et
705 418 759 458 ad
780 417 963 474 speciem
985 426 1028 458 et
1053 417 1106 458 ad
1132 417 1240 458 ictus
1261 419 1491 469 moenium,
1514 436 1612 462 cum

215 475 389 516 te1r1b1h
414 476 554 516 sonitu
580 475 728 525 editos,
751 490 880 531 pavor
906 490 954 516 ac
983 475 1206 531 trepidatio
1235 476 1359 531 cepit.
1424 477 1610 529 Deinde,

213 541 259 574 ut
301 542 466 598 piaeter
507 548 625 589 spem
667 542 774 574 stare
818 548 959 574 muros
994 533 1203 582 viderunt,
1242 533 1428 575 collectis
1471 550 1611 577 r'uisus

179 591 373 639 Sanimis‚
420 591 464 631 in
511 591 659 632 arietes
707 590 988 632 tollenonibus
1034 590 1284 632 libramenta
1328 591 1491 647 plumbi
1538 603 1610 634 aut

178 662 404 696 qsaxorum
445 648 658 704 stipitesve
699 649 890 689 robustos
932 648 1221 697 incutiebant3
1269 648 1408 698 falces,
1446 651 1609 692 ancoris

207 705 350 747 ferreis
386 706 551 747 iniectis
586 706 632 747 in
672 706 915 747 interiorem
950 714 1112 761 partem
1151 705 1260 746 muri
1297 706 1510 748 trahentes
1545 724 1610 749 as-

207 778 355 813 serem,
388 763 753 820 praefringebant:
788 763 841 804 ad
874 763 953 804 hoc
982 763 1285 819 eruptionibus,
1316 773 1358 805 et
1391 766 1607 807 nocturnis

206 820 249 861 in
272 821 482 862 custodias
504 837 692 878 operum,
715 830 758 862 et
779 821 941 862 diurnis
966 821 1009 862 in
1035 821 1249 871 stationes,
1273 821 1382 863 ultro
1405 830 1605 865 terrorem

205 878 451 920 inferebant.

262 936 315 978 In
337 937 416 978 hoc
438 946 547 979 statu
570 953 633 979 res
655 938 708 979 ad
731 937 1002 980 Ambraciam
1025 953 1155 994 quum
1178 948 1330 988 essent,
1353 938 1436 980 iam
1459 939 1603 981 Aetoli

203 1010 228 1035 a
259 995 530 1051 populatione
567 996 832 1037 Acarnaniae
873 995 1057 1037 Stratum
1092 996 1315 1038 redierant.
1379 996 1487 1038 Inde
1523 997 1604 1038 Ni-

203 1053 359 1094 cander
391 1062 569 1110 praetor,
606 1069 723 1110 spem
757 1062 904 1095 nactus
937 1053 1162 1094 solvendae
1197 1054 1378 1110 incepto.
1398 1054 1495 1095 forti
1529 1056 1603 1096 ob-

201 1110 386 1160 sidionis,
431 1111 715 1152 Nicodamum
758 1111 972 1167 quendam
1013 1126 1109 1152 cum
1151 1111 1316 1152 Aetolis
1357 1111 1602 1167 quingentis

201 1168 472 1210 Ambraciam
501 1169 768 1210 intromittit:
802 1178 970 1210 noctem
1002 1177 1157 1209 certam
1190 1178 1440 1225 tempusque
1473 1170 1600 1211 etiam

199 1226 334 1267 noctis
367 1227 598 1276 constituit,
622 1242 706 1282 quo
735 1235 778 1268 et
808 1226 868 1267 illi
900 1226 950 1267 ab
983 1226 1085 1267 iube
1117 1242 1244 1282 opeia
1270 1226 1467 1276 hostium,
1492 1243 1599 1283 quae

199 1283 395 1325 adversus
423 1284 660 1340 Pyrrheum
690 1292 822 1333 erant,
846 1284 1187 1339 aggiederentui,
1211 1293 1253 1325 et
1278 1284 1373 1349 ipse
1392 1284 1445 1325 ad
1467 1295 1601 1327 castia

200 1340 394 1383 Romana
430 1351 630 1383 terioiem
663 1341 844 1391 faceret3
887 1356 1006 1397 posse
1044 1350 1171 1390 ratus,
1202 1341 1376 1397 ancipiti
1412 1343 1599 1384 tumultu

197 1408 239 1439 et
275 1408 398 1441 nocte
435 1408 616 1455 augente
652 1415 862 1456 pavorem,
900 1399 1216 1440 memorabilem
1251 1414 1340 1439 rein
1376 1400 1476 1455 geri.
1542 1400 1598 1442 Et

197 1455 459 1498 Nicodamus
491 1458 743 1514 intempesta
773 1465 911 1506 nocte,
937 1472 1086 1521 quum·
1107 1457 1207 1498 alias
1238 1457 1448 1498 custodias
1479 1457 1597 1499 fefel-

167 1538 178 1559 1
195 1513 321 1562 iisset,
339 1530 415 1571 per
436 1515 534 1556 alias
556 1516 718 1571 impetu
739 1514 947 1557 constanti
969 1514 1186 1570 erupisset,
1209 1523 1404 1570 supelato
1425 1515 1595 1557 brachio

194 1571 237 1612 in
258 1573 402 1614 urbem
419 1582 634 1629 penetrat3
659 1573 903 1628 animique
891 1572 1154 1628 aliquantum
1172 1573 1224 1613 ad
1241 1573 1382 1613 omnia
1399 1572 1595 1615 audenda

194 1639 236 1670 et
264 1631 352 1686 spei
381 1631 555 1672 obsessis
583 1630 763 1679 adiecit3
796 1640 854 1680 et,
874 1630 999 1671 simul
1027 1630 1254 1671 constituta
1281 1645 1366 1670 nox
1388 1631 1516 1680 venit,
1539 1646 1593 1672 ex

193 1688 425 1743 composito
467 1698 641 1744 repente
683 1703 810 1744 opera
854 1698 917 1729 est
962 1703 1189 1744 aggressus.
1272 1686 1324 1728 Id
1374 1687 1591 1752 inceptum

192 1755 358 1795 conatu,
382 1762 509 1802 quam
536 1747 703 1795 effectu,
725 1746 892 1802 gravius
918 1745 1009 1795 fuit,
1032 1745 1132 1801 quia
1159 1745 1275 1786 nulla
1302 1745 1353 1785 ab
1383 1745 1590 1787 exteriore

191 1813 308 1858 parte
339 1804 400 1844 vis
431 1804 600 1845 admota
632 1812 720 1852 est3
753 1819 828 1844 seu
860 1812 976 1844 metu
1009 1803 1210 1844 deterrito
1242 1811 1433 1858 praetore
1458 1803 1591 1844 Aeto-

191 1860 339 1911 lorum,
362 1877 435 1903 seu
457 1862 557 1918 quia
584 1862 724 1918 potius
745 1862 880 1902 visum
909 1869 984 1910 est,
1009 1860 1304 1917 Amphilochis
1333 1875 1458 1925 opem
1482 1860 1589 1902 ferre

190 1933 327 1974 nuper
361 1920 565 1976 receptis3
611 1934 717 1975 quos
752 1919 930 1960 Perseus
966 1918 1154 1974 Philippi
1190 1918 1313 1967 filius,
1351 1918 1500 1959 missus
1535 1919 1590 1959 ad

191 1975 418 2032 Dolopiam
460 1977 852 2041 Amphilochosque
903 1976 1180 2032 recipiendos,
1225 1990 1387 2016 summa
1428 1976 1468 2016 vi
1514 1991 1589 2031 op·-

189 2035 416 2089 pqunabat
478 2035 634 2075 'Iribus
669 2034 782 2084 locis,
820 2034 927 2075 sicut
962 2042 1059 2074 ante
1094 2033 1255 2074 dictum
1289 2042 1362 2081 est,
1395 2033 1449 2073 ad
1464 2033 1588 2101 Pyi-
1680 2036 1717 2075 6.

189 2091 339 2132 rheum
370 2107 496 2148 opera
527 2092 721 2132 Romana
751 2100 894 2132 erant:
929 2106 1037 2146 quae
1069 2090 1210 2131 omnia
1240 2090 1376 2139 simul,
1403 2090 1477 2131 sed
1509 2106 1587 2132 nec
1601 2091 1756 2124 Aetolic-

189 2158 404 2204 apparatu,
442 2165 519 2190 nec
558 2149 597 2189 vi
635 2149 772 2198 simili,
806 2148 951 2189 Aetoli
982 2148 1163 2204 aggressi
1193 2155 1302 2188 sunt.
1366 2147 1455 2188 Alii
1490 2163 1586 2189 cum
1600 2141 1787 2214 {Effiffffptes

158 2206 434 2255 2ardentibus
472 2207 644 2256 ficibus,
683 2206 755 2247 alii
798 2215 993 2262 stuppam
1037 2205 1259 2261 picemque
1296 2213 1339 2247 et
1374 2204 1660 2250 malleolostur.

907 2319 1087 2349 durissimo.
1142 2319 1242 2358 Apud
1274 2318 1449 2358 Polybium
1482 2317 1587 2355 στύπη

188 2329 251 2358 que
274 2330 293 2350 a
315 2320 472 2351 Romanis
496 2331 593 2360 opera
618 2321 769 2350 adversus
786 2321 861 2350 Ani—

907 2360 1010 2401 δρύϊνα
1025 2362 1244 2401 appellantur.
1270 2362 1308 2392 cf.
1322 2361 1472 2400 Thucyd.
1489 2361 1520 2392 ii.
1537 2361 1586 2400 76.

189 2363 327 2393 bracium
345 2364 475 2393 admota
493 2363 620 2393 fuerint.
644 2364 751 2393 (Jiucv.

231 2404 249 2435 6
272 2407 473 2444 lfllsrrlwmn]
496 2406 557 2436 I'cr
574 2405 750 2445 Pyrrheum
768 2404 861 2434 intel-

188 2447 352 2487 ligendum
370 2453 416 2478 est
435 2450 481 2478 ve]
502 2448 711 2488 praecipuum
729 2448 861 2486 aliquod

186 2490 381 2527 aediticium,
395 2496 429 2521 ut
442 2492 601 2530 templum
619 2495 676 2520 aut
693 2491 860 2527 sacellum,

188 2533 236 2562 vel
256 2543 327 2571 pars
349 2533 434 2563 urbis
452 2534 653 2568 Amin-aciae,
671 2544 709 2563 ex
731 2533 862 2562 1101111116

188 2575 302 2613 Pyrrhi
331 2576 409 2615 regis
434 2576 523 2614 Epiri
550 2576 728 2615 appellata,
750 2576 803 2614 qui
829 2575 859 2604 in

187 2628 223 2646 611
246 2617 361 2655 regium
390 2618 510 2648 habuit.
537 2620 576 2649 cf.
598 2618 668 2648 infr.
692 2628 720 2658 9.
746 2618 860 2648 Strabo

189 2660 236 2689 vii.
257 2670 287 2698 p.
305 2669 375 2697 325.
402 2661 516 2691 Dum.

232 2711 246 2740 7
264 2704 469 2741 Aesculapii]
488 2705 732 2742 Aesculapium,
746 2707 780 2732 ut
794 2703 858 2733 fere

185 2746 356 2781 Dianium,
374 2746 588 2782 ,ilium-vium,
605 2746 644 2775 de
666 2746 790 2785 templo
810 2746 857 2775 vel

184 2788 303 2817 sacello
323 2787 505 2826 Aesculapii
524 2788 648 2818 dicitur.

227 2832 246 2859 ὅ
274 2829 512 2868 'l'ullenonilmsj
540 2831 578 2860 ef.
597 2830 689 2869 Supr.
707 2829 793 2860 xxiv,
808 2839 858 2868 34.

227 2882 246 2913 9
278 2874 448 2911 Slipilesve
492 2873 649 2910 robustos]
708 2873 860 2911 Intellige

185 2916 289 2946 trabes
308 2915 355 2945 rel
373 2920 502 2945 truncos
524 2926 540 2945 e
563 2915 673 2945 robore
690 2914 755 2945 sive
773 2914 858 2953 ligno

907 2403 1014 2434 δοκοὺς
1030 2403 1186 2442 μέγαλους
1203 2402 1408 2443 ἀρτήσαντες.

953 2457 964 2477 1
991 2448 1152 2486 snperato
1168 2447 1312 2484 brachio]
1338 2447 1498 2485 Superato
1516 2457 1583 2477 mu-

906 2489 1063 2525 nimento,
1082 2490 1168 2527 quod
1195 2489 1269 2518 bina
1291 2492 1395 2519 eastra
1416 2493 1447 2519 et
1470 2490 1584 2519 custel-

907 2532 974 2562 lum
993 2532 1076 2562 inter
1092 2542 1124 2562 se
1137 2531 1299 2571 iungebat.
1317 2532 1424 2563 Cium.
1442 2533 1480 2562 ef.
1495 2542 1582 2571 supr.

905 2574 947 2605 iv.
970 2585 1016 2605 10.

952 2627 965 2646 2
988 2617 1174 2654 Malleolos]
1196 2616 1347 2655 Duplieis
1361 2616 1486 2655 generis
1501 2618 1581 2647 mal-

904 2660 1005 2689 leolos
1029 2659 1195 2697 distinguit
1223 2659 1351 2698 Lipsius
1384 2659 1522 2690 Poliorc.
1553 2670 1579 2691 v.

904 2704 931 2740 ξ.
949 2711 980 2740 5.
1002 2703 1082 2732 alios
1103 2701 1267 2741 simplices
1291 2701 1392 2741 magis
1412 2712 1449 2732 ac
1475 2703 1580 2738 rudes,

903 2745 943 2775 de
981 2745 1097 2783 quibus
1133 2744 1178 2774 ita
1214 2743 1342 2773 Nonius
1377 2745 1576 2774 Marcellus:

903 2788 923 2802 “⁹
937 2787 1084 2817 Malleoli
1100 2790 1174 2816 sunt
1192 2785 1348 2825 manipuli
1363 2786 1493 2825 spartei,
1509 2786 1579 2825 pice

903 2829 1055 2866 contecti,
1083 2828 1137 2867 qui
1168 2828 1288 2858 incensi
1316 2832 1372 2858 aut
1399 2828 1431 2857 in
1461 2838 1578 2865 muros,

901 2875 958 2902 aut
970 2871 1002 2901 in
1015 2868 1194 2902 testudines
1206 2870 1399 2900 iaciuntur.”
1427 2870 1577 2900 Alterum

901 2924 1002 2954 genus
1025 2913 1126 2953 magis
1150 2913 1263 2944 efficax
1288 2916 1319 2943 et
1343 2911 1482 2942 militare
1500 2912 1577 2942 Am-
