1960 3218
165 839 211 870 U.
227 839 266 870 C.
290 845 361 878 555.

164 882 205 913 A.
230 882 268 913 C.
294 889 362 923 197.

165 924 343 960 Quinctius

166 967 198 996 in
218 967 321 997 Boeo-

168 1009 247 1040 tiam
263 1010 298 1041 it.

559 370 639 432 T.
701 368 980 432 LIVII
1045 367 1573 431 PATAVINI

674 530 721 582 L
751 531 777 583 Ι
808 530 857 582 Β
890 530 938 582 Ε
968 530 1019 582 R
1091 529 1420 583 ΧΧΧΙΙΝε

504 830 629 873 AEC
658 846 735 888 per
760 830 944 872 hiemem
972 839 1098 886 gesta.
1162 829 1290 871 Initio
1322 838 1463 871 autem
1492 829 1601 871 veris
1633 829 1796 895 Quin-1

523 890 642 939 etius,
668 888 813 930 Attalo
844 888 1023 929 Elatiam
1046 887 1198 937 excito,
1223 887 1478 929 Boeotorum
1499 898 1684 945 gentem,
1707 888 1772 928 in-

376 947 499 988 certis
520 947 573 987 ad
595 962 686 987 eam
709 946 821 987 diem
843 946 993 986 animis
1013 945 1301 994 fluctuantem,
1325 946 1495 986 ditionis
1516 961 1613 986 suae
1634 945 1771 986 facere

377 1004 563 1060 cupiens,
579 1004 790 1060 profectus
810 1019 885 1059 per
907 1003 1152 1052 Phocidem,
1176 1003 1365 1059 quinque
1387 1003 1516 1044 millia
1530 1004 1580 1044 ab
1598 1003 1770 1053 Thebis,

378 1061 494 1117 quod
519 1071 645 1118 caput
676 1072 738 1102 est
765 1061 978 1110 Boeotiae,
1002 1061 1142 1116 posuit
1166 1070 1309 1101 castra.
1373 1060 1478 1104 Inde
1508 1070 1675 1117 postero
1703 1061 1771 1102 die

378 1134 474 1160 cum
497 1135 622 1160 unius
643 1119 750 1174 signi
778 1118 994 1167 militibus,
1017 1127 1060 1158 et
1082 1118 1241 1167 Attalo,
1264 1118 1641 1183 legationibusque,
1664 1133 1801 1174 quae2

377 1177 621 1232 fiequentes
668 1177 858 1232 undique
900 1185 1196 1225 convenerant,
1239 1176 1376 1232 pelgit
1415 1176 1475 1217 ire
1517 1177 1571 1216 ad
1611 1176 1771 1226 urbem,

378 1234 499 1275 iussis
522 1234 761 1290 legionariis
789 1234 960 1274 hastatis
981 1233 1051 1289 (ea
1071 1233 1156 1275 duo
1178 1233 1309 1274 millia
1338 1233 1521 1275 militum
1550 1233 1689 1288 erant)
1710 1239 1801 1274 se-3

379 1292 453 1347 qui
487 1307 543 1342 se,
576 1292 689 1333 mille
720 1307 918 1348 passuum
949 1291 1167 1332 inteivallo
1203 1291 1417 1332 distantes.
1481 1291 1554 1332 Ad
1585 1291 1804 1332 medium4

379 1350 509 1391 ferme
551 1350 642 1391 viae
686 1349 944 1391 Boeotorum
985 1358 1153 1405 praetor
1196 1348 1441 1405 Antiphilus
1482 1349 1628 1390 obvius
1667 1348 1770 1390 fuit.

378 1416 518 1449 cetera
548 1407 776 1449 multitudo
807 1423 829 1448 e
863 1407 991 1448 muris
1025 1407 1255 1447 adventum
1291 1407 1552 1472 imperatoiis
1589 1406 1774 1447 Romani

377 1465 572 1530 regisque
613 1464 994 1522 plospeculabatur.
1066 1464 1179 1505 Rara
1218 1480 1332 1505 arma
1371 1465 1580 1521 paucique
1621 1463 1774 1505 milites

378 1538 488 1564 eirea
508 1538 579 1564 eos
601 1524 882 1580 apparebant:
916 1523 1111 1572 hastatos,
1134 1531 1358 1578 sequentes
1385 1522 1544 1578 procul,
1568 1521 1776 1563 anfractus

377 1580 539 1622 viarum
556 1581 792 1637 vallesque
782 1581 1024 1622 interiectae
1043 1579 1301 1621 occulebant.
1359 1579 1531 1628 Quum
1522 1594 1604 1621 iam
1621 1594 1772 1635 appro-

377 1638 602 1694 pinqualet
622 1639 728 1688 mbi,
751 1638 866 1680 velut
884 1638 1048 1679 obviam
1070 1637 1358 1694 egredientem
1376 1638 1539 1679 turbam
1561 1637 1771 1687 salutaret,

377 1696 536 1737 tardius
556 1697 791 1738 incedebat.
857 1695 997 1737 Causa
1018 1704 1107 1737 erat
1127 1710 1280 1745 morae,
1303 1704 1350 1736 ut
1370 1695 1520 1736 hastati
1541 1709 1773 1750 conseque-

377 1762 533 1795 rentur.
599 1754 828 1810 Oppidani,
847 1762 943 1795 ante
965 1753 1130 1795 lictores
1151 1754 1273 1794 turba
1293 1762 1397 1803 acta,
1414 1753 1650 1794 insecutum
1672 1767 1772 1793 con·
1785 1760 1803 1793 5

421 1861 438 1876 ᾗ
464 1860 516 1890 De
542 1860 603 1890 hoc
630 1860 723 1898 libro,
746 1860 800 1899 qui
823 1871 843 1890 a
866 1860 1054 1900 Kreyssigio

378 1902 563 1942 diligentius
601 1913 640 1933 ex
678 1904 789 1933 codice
824 1903 1054 1942 Bambergensi

1099 1860 1213 1890 demur
1227 1860 1374 1900 accipere
1389 1861 1506 1891 debere
1522 1871 1579 1900 pro
1594 1860 1690 1891 unius
1705 1870 1773 1890 ma-

1098 1903 1204 1942 nipuli
1241 1903 1405 1933 militibus.
1460 1904 1648 1934 Admodum
1686 1903 1772 1934 enim

378 1946 569 1976 emendatus
592 1949 639 1976 est
662 1945 694 1975 in
718 1945 859 1976 editione
882 1956 940 1976 sua
956 1946 1053 1976 Mise-

378 1998 440 2018 nae
467 1987 553 2018 edita
578 1988 761 2027 sumptibus
784 1992 815 2019 et
845 1988 932 2027 typis
958 1988 1054 2018 Klin-

378 2030 493 2060 kiehtii
519 2041 547 2062 a.
576 2031 667 2071 1839,
692 2032 786 2070 plura
808 2030 841 2060 in
865 2031 992 2071 epilogo
1014 2032 1055 2062 ad

380 2073 477 2103 finem
502 2073 606 2113 operis
635 2074 698 2104 mei
724 2084 896 2111 annexero,
919 2084 960 2104 ne
990 2084 1055 2104 mo-

380 2126 447 2145 ram
478 2115 510 2145 in
537 2116 800 2147 annotationibus
824 2116 958 2147 nimiam
990 2117 1052 2147 lec-

381 2158 440 2189 tori
456 2158 584 2189 faciam.

426 2210 438 2230 1
465 2203 557 2232 Haec
570 2212 631 2240 per
642 2202 772 2233 hiemem
783 2176 890 2241 qesta]
918 2202 1054 2232 Deside-

379 2244 510 2273 rabatur
532 2244 609 2273 olim
633 2244 828 2283 principium
853 2244 948 2275 huius
971 2245 1054 2282 libri,

380 2287 467 2324 quod
483 2287 615 2316 tandem
633 2296 672 2316 ex
696 2287 925 2326 Bambergensi
943 2287 1054 2317 codice

380 2329 582 2367 publicatum
600 2332 647 2358 est
657 2333 733 2359 ante
745 2339 846 2359 annos
856 2330 967 2368 paullo
981 2330 1055 2368 plus

381 2375 522 2401 centum.
570 2371 654 2401 Tota
670 2382 719 2402 res
730 2371 830 2402 fusius
843 2372 1024 2411 explicatur
1035 2382 1054 2402 a

382 2413 546 2443 Gronovio
571 2413 603 2443 in
631 2424 688 2444 sua
710 2414 908 2454 praefatione
932 2415 973 2444 ad
1002 2414 1053 2444 Li-

383 2455 479 2485 vium.
504 2456 610 2487 ΟΜΝ.

425 2507 441 2527 2
468 2498 546 2527 Cum
569 2500 668 2528 unius
688 2500 773 2537 siynz'
794 2500 966 2537 militibus]
1001 2498 1053 2529 Li-

382 2538 464 2577 vius,
480 2540 543 2570 viii.
566 2541 594 2570 8.
612 2544 643 2570 01
661 2541 827 2580 Polybius„
846 2541 884 2572 vi.
908 2551 957 2579 24.
975 2542 1054 2571 duos

381 2582 549 2621 manipulo
564 2583 726 2622 assignant
747 2584 922 2623 signiferos,
938 2584 1054 2622 cuique

382 2624 546 2654 centuriae
571 2635 684 2656 suuni:
717 2627 803 2656 unde
828 2626 988 2656 videretur
1010 2636 1055 2656 se-

381 2666 447 2705 qui,
472 2666 561 2706 signa
585 2678 712 2706 quoque
739 2669 803 2697 duo
830 2668 862 2698 in
887 2668 1055 2707 manipulo

380 2709 486 2740 fuisse.
526 2710 662 2740 Constat
679 2714 787 2740 tamen
806 2711 979 2750 Polybium
992 2712 1053 2749 sig)-

379 2762 457 2782 maem
481 2762 538 2790 pro
561 2754 726 2791 manipulo
749 2753 864 2791 passim
890 2763 1054 2792 usurpare,

379 2797 426 2830 ut,
439 2795 579 2833 exempli
595 2794 706 2834 gratia,
720 2794 776 2825 illo
792 2795 860 2834 ipso
873 2806 958 2835 supr.
972 2796 1054 2833 loco,

379 2836 433 2866 nbi
446 2837 526 2867 duos
539 2836 654 2875 cuique
664 2837 832 2876 manipulo
842 2838 981 2877 assignat
994 2838 1052 2878 sig-

1100 1946 1270 1976 verisimile
1297 1950 1345 1976 est
1367 1947 1447 1976 haec
1471 1947 1642 1986 desumpta
1665 1956 1732 1976 esse
1755 1956 1773 1976 e

1101 1989 1251 2027 Polybio,
1275 1999 1314 2019 ex
1340 1999 1403 2028 qno
1427 1999 1465 2019 ea
1488 1988 1595 2019 omnia
1619 1999 1702 2027 quae
1725 1999 1772 2019 se-

1100 2036 1243 2070 quuntur
1264 2032 1303 2062 de
1326 2042 1433 2071 pugna
1451 2032 1492 2062 ad
1508 2031 1773 2072 Cynoscephalas

1101 2074 1260 2113 exscripta
1277 2079 1360 2105 sunt.
1385 2075 1491 2106 Cnssv.

1142 2126 1159 2155 3
1178 2119 1281 2147 Izcssz‘s
1292 2118 1478 2157 leyionariis
1490 2117 1642 2155 hastatis]
1661 2118 1772 2156 Leyio-

1098 2161 1202 2190 uariis
1224 2160 1406 2190 emendavit
1435 2159 1617 2190 XValchius.
1662 2161 1772 2199 Leyio-

1097 2204 1149 2233 m's
1170 2202 1247 2232 olim
1270 2203 1447 2241 legebatur,
1469 2212 1550 2241 quae
1576 2212 1637 2232 vox
1657 2201 1772 2232 merito

1100 2245 1262 2276 Crevierio
1275 2245 1450 2284 displicuit,
1460 2245 1581 2284 quippe
1595 2245 1628 2274 in
1641 2244 1773 2283 singulis

1100 2287 1277 2329 legionibus
1308 2287 1397 2317 mille
1428 2291 1459 2317 et
1492 2287 1621 2317 ducenti
1651 2287 1772 2317 hastati

1099 2334 1199 2360 erant.
1256 2329 1444 2360 Lectionem
1480 2333 1621 2359 nostram
1656 2329 1772 2368 probat

1099 2372 1240 2403 Crevier.

1142 2425 1161 2452 4
1184 2413 1369 2453 Distantes]
1406 2414 1507 2444 Haud
1535 2414 1600 2443 seio
1623 2424 1663 2444 an
1689 2413 1770 2444 haec

1100 2467 1160 2486 vox
1177 2457 1217 2486 ad
1236 2456 1427 2491 Quinctium
1446 2460 1476 2486 et
1493 2457 1626 2486 comites
1641 2456 1710 2487 eius
1724 2467 1771 2487 re-

1098 2499 1228 2529 ferenda
1251 2499 1302 2535 sit,
1325 2503 1359 2529 ut
1389 2499 1673 2529 Drakenborchius
1697 2509 1771 2530 0011-

1099 2541 1183 2571 iecit.
1216 2543 1366 2572 Dis-laute
1384 2541 1537 2572 Dukerus
1547 2542 1770 2581 reponendum

1099 2588 1218 2614 censet.

1143 2635 1159 2664 5
1184 2628 1210 2656 Α
1219 2631 1271 2657 nte
1291 2628 1416 2657 lictores
1436 2627 1531 2656 turba
1554 2628 1642 2665 acta]
1670 2627 1771 2658 Hune

1100 2669 1206 2698 locum
1237 2669 1409 2699 sollicitare
1445 2668 1544 2698 voluit
1578 2669 1770 2701 Gronovius.

1100 2711 1162 2741 Sed
1188 2711 1268 2741 nihil
1293 2711 1418 2741 videtur
1441 2712 1667 2742 emendatione
1689 2722 1771 2752 opus

1099 2764 1174 2784 esse.
1215 2754 1327 2789 Quum
1341 2754 1435 2783 turba
1444 2764 1554 2784 eorum
1572 2754 1626 2793 qui
1642 2755 1769 2785 obviam

1099 2796 1283 2835 prodierant
1292 2796 1448 2831 Quinctio
1459 2800 1491 2827 et
1502 2797 1614 2828 Attalo
1624 2800 1771 2836 ageretur

1097 2842 1173 2869 ante
1194 2838 1350 2876 lictorem,
1372 2849 1414 2870 se.
1437 2843 1602 2879 cogeretur
1619 2849 1638 2870 a
1657 2839 1769 2870 lictore

378 2879 504 2910 niferos.
519 2879 580 2910 vid.
599 2879 686 2919 Lips.
700 2880 740 2909 de
756 2879 855 2911 Milit.
873 2881 969 2911 Rom.
987 2881 1016 2910 ii.
1032 2881 1049 2917 §
1094 2881 1216 2921 praeire
1231 2881 1273 2912 ad
1290 2882 1411 2913 urbem.
1436 2882 1542 2913 CREv.

377 2921 406 2952 8.
454 2922 570 2961 Itaque
587 2921 639 2952 hic
656 2921 751 2953 unius
771 2922 851 2962 signi
868 2922 987 2953 milites
1007 2922 1048 2953 vi-
