1960 3218
162 228 206 259 U.
224 228 262 260 O.
285 227 356 269 561.

158 271 198 302 A.
224 271 262 303 C.
287 281 356 313 191.

228 578 295 615 28.

156 751 251 783 Fidei
265 752 353 800 nn.

156 805 190 825 se
207 799 337 834 permit—

156 840 239 869 tunt.

155 982 306 1013 Consulis

156 1025 329 1063 postulata.

219 2472 242 2508 2
249 2471 285 2510 9.

156 2526 299 2566 Exaspc-

154 2572 266 2598 rantur
283 2569 343 2599 Ac-

155 2610 222 2641 toli.

370 135 455 173 250
891 135 1039 177 ΤΙΤΙ
1075 135 1256 177 LIVII

371 228 383 246 ⁶
399 223 576 279 positam
599 239 713 266 esse:
747 233 790 267 et
810 241 852 267 se
874 226 1118 282 suppliciter
1138 227 1358 283 agentibus
1386 227 1435 268 iis
1460 228 1700 279 affuturum,
1723 237 1766 270 et

371 281 512 337 ‘apud
541 282 769 334 consulem,
799 292 842 324 et
871 284 1032 325 Romae
1066 284 1109 325 in
1143 294 1301 326 senatu.
1366 285 1430 326 Eo
1453 301 1622 341 quoque
1650 287 1764 328 enim

371 344 383 362 ⁶
399 339 626 381 mittendos
647 340 734 382 fore
762 341 947 398 legatos?
1008 341 1127 383 Haec
1155 359 1239 385 una
1258 343 1325 384 via
1352 344 1546 384 omnibus
1572 344 1626 384 ad
1656 344 1764 385 salu-

370 404 455 438 tem
488 398 576 439 visa
607 408 681 449 est,
717 405 790 440 ‘ut
818 400 862 440 in
895 399 1023 440 fidem
1057 415 1099 441 se
1132 401 1425 456 permitterent
1460 401 1760 443 Romanorum.

371 454 462 496 ‘Ita
489 455 601 496 enim
631 465 672 497 et
700 457 779 498 illis
800 457 984 498 violandi
1006 458 1214 514 supplices
1235 458 1530 499 verecundiam
1558 474 1600 500 se
1629 459 1765 515 impo-

371 517 382 535 ⁶
399 512 574 554 situros:
609 522 651 555 et
678 515 788 571 ipsos
809 515 941 556 nihilo
964 516 1102 556 minus
1124 531 1221 557 suae
1243 517 1459 572 potestatis
1480 516 1581 566 fore,
1604 517 1638 557 si
1660 517 1765 572 quid

370 575 382 593 ⁶
398 570 546 611 melius
567 571 734 613 fortuna
755 573 1028 614 ostendisset?
1087 573 1314 630 Postquam
1346 574 1399 614 ad
1428 574 1643 615 consulem
1663 590 1765 616 ven-

369 635 460 668 tum
481 638 556 678 est,
575 629 793 671 Phaeneas
814 630 1032 687 legationis
1053 631 1248 687 princeps
1269 631 1436 688 longam
1459 632 1703 682 orationem,
1721 641 1765 674 et

368 686 478 727 varie
508 687 561 727 ad
590 688 864 744 mitigandam
893 688 996 729 iram
1017 689 1185 730 victoris
1214 690 1500 745 compositam,
1523 690 1580 731 ita
1608 690 1662 730 ad
1690 705 1764 731 ex-

368 750 547 785 tremum
569 745 717 795 finivit,
741 755 788 786 ut
809 746 994 787 diceret:
1031 752 1042 770 ⁶
1059 746 1234 788 Aetolos
1257 762 1299 788 se
1322 762 1479 802 suaque
1502 747 1643 788 omnia
1663 747 1764 788 fidei

369 806 381 825 ⁶
396 802 542 858 populi
594 803 776 844 Romani
827 804 1097 859 permittere?
1172 804 1223 844 Id
1267 804 1413 845 consul
1458 805 1531 845 ubi
1573 805 1759 846 audivit:

369 864 381 883 ⁶
397 859 539 900 Etiam
560 868 685 916 atque
708 861 834 902 etiam
856 861 1022 910 videte,'
1044 862 1193 917 inquit,
1229 868 1240 885 ⁶
1254 861 1411 911 Aetoli,
1436 870 1481 902 ut
1506 862 1564 902 ita
1590 863 1764 918 permit-

369 922 380 940 ⁶
397 918 518 958 tatis.'
578 918 692 958 Tum
723 918 941 960 decretum
974 919 1205 969 Phaeneas,
1228 919 1273 959 in
1300 935 1384 975 quo
1413 918 1457 959 id
1488 919 1640 960 diserte
1663 920 1763 961 scri-

366 983 485 1030 ptum
507 984 608 1025 erat,
632 976 827 1018 ostendit.
892 982 902 1000 ⁶
923 976 1108 1024 Quando
1135 992 1247 1032 ergo,
1275 976 1438 1032 'inquit,
1473 977 1559 1017 ‘ita
1588 977 1763 1032 permit-

368 1032 494 1081 ⁶titis,
529 1033 707 1088 postulo,
746 1043 792 1075 ut
827 1034 931 1075 mihi
968 1030 1279 1075 Dicaearchum
1315 1035 1450 1075 civem
1485 1043 1684 1084 vestrum,
1721 1043 1764 1076 et

367 1089 637 1131 ‘Menestam
670 1091 916 1147 Epirotam,’
944 1092 1236 1148 (Naupactum
1267 1092 1302 1133 is
1332 1107 1430 1133 cum
1460 1092 1668 1148 praesidio
1698 1092 1764 1133 in-

363 1162 528 1203 gressus
549 1148 602 1189 ad
623 1149 906 1191 defectionem
928 1150 1209 1206 compulerat)
1232 1155 1243 1173 ⁶
1256 1158 1298 1190 et
1319 1149 1644 1206 Amynandrum
1665 1164 1763 1191 culn

366 1206 654 1262 ‘principibus
688 1207 992 1257 Athamanum,
1026 1223 1206 1263 quorum
1240 1207 1414 1248 consilio
1448 1208 1499 1248 ab
1535 1207 1656 1248 nobis
1689 1207 1764 1248 de-

366 1263 561 1313 ⁶fecistis,
595 1265 684 1305 sine
723 1280 838 1306 mora
874 1265 1062 1306 dedatis,⁹
1122 1266 1260 1320 Prope
1295 1265 1507 1306 dicentem
1544 1264 1763 1306 interfatus

367 1320 609 1362 Romanum
631 1322 861 1372 Phaeneas,
897 1328 907 1346 ⁶
926 1323 1027 1364 Non
1053 1323 1097 1363 in
1118 1323 1387 1371 servitutemj
1408 1322 1560 1377 inquit,
1595 1328 1607 1345 ⁶
1622 1322 1696 1363 sed
1717 1322 1762 1363 in

366 1383 378 1401 ⁶
393 1378 521 1419 fidem
551 1387 667 1420 tuam
695 1395 771 1421 nos
800 1380 1073 1421 tradidimus:
1108 1389 1150 1421 et
1177 1388 1338 1421 certum
1367 1380 1514 1429 habeo,
1539 1389 1578 1420 te
1604 1379 1763 1436 impru-

366 1441 377 1458 ⁶
393 1435 538 1476 dentia
557 1436 653 1486 labi,
673 1437 746 1492 qui
767 1438 887 1479 nobis
909 1438 1100 1493 imperes,
1120 1454 1227 1493 quae
1249 1437 1374 1478 moris
1395 1436 1653 1478 Graecorum
1675 1453 1763 1478 non

365 1498 377 1516 ⁶
393 1493 502 1534 sint.'
547 1493 620 1534 Ad
641 1494 744 1535 haec
766 1495 923 1543 consul,
956 1501 967 1518 ⁶
982 1495 1089 1545 Nec,
1111 1495 1278 1545 hercle,’
1299 1494 1450 1550 inquit,
1483 1500 1494 1517 ⁶
1508 1509 1761 1551 magnopere

366 1556 377 1574 ⁶
392 1566 507 1592 nunc
536 1566 648 1601 curo,
672 1551 776 1607 quid
798 1551 943 1592 Aetoli
971 1553 1069 1593 satis
1098 1567 1151 1592 ex
1177 1567 1291 1593 more
1318 1551 1577 1593 Graecorum
1605 1552 1763 1593 factum

366 1613 481 1649 ‘esse
523 1617 746 1650 censeant:
793 1608 895 1649 dum
932 1624 1010 1665 ego
1047 1624 1161 1650 more
1206 1609 1400 1650 Romano
1436 1609 1662 1665 imperium
1697 1610 1794 1659 in-7

365 1671 377 1689 ⁶
393 1666 561 1707 hibeam
591 1667 636 1706 in
668 1666 832 1707 deditos
863 1667 989 1708 modo
1017 1666 1187 1708 decreto
1218 1682 1307 1716 suo,
1336 1674 1433 1707 ante
1465 1667 1589 1707 armis
1616 1667 1759 1708 victos.

365 1730 376 1746 ⁶
393 1722 556 1779 Itaque,
575 1724 618 1764 ni
635 1739 812 1780 propere
830 1724 890 1773 fit,
909 1724 1025 1780 quod
1046 1725 1219 1780 impero,
1237 1724 1385 1765 vinciri
1402 1739 1473 1765 vos
1494 1724 1577 1765 iam
1598 1724 1741 1766 iubeo:
1754 1725 1763 1742 ’

363 1781 587 1836 afferrique
621 1790 801 1830 catenas,
836 1790 878 1822 et
911 1782 1216 1822 circumsistere
1254 1781 1419 1822 lictores
1454 1781 1583 1822 iussit.
1648 1782 1761 1822 Tum

362 1838 493 1879 fracta
523 1838 746 1879 Phaeneae
778 1839 943 1888 ferocia,
972 1839 1220 1894 Aetolisque
1253 1839 1343 1879 aliis
1375 1846 1461 1880 est:
1501 1847 1543 1879 et
1575 1838 1759 1888 tandem,

363 1895 482 1936 cuius
503 1895 758 1937 conditionis
779 1904 929 1946 essent,
948 1911 1127 1946 sensere,
1146 1904 1200 1946 et,
1226 1902 1237 1920 ⁶
1250 1911 1292 1937 se
1311 1896 1511 1952 quidem,’
1527 1895 1759 1946 Phaeneas,

365 1958 377 1976 ⁶
392 1961 436 1993 et
463 1953 536 2008 qui
565 1953 703 1994 adsint
725 1953 991 2003 Aetolorum,
1014 1954 1118 1994 scire
1146 1953 1339 1995 facienda
1367 1968 1468 2003 csse,
1492 1969 1599 2009 quae
1628 1954 1763 2009 impe-

365 2016 375 2033 ⁶
391 2011 563 2060 rentur,’
583 2011 716 2052 dixit:
753 2016 764 2034 ⁶
782 2011 855 2052 sed
876 2011 930 2052 ad
951 2011 1218 2052 decernenda
1239 2027 1288 2052 ea
1309 2011 1488 2052 concilio
1510 2011 1761 2052 Aetolorum

365 2073 377 2091 ⁶
393 2083 498 2123 opus
539 2083 638 2109 esse.
702 2068 775 2109 Ad
816 2069 859 2109 id
900 2077 1057 2124 petere,
1100 2078 1147 2109 ut
1188 2069 1335 2109 decem
1371 2068 1536 2109 dierum
1576 2068 1761 2109 indutias

366 2125 538 2166 ‘daret.’
597 2125 777 2167 Petente
812 2125 961 2167 Flacco
994 2142 1070 2182 pro
1103 2126 1279 2175 Aetolis,
1312 2126 1499 2166 indutiae
1533 2125 1682 2174 datae3
1718 2135 1761 2167 et

366 2181 582 2239 Hypatam
604 2183 787 2224 reditum
809 2191 881 2224 cst.
946 2183 1033 2224 Ubi
1056 2199 1187 2239 quum
1218 2184 1261 2223 in
1290 2183 1464 2224 consilio
1486 2183 1759 2232 delectorum,

364 2254 469 2295 quos
497 2240 706 2296 apocletos
732 2249 896 2290 vocant,
919 2240 1150 2290 Phaeneas,
1174 2249 1216 2281 et
1241 2255 1347 2296 quae
1377 2240 1695 2296 imperarentur,
1718 2249 1762 2281 et

363 2312 471 2353 quae
513 2297 612 2353 ipsis
651 2313 780 2354 prope
822 2298 1083 2348 accidissent,
1126 2298 1411 2354 exposuissct3
1464 2298 1762 2353 ingemuerunt

363 2354 537 2409 quidem
559 2355 770 2410 principes
798 2355 1031 2396 conditioni
1060 2371 1172 2405 suae,
1195 2354 1429 2411 parendum
1452 2362 1593 2395 tamen
1614 2354 1761 2395 victori

364 2412 604 2460 censebant,
628 2420 671 2452 et
698 2427 751 2452 ex
781 2413 976 2453 omnibus
1003 2412 1168 2468 oppidis
1198 2411 1488 2453 convocandos
1511 2411 1685 2452 Aetolos
1707 2411 1760 2452 ad

365 2468 600 2509 concilium.
664 2469 895 2524 Postquam
918 2485 1015 2510 vero
1037 2470 1173 2510 omnis
1194 2477 1337 2509 coacta
1358 2468 1584 2509 multitudo
1611 2468 1760 2509 cadem

365 2525 435 2565 illa
465 2525 642 2575 audivit,
666 2525 770 2566 adeo
804 2526 975 2567 saevitia
1004 2526 1168 2582 imperii
1200 2534 1325 2580 atque
1358 2525 1608 2581 indignitate
1640 2541 1759 2566 exas-

364 2582 498 2638 perati
528 2582 657 2622 animi
685 2591 795 2632 sunt,
819 2591 877 2632 ut,
900 2583 933 2623 si
962 2583 1005 2623 in
1034 2598 1135 2638 pace
1164 2583 1352 2631 fuissent,
1382 2582 1452 2623 illo
1481 2583 1643 2638 impetu
1674 2583 1758 2624 irae

364 2639 564 2681 concitari
586 2640 802 2694 potuerint
822 2640 874 2680 ad
894 2639 1064 2680 bellum.
1125 2640 1194 2679 Ad
1216 2640 1317 2680 iram
1341 2640 1566 2681 accedebat
1588 2649 1630 2681 et
1652 2640 1759 2681 diffi—

410 2815 424 2845 7
451 2807 626 2845 Imperium
647 2806 824 2843 inhibeam]
853 2805 926 2834 IIoc
951 2809 998 2834 cst
1021 2816 1039 2835 a
1084 2805 1193 2843 scripti
1210 2806 1387 2837 adhibeam.
1424 2807 1598 2845 Imperium
1615 2807 1758 2837 inhibere

365 2848 540 2879 certissima
555 2847 709 2878 Gronovii
728 2847 922 2885 coniectura,
939 2857 1038 2886 quum
1084 2850 1131 2877 cst
1158 2857 1306 2878 exercere
1331 2848 1513 2887 imperium,
1539 2849 1585 2878 uti
1612 2848 1755 2888 imperio.

367 2890 483 2927 vulgati
501 2891 638 2920 habeant
656 2891 824 2929 imperium
843 2891 876 2920 id
896 2891 1040 2925 habram,
1085 2890 1123 2920 cf.
1141 2900 1225 2929 supr.
1244 2890 1285 2920 iii.
1305 2890 1353 2928 38.
1382 2891 1487 2921 Cum.
