1960 3218
347 130 426 170 122
865 130 1012 174 ΤΙΤΙ
1055 132 1235 175 LIVII

135 230 178 263 U.
195 231 234 264 O.
258 230 329 272 556.
344 220 562 278 pecuarios
583 221 638 263 ad
658 221 804 279 populi
823 221 1029 264 iudicium
1050 224 1345 266 adduxerunt:
1379 233 1462 267 tres
1482 240 1536 267 ex
1556 225 1621 268 his
1641 241 1741 268 eon-

132 275 172 306 Α·
197 275 236 307 C·
261 273 531 320 196·demnati
566 287 690 329 sunt3
739 295 792 320 ex
832 295 979 321 eorum
1020 281 1253 322 multaticia
1286 283 1468 338 pecunia
1507 283 1655 325 aedem
1695 285 1771 328 in5

342 337 479 378 insula
495 336 629 378 Fauni
650 337 851 378 fecerunt.
900 337 1015 378 Ludi
1035 338 1191 394 plebeii
1211 354 1288 395 per
1308 339 1485 381 biduum
1506 340 1738 391 instaurati,

343 403 386 435 et
407 394 579 451 epulum
600 395 680 435 fuit
700 394 896 435 ludorum
918 410 1052 436 causa.

194 451 263 489 43.
402 451 451 492 L.
471 451 664 492 Valerius
693 451 865 493 Flaccus
887 460 929 493 et
958 452 1020 493 M.
1039 452 1214 494 Porcius
1238 453 1347 495 Cato
1375 454 1567 496 consules
1594 454 1740 496 Idibus

131 505 178 579 E·
196 506 234 579 g·
259 513 329 545 557·
345 508 524 559 Martiis,
548 525 632 565 quo
654 509 723 550 die
753 509 1039 565 magistratum
1066 510 1263 560 inierunt,
1287 511 1339 552 de
1361 512 1586 567 provinciis
1606 527 1741 568 quum

132 572 171 622 L]
185 556 330 629 3734}ssss
343 567 397 607 ad
417 575 609 608 senatum
630 566 882 616 retulissent,
905 567 1053 608 Patres
1074 577 1340 618 censuerunt,
1375 575 1386 592 ⁶
1405 569 1550 616 Quum
1571 570 1616 610 in
1639 569 1741 610 His-

131 632 181 664 M.
200 633 315 664 Porcio
345 629 357 648 ‘
371 624 497 680 pania
519 632 681 665 tantum
703 623 898 679 glisceret
917 624 1088 674 bellum,
1110 633 1157 666 ut
1176 625 1259 666 iam
1281 626 1487 667 consulari
1509 635 1552 667 et
1572 626 1680 668 duce
1697 635 1741 668 et

131 676 222 708 Coss.
344 682 561 722 ‘exercitu
593 696 697 737 opus
728 690 848 730 esset,
882 681 1061 737 placere,
1095 682 1286 723 consules
1317 682 1568 739 Hispaniam
1599 684 1740 725 citeri-

346 744 490 779 ‘orem
521 746 564 780 et
599 738 766 779 Italiam
798 739 1032 794 provincias
1063 749 1136 780 aut
1166 754 1406 795 comparare
1441 741 1552 781 inter
1581 756 1637 790 se,
1667 749 1740 782 aut

131 798 357 831 Provinciae.‘
373 796 521 837 sortiri.
586 795 684 836 Utri
708 795 914 851 Hispania
940 797 1156 852 provincia
1182 797 1402 846 evenisset,
1425 813 1523 838 eum
1551 797 1653 839 duas
1681 797 1740 839 le-

345 853 519 909 ‘giones
555 861 596 893 et
632 852 877 908 quindecim
914 853 1044 894 millia
1083 854 1242 894 socium
1279 853 1424 894 Latini
1464 855 1659 904 nominis,
1697 863 1740 896 et

345 911 637 966 ‘octingentos
672 910 835 965 equites
871 925 1013 951 secum
1049 920 1228 966 portare,
1262 919 1305 951 et
1340 926 1466 952 naves
1501 912 1646 967 longas
1678 912 1741 952 vi-

344 973 356 992 ‘
370 968 479 1023 ginti
501 967 666 1008 ducere.
730 967 855 1008 Alter
875 967 1022 1008 consul
1043 968 1146 1008 duas
1171 967 1358 1024 legiones
1385 969 1595 1010 scriberet.
1659 968 1741 1010 His

344 1031 355 1050 ‘
375 1024 558 1066 Galliam
594 1024 853 1080 provinciam
889 1025 1068 1065 obtineri
1102 1025 1200 1066 satis
1236 1040 1338 1075 esse,
1372 1025 1512 1067 fractis
1547 1025 1740 1082 proximo

344 1088 482 1123 ‘anno
510 1081 753 1122 Insubrium
786 1090 828 1122 et
861 1081 1064 1122 Boiorum
1097 1082 1271 1123 animis.’
1333 1083 1442 1124 Cato
1474 1082 1738 1139 Hispaniam,

341 1139 536 1180 Valerius
558 1138 723 1180 Italiam
752 1147 815 1180 est
840 1139 1021 1180 sortitus.
1086 1139 1305 1180 Praetores
1327 1139 1482 1181 deinde
1503 1140 1740 1195 provincias

341 1197 489 1246 sortiti,
522 1195 572 1237 C.
593 1196 805 1237 Fabricius
833 1196 1043 1237 Luscinus
1080 1197 1295 1245 urbanam,
1329 1196 1378 1237 C.
1396 1196 1569 1238 Atinius
1595 1197 1739 1238 Labeo

341 1254 618 1310 peregrinam,
665 1253 745 1294 Cn.
783 1253 972 1294 Manlius
1008 1253 1141 1294 Vulso
1186 1253 1384 1303 Siciliam,
1422 1254 1506 1309 Ap.
1534 1254 1740 1295 Claudius

342 1311 461 1352 Nero
484 1310 735 1366 Hispaniam
763 1310 1017 1359 ulteriorem,
1044 1310 1091 1351 P.
1111 1311 1286 1352 Porcius
1308 1311 1447 1352 Laeca
1468 1311 1596 1361 Pisas,
1620 1319 1668 1352 ut
1688 1311 1739 1352 ab

342 1377 459 1424 tergo
478 1368 704 1424 Liguribus
726 1375 857 1409 esset:
888 1367 936 1408 P.
956 1367 1144 1408 Manlius
1165 1368 1209 1408 in
1235 1367 1483 1424 Hispaniam
1504 1368 1741 1409 citeriorem

342 1426 508 1467 adiutor
539 1425 700 1466 consuli
728 1425 861 1466 datus.
925 1425 975 1466 T.
1004 1425 1220 1474 Quinctio,
1250 1426 1452 1481 suspectis
1484 1440 1571 1466 non
1604 1425 1774 1468 solum6

342 1483 560 1524 Antiocho
591 1491 633 1523 et
664 1482 842 1532 Aetolis,
872 1482 946 1523 sed
979 1483 1062 1523 iam
1095 1483 1221 1523 etiam
1254 1482 1422 1523 Nabide
1454 1482 1741 1524 Lacedaemo-

341 1541 508 1581 niorum
531 1549 723 1596 tyranno,
748 1548 1017 1595 prorogatum
1042 1540 1087 1579 in
1112 1555 1269 1580 annum
1292 1540 1516 1595 imperium
1537 1549 1612 1589 est,
1636 1539 1740 1580 duas

340 1597 527 1653 legiones
550 1607 596 1637 ut
617 1597 789 1638 haberet
807 1613 815 1638 :
850 1597 893 1637 in
916 1612 984 1637 eas
1005 1597 1039 1637 si
1061 1597 1165 1652 quid
1186 1597 1469 1653 supplementi
1491 1612 1596 1652 opus
1617 1605 1738 1646 esset,

341 1654 532 1696 consules
569 1655 761 1704 scribere,
796 1663 838 1695 et
871 1654 1036 1695 mittere
1070 1654 1115 1694 in
1148 1653 1445 1695 Macedoniam
1477 1654 1589 1695 iussi.
1653 1653 1738 1709 Ap.

345 1711 526 1753 Claudio
556 1720 722 1767 praeter
751 1711 974 1767 legionem,
999 1726 1125 1766 quam
1158 1711 1210 1759 Q.
1231 1711 1383 1752 Fabius
1411 1711 1626 1760 habuerat,
1653 1710 1739 1752 duo

342 1769 473 1809 millia
504 1769 696 1824 peditum
730 1777 771 1809 et
806 1769 1010 1809 ducentos
1044 1769 1207 1824 equites
1244 1784 1372 1809 novos
1405 1769 1616 1816 scriberet,
1645 1783 1742 1823 per-

343 1827 526 1866 missum.
590 1825 673 1866 Par
700 1841 900 1866 numerus
928 1825 1120 1881 peditum
1149 1826 1426 1881 equitumque
1455 1839 1659 1865 novorum
1690 1825 1738 1866 P.

344 1883 508 1923 BIanlio
530 1883 573 1922 in
596 1883 831 1923 citeriorem
857 1882 1106 1938 Hispaniam
1129 1882 1348 1923 decretus:
1383 1892 1426 1922 et
1446 1881 1556 1937 legio
1578 1881 1739 1931 eadem,

343 1955 450 1995 quae
487 1940 621 1980 fuerat
657 1940 733 1980 sub
775 1940 827 1987 Q.
854 1939 1047 1980 Minucio
1083 1948 1287 1994 praetore,
1326 1939 1433 1980 data.
1499 1939 1556 1979 Et
1589 1938 1740 1980 Porcio

344 1997 506 2038 Laecae
544 1997 597 2037 ad
634 1997 846 2037 Etruriam
883 1997 992 2037 circa
1028 1997 1144 2037 Pisas
1184 1997 1269 2037 duo
1305 1996 1436 2036 millia
1469 1996 1662 2051 peditum
1698 2004 1742 2037 et

343 2054 566 2110 quingenti
588 2054 751 2109 equites
773 2069 825 2095 ex
847 2053 1011 2095 Gallico
1034 2054 1222 2094 exercitu
1243 2053 1414 2094 decreti.
1472 2052 1523 2093 In
1549 2052 1742 2094 Sardinia

343 2121 612 2167 prorogatum
634 2112 857 2167 imperium
884 2111 1133 2166 Sempronio
1155 2110 1317 2166 Longo.

195 2173 264 2210 44.
402 2169 634 2210 Provinciis
666 2169 723 2209 ita
753 2168 996 2217 distributis,
1031 2168 1234 2217 consules,
1268 2169 1510 2223 priusquam
1549 2167 1600 2208 ab
1638 2167 1740 2208 urbe

132 2226 719 2282 Versaerumproficiscerentur,
754 2241 826 2266 ver
861 2241 1024 2266 sacrum
1061 2240 1115 2265 ex
1151 2225 1320 2266 decreto
1357 2225 1605 2280 pontificum
1641 2224 1741 2264 iussi

132 2269 256 2342 ἓὲζζῃῐ
344 2284 493 2332 fecere,
529 2283 644 2338 quod
678 2283 732 2323 A.
760 2282 984 2323 Cornelius
1018 2282 1253 2322 Mammula
1286 2291 1454 2337 praetor
1485 2289 1654 2321 voverat
1687 2280 1772 2323 de7

217 2334 224 2343 ⁸
344 2349 512 2381 senatus
553 2341 762 2380 sententia
797 2339 1027 2396 populique
1067 2339 1193 2388 iussu,
1234 2340 1312 2380 Cn.
1347 2338 1533 2387 Servilio,
1574 2338 1622 2379 C.
1647 2337 1741 2378 Fla-

344 2398 475 2437 minio
507 2396 757 2437 consulibus.
824 2397 962 2437 Annis
992 2405 1086 2451 post
1119 2411 1202 2436 uno
1234 2405 1276 2436 ct
1301 2395 1450 2449 viginti
1478 2394 1632 2434 factum
1663 2403 1772 2444 est,8

345 2469 471 2508 quam
504 2463 660 2494 votum.
724 2454 807 2494 Per
840 2453 1009 2494 eosdem
1043 2453 1134 2493 dies
1170 2452 1219 2492 C.
1252 2451 1471 2499 Claudius,
1508 2451 1591 2506 Ap.
1615 2451 1739 2500 filius,

345 2510 528 2551 Pulcher
556 2526 689 2566 augur
714 2511 757 2550 in
784 2510 836 2558 Q.
857 2511 975 2551 Fabii
998 2510 1179 2550 Blaximi
1202 2509 1352 2557 locum,
1376 2508 1448 2563 qui
1471 2508 1607 2563 priore
1629 2523 1740 2549 anno

345 2577 534 2608 mortuus
556 2577 657 2616 erat,
681 2567 812 2608 lectus
834 2568 1190 2622 inauguratusque
1213 2575 1284 2606 est.

388 2709 405 2739 5
429 2702 548 2732 Aedem
573 2703 606 2731 ἱη
630 2702 756 2738 insula]
785 2712 826 2731 sc.
850 2701 889 2730 In
913 2700 1020 2730 insula
1107 2701 1125 2729 S
1148 2701 1257 2730 Annis
1271 2704 1341 2739 post
1357 2710 1421 2729 *uno
1438 2704 1467 2730 et
1486 2700 1615 2737 vislz'nli]
1650 2699 1740 2730 Hine

345 2743 506 2773 Tiberina.
532 2744 570 2773 cf.
588 2754 672 2782 supr.
691 2743 721 2773 ii.
741 2751 768 2780 5.
1065 2742 1193 2773 Livium
1225 2752 1358 2771 numero
1389 2742 1440 2771 hic
1471 2742 1558 2771 edito
1589 2746 1739 2772 neutrum

387 2785 406 2816 6
429 2787 559 2816 Com-uli
576 2787 687 2823 datus]
715 2786 820 2824 Vulgo
836 2785 950 2823 legitur
965 2786 1018 2815 da·
1063 2795 1196 2820 aunum,
1212 2795 1315 2823 neque
1332 2795 1395 2822 quo
1413 2789 1522 2814 votum
1542 2788 1739 2822 susceptum,

345 2833 412 2865 tur,
428 2829 482 2858 scd
498 2830 593 2858 (latus
610 2828 762 2858 Dukerus
779 2827 973 2857 emendavit.
1061 2837 1166 2865 neque
1193 2837 1256 2865 quo
1283 2827 1425 2856 solutum
1451 2826 1503 2863 sit,
1530 2825 1738 2865 comprehen-

384 2878 399 2909 7
418 2873 555 2902 Praetor
566 2872 711 2908 noverca]
728 2870 991 2910 cf.Sup1·.xxii.9.
1061 2869 1144 2900 disse
1159 2873 1305 2909 apparet.
1331 2868 1446 2899 DRAK.
