1960 3218
151 248 195 278 U.
212 247 250 278 c.
277 256 311 286 ³5

318 257 346 286 5-
361 241 372 259 ⁶
389 236 440 276 ab
468 234 562 285 illis,
585 233 841 291 principium
869 234 969 275 belli
994 243 1133 275 ortum
1162 243 1234 275 est.

358 148 413 185 80
875 142 1025 184 TITI
1067 142 1246 184 LIVII

1298 233 1589 275 Romanorum
1617 240 1759 274 autem

149 291 560 334 A·C-197·‘h0noris
596 307 731 342 causa,
765 291 969 333 Peraeam
1011 291 1204 341 Rhodiis,
1242 301 1285 333 et
1321 307 1447 332 naves
1482 290 1628 331 Attalo
1661 306 1757 331 eum

213 1288 281 1327 35.

157 1462 249 1492 Alter
265 1462 328 1492 col-
366 1450 505 1506 eiique
527 1451 571 1491 in
599 1459 732 1491 castra
758 1450 987 1491 redierunt.

361 357 373 375 ⁶
386 350 572 408 captivis,
595 351 667 406 qui
690 350 1004 406 comparebunt,
1027 350 1256 390 restituam.
1320 348 1433 390 Nam
1456 348 1571 404 quod
1599 348 1653 389 ad
1679 348 1791 389 Ni-6

360 415 372 433 ⁶
387 408 633 465 cephorium
657 407 920 464 Venerisque
943 407 1090 463 templi
1115 407 1424 448 restitutionem
1446 406 1621 455 attinet3
1655 406 1759 462 quid

361 473 373 491 ⁶
389 482 439 508 ea
458 466 623 508 restitui
643 465 951 522 postulantibus
971 465 1278 521 respondeam?
1308 465 1402 514 nisi,
1418 479 1502 520 quo
1525 479 1610 505 uno
1631 463 1758 505 modo

361 531 372 549 ⁶
385 525 470 566 luei
491 524 701 580 silvaeque
724 539 866 565 caesae
888 524 1048 564 restitui
1071 533 1257 580 possunt,
1276 538 1419 564 euram
1440 522 1758 578 impensamque

361 582 559 624 ‘sationis
590 597 657 623 me
688 590 1020 638 praestaturum:
1060 581 1259 637 quoniam
1292 581 1396 622 haec
1428 581 1538 621 inter
1567 595 1609 621 se
1641 595 1759 636 reges

361 640 595 697 ‘postulare
617 649 659 681 et
679 639 931 696 respondere
960 639 1124 696 placet.⁷
1186 639 1388 680 Extrema
1416 638 1505 680 eius
1527 637 1658 678 oratio
1686 637 1760 679 ad-

358 714 501 740 versus
533 697 727 739 Achaeos
756 698 858 739 fuit:
892 698 937 738 in
968 713 1064 754 qua,
1095 712 1210 738 orsus
1242 698 1292 738 ab
1323 696 1532 752 Antigoni
1560 695 1758 752 primum,

359 757 444 798 suis
472 756 626 797 deinde
658 771 757 812 erga
784 771 875 797 eam
900 765 1073 811 gentem
1101 755 1272 805 meritis,
1302 755 1466 796 recitari
1492 753 1662 794 decreta
1689 769 1760 795 eo-

359 830 453 855 rum
481 814 611 863 iussit,
635 829 781 855 omnes
802 813 966 855 divinos
991 813 1282 869 humanosque
1309 813 1489 854 honores
1511 811 1755 867 complexa:

360 882 486 928 atque
513 872 562 912 iis
591 872 744 913 adiecit
771 887 917 912 recens
945 871 1175 920 decretum,
1206 887 1290 927 quo
1319 872 1370 912 ab
1399 886 1442 912 se
1473 869 1756 919 descivissent,
1775 879 1792 911 7

360 930 633 986 invectusque
655 929 836 986 graviter
864 929 908 969 in
938 929 1159 985 perfidiam
1181 944 1340 978 eorum,
1365 934 1376 952 ⁶
1393 928 1531 984 Argos
1553 936 1695 969 tamen
1715 943 1758 969 se

361 987 650 1028 ‘redditurum
690 987 766 1036 iis‚’
801 986 920 1028 dixit.
985 993 996 1011 ⁶
1013 986 1081 1028 De
1122 986 1331 1027 Corintho
1372 1001 1468 1026 cum
1508 986 1758 1041 imperatore

362 1051 373 1069 ⁶
389 1045 584 1086 Romano
601 1044 928 1086 deliberaturum
951 1060 1063 1094 esse3
1098 1044 1468 1100 quaesiturumque
1486 1042 1609 1084 simul
1626 1043 1677 1084 ab
1695 1058 1758 1093 eo,
1773 1050 1792 1080 8

362 1108 528 1144 ‘utrum
561 1103 610 1144 iis
646 1111 811 1144 tantum
844 1102 1017 1144 urbibus
1050 1102 1254 1144 decedere
1286 1117 1328 1143 se
1362 1116 1545 1157 aequum
1578 1110 1758 1150 censeat,

361 1166 373 1185 ⁶
389 1176 492 1217 quas
513 1176 537 1201 a
558 1176 601 1202 se
623 1160 713 1217 ipso
739 1169 879 1217 captas
907 1160 997 1202 iure
1018 1159 1120 1201 belli
1147 1160 1312 1210 habeat,
1335 1175 1388 1200 an
1418 1160 1468 1200 iis
1489 1159 1630 1209 etiam,
1654 1174 1759 1215 quas

362 1224 373 1242 ‘
387 1234 411 1260 a
431 1218 657 1260 maioribus
678 1219 762 1259 suis
783 1218 1036 1274 accepisset.’

418 1276 669 1318 Parantibus
691 1276 873 1317 Achaeis
900 1275 1148 1332 Aetolisque
1176 1275 1230 1317 ad
1258 1291 1307 1317 ea
1334 1275 1602 1332 respondere,
1626 1290 1759 1332 quum

359 1349 490 1390 prope
513 1349 706 1375 occasum
727 1334 787 1375 sol
809 1342 928 1384 esset,
946 1334 1075 1375 dilato
1097 1334 1141 1374 in
1163 1343 1376 1390 posterum
1397 1333 1511 1374 diem
1533 1332 1757 1389 colloquio,

365 1392 588 1449 Philippus
612 1392 658 1432 in
685 1392 922 1441 stationem,
946 1407 999 1433 ex
1024 1407 1108 1448 qua
1134 1392 1344 1448 profectus
1365 1400 1465 1441 erat,
1490 1391 1674 1432 Romani
1695 1406 1761 1432 so-

1053 1449 1281 1497 Quinctius
1309 1458 1474 1506 postero
1502 1449 1571 1490 die
1600 1449 1654 1490 ad
1680 1448 1793 1492 Ni-9

153 1504 253 1544 loquii
270 1505 347 1536 dies.
368 1523 511 1550 caeam
547 1508 601 1559 (is
635 1508 749 1549 enim
781 1507 897 1549 locus
929 1507 1162 1564 placuerat)
1198 1507 1252 1548 ad
1288 1507 1562 1549 constitutum
1594 1516 1762 1563 tempus

368 1566 495 1607 venit.
558 1565 782 1622 Philippus
813 1565 953 1606 nullus
984 1581 1174 1621 usquam,
1209 1581 1287 1606 nec
1318 1565 1493 1606 nuntius
1524 1565 1575 1606 ab
1606 1580 1656 1606 eo
1686 1579 1791 1620 per1

367 1624 527 1680 aliquot
549 1623 671 1665 horas
687 1624 905 1665 veniebat:
937 1632 979 1665 et
1000 1624 1083 1664 iam
1106 1623 1425 1679 desperantibus
1453 1632 1679 1663 venturum
1699 1637 1766 1664 re-

365 1691 492 1738 pente
510 1690 794 1738 apparuerunt
816 1696 953 1722 naves.
1016 1681 1161 1737 Atque
1183 1682 1270 1737 ipse
1286 1681 1472 1737 quidem,
1497 1686 1508 1704 ⁶
1524 1695 1655 1736 quum
1679 1688 1762 1722 tam

367 1740 533 1796 ‘gravia
561 1748 604 1780 et
631 1739 806 1795 indigna
836 1740 1156 1795 imperarentur,
1183 1739 1353 1794 inopem
1382 1738 1543 1779 consilii
1574 1737 1688 1779 diem
1719 1753 1762 1780 se

368 1803 380 1821 ⁶
396 1798 700 1853 consumpsisse
723 1797 1022 1846 deliberando,’
1043 1797 1190 1838 aiebat.
1254 1796 1396 1853 Vulgo
1424 1796 1686 1845 credebatur,
1710 1795 1763 1837 de

366 1855 573 1896 industria
607 1870 696 1896 rem
728 1855 773 1895 in
814 1870 951 1896 serum
988 1863 1174 1904 tractam,
1209 1869 1262 1895 ne
1297 1863 1463 1910 tempus
1499 1853 1589 1894 dari
1624 1862 1765 1909 posset

366 1913 551 1954 Achaeis
573 1912 822 1969 Aetolisque
846 1912 898 1953 ad
919 1912 1273 1968 respondendum.
1329 1911 1386 1953 Et
1406 1927 1498 1952 eam
1520 1911 1764 1967 opinionem

366 1971 455 2027 ipse
477 1971 707 2020 affirmavit,
729 1970 928 2027 petendo,
946 1980 993 2011 ut
1015 1970 1232 2011 summotis
1253 1969 1356 2019 aliis,
1378 1985 1432 2010 ne
1455 1979 1620 2026 tempus
1641 1969 1766 2010 alter-

367 2028 503 2070 cando
524 2038 741 2078 tereretur,
764 2037 807 2069 et
828 2028 977 2084 aliquis
998 2028 1094 2069 finis
1114 2028 1175 2069 rei
1200 2028 1361 2084 imponi
1382 2036 1533 2084 posset,
1556 2042 1653 2068 cum
1674 2027 1764 2083 ipso
1779 2041 1796 2062 2

367 2087 618 2143 imperatore
654 2086 849 2127 Romano
882 2086 1028 2127 liceret
1062 2086 1141 2127 sibi
1171 2085 1366 2141 colloqui.
1429 2085 1481 2126 Id
1511 2085 1647 2142 primo
1678 2101 1765 2126 non

368 2154 601 2200 acceptum,
634 2160 687 2185 ne
718 2144 888 2185 excludi
918 2143 1128 2200 colloquio
1161 2142 1405 2185 viderentur
1436 2143 1560 2185 socii:
1595 2143 1763 2192 deinde,

367 2217 499 2258 quum
521 2202 635 2244 haud
655 2202 873 2243 absisteret
892 2211 1050 2258 petere,
1069 2217 1122 2243 ex
1143 2201 1333 2243 omnium
1350 2201 1524 2243 consilio
1549 2201 1765 2243 Romanus

1089 2359 1194 2400 lybius
1210 2359 1307 2390 habet
1323 2357 1426 2389 πάλιν.
1452 2358 1558 2389 CREV.

1136 2412 1147 2432 1
1174 2403 1352 2441 Philippus
1367 2402 1478 2431 nullus
1494 2402 1646 2441 usquam]
1671 2400 1764 2440 Opti-

1089 2455 1142 2475 ma
1161 2445 1344 2475 emendatio
1362 2443 1489 2474 Dukeri
1509 2453 1566 2483 pro
1583 2444 1667 2483 vulg.
1684 2445 1763 2474 Plri-

411 2360 431 2391 6
447 2363 511 2399 an'
527 2362 771 2401 comparebunt]
789 2361 980 2400 Compar-ere
997 2363 1045 2390 est

369 2414 534 2443 superesse
557 2408 590 2434 et
609 2403 752 2444 reperiri.
781 2404 819 2434 cf.
841 2414 926 2443 supr.
949 2403 988 2434 vi.
1017 2412 1044 2433 1.

369 2457 456 2477 xxvi.
474 2455 523 2484 30.

414 2496 430 2528 7
454 2490 576 2519 Recens
598 2490 775 2527 decretum]
815 2489 914 2528 Vulg.
935 2499 1045 2519 recens

369 2532 407 2562 de
418 2533 559 2562 arere-itu
576 2531 699 2569 legitur.
733 2533 905 2563 Decretum
918 2542 957 2562 ex
971 2542 1045 2562 con-

369 2574 491 2604 iectura
505 2573 657 2604 Crevicrii
671 2574 841 2604 Bckkerus
856 2584 984 2613 quoque
999 2583 1044 2603 re-

370 2616 487 2656 posuit.

414 2660 432 2689 S
454 2660 560 2689 Simul
574 2660 613 2688 (ιΙ)
628 2660 680 2696 eo]
718 2660 769 2690 Ab
792 2670 827 2690 eo
846 2660 944 2689 simul
959 2659 1043 2689 Bok-

370 2701 437 2732 ker.
452 2701 582 2740 recepit,
595 2712 702 2731 verum
718 2704 756 2732 iis
772 2706 895 2731 tantum
913 2702 1045 2731 urbibus

372 2744 555 2774 Gronovius
578 2744 762 2774 emendavit
788 2754 843 2783 pro
863 2745 946 2783 vulg.
963 2745 1045 2774 iisne

370 2788 515 2823 arbilam,
541 2787 594 2816 sed
622 2796 685 2826 qua
715 2786 906 2817 auctoritate
935 2788 1046 2823 fretus,

371 2829 476 2859 dicere
493 2828 608 2859 omisit.

414 2882 433 2912 9
459 2873 629 2908 Quinctius
650 2877 774 2910 postero
796 2873 846 2902 die
869 2873 912 2901 ml
930 2873 1045 2902 Nicae—

371 2916 439 2952 am]
470 2914 606 2945 Videtur
622 2914 673 2943 hic
690 2915 798 2945 deesse
814 2916 938 2945 iterum.
986 2915 1045 2944 1¹0-

1089 2489 1181 2527 lz'ppz'.
1209 2487 1247 2518 cf.
1265 2487 1333 2518 Cic.
1355 2488 1396 2517 ad
1414 2488 1481 2517 Att.
1502 2486 1543 2516 xi.
1563 2495 1611 2523 24.
1627 2487 1764 2517 Philoti-

1090 2541 1160 2561 mus
1175 2541 1237 2560 non
1255 2531 1341 2560 modo
1357 2531 1468 2559 nullus
1485 2530 1579 2559 venit.

1135 2582 1150 2602 2
1169 2574 1246 2603 (sam
1261 2574 1328 2612 ipso
1342 2573 1548 2611 imperatore]
1570 2571 1765 2602 Addidimus

1090 2625 1201 2645 vocem
1222 2617 1300 2654 ipso,
1317 2625 1412 2653 quam
1433 2614 1552 2644 habent
1576 2614 1685 2653 scripti
1707 2615 1765 2645 ali-

1090 2662 1179 2697 quot,
1195 2661 1265 2688 tum
1283 2658 1349 2688 Iac.
1367 2657 1522 2693 Gronov„
1535 2660 1603 2687 tum
1619 2657 1765 2687 lIearnio

1090 2700 1237 2740 inspecti,
1253 2705 1284 2730 et
1301 2704 1407 2730 noster
1425 2699 1622 2737 Victorinus,
1643 2704 1675 2730 et
1699 2700 1764 2730 An-

1090 2744 1184 2773 dreae
1201 2742 1308 2773 editio.
1356 2743 1399 2772 Et
1418 2742 1548 2773 adiuvat
1571 2743 1764 2773 sententiam

1091 2786 1146 2816 illa
1179 2795 1250 2822 vox,
1280 2789 1435 2824 notatque
1470 2786 1572 2816 solum
1607 2785 1715 2825 expeti
1745 2795 1765 2815 a

1092 2828 1248 2867 Philippo
1289 2828 1494 2864 Quinctium,
1534 2828 1632 2858 nullis
1672 2827 1765 2858 sociis

1091 2871 1243 2901 cinctum.
1267 2871 1373 2901 Ciu-zv.
