1960 3218
139 239 184 271 U.
202 239 239 270 C.
264 246 335 278 553.

140 282 180 313 A.
202 281 241 313 C.
267 289 335 321 199.

222 687 259 728 7.

143 809 300 840 Censores

144 851 243 882 creati
260 850 325 882 Sci-

144 893 198 933 pio
214 897 246 924 et
263 894 325 924 Ae-

146 936 218 969 lius.

145 1501 207 1532 Cn.
223 1499 306 1532 Bae-

146 1543 219 1573 bius
235 1542 291 1573 cir-

144 1588 337 1615 eumventus

145 1637 165 1658 a
182 1627 297 1658 Gallis.

147 2070 186 2102 T.
205 2070 308 2106 Quin-

146 2113 229 2143 ctius
245 2124 285 2144 ex

145 2160 317 2193 quaestura

144 2199 266 2230 consul.

345 144 399 182 52
862 134 1011 177 ΤΙΤΙ
1053 134 1232 177 LIVII

346 229 624 286 fugatumque
638 242 794 284 regem,
805 226 948 268 castris
961 233 1154 267 exutum:
1180 223 1404 265 duodecim
1417 223 1549 265 millia
1559 224 1744 266 hostium

349 302 401 329 eo
417 286 576 343 proelio
597 301 728 335 caesa,
752 293 873 340 capta
893 283 978 324 duo
1006 282 1137 323 millia
1158 291 1201 323 et
1221 281 1438 331 ducentos,
1460 290 1503 323 et
1530 281 1648 338 signa
1667 282 1746 322 mi-

348 344 486 386 litaria
501 352 672 385 centum
686 342 858 398 triginta
873 340 970 390 duo,
985 355 1115 396 equos
1132 339 1336 380 ducentos
1352 339 1534 395 triginta.
1578 338 1744 380 Aedem

351 402 477 443 etiam
500 400 591 442 Iovi
611 401 656 441 in
685 415 735 441 eo
762 398 921 455 proelio
943 406 1095 447 votam,
1118 397 1152 438 si
1178 412 1243 438 res
1270 411 1467 452 prospere
1488 404 1606 452 gesta
1625 405 1743 437 esset.

355 458 500 500 Ceteri
524 457 678 499 Graeci
700 456 927 512 Latinique
950 463 1151 503 auctoreS,
1174 469 1353 510 quorum
1371 453 1545 509 quidem
1565 468 1643 510 ego
1664 453 1748 509 legi

351 515 534 565 annales,
572 514 679 555 nihil
718 512 987 554 memorabile
1029 527 1054 552 a
1093 511 1223 552 Villio
1259 519 1412 560 actum,
1449 510 1746 566 integrumque

351 573 510 616 bellum
556 572 851 628 insequentem
891 569 1106 611 consulem
1155 568 1206 610 T.
1241 568 1491 617 Quinctium
1539 568 1746 624 accepisse

351 630 534 673 tradunt.

412 688 531 729 Dum
551 687 654 729 haec
682 688 727 728 in
756 686 1009 728 Macedonia
1035 694 1251 742 geruntur,
1274 684 1419 727 consul
1440 684 1545 725 alter
1565 684 1614 725 L.
1634 683 1749 725 Len-

354 745 480 795 tulus,
510 746 583 802 qui
613 745 776 786 Romae
805 744 1055 793 substiterat,
1088 743 1257 785 comitia
1287 742 1527 784 censoribus
1557 741 1749 783 creandis

354 803 511 844 habuit.
575 802 726 843 Multis
757 801 876 842 claris
905 801 1145 857 petentibus
1175 801 1285 850 viris,
1317 800 1445 841 creati
1477 814 1668 841 censores
1698 798 1746 840 P.

358 860 581 902 Cornelius
624 859 764 915 Scipio
806 858 1031 899 Africanus
1071 867 1112 899 et
1159 857 1206 898 P.
1237 857 1385 898 Aelius
1425 856 1591 898 Paetus.
1674 855 1748 905 Hi,

354 932 507 974 magna
526 917 636 958 inter
656 931 698 958 se
721 915 956 965 concordia,
979 924 1021 957 et
1045 923 1236 956 senatum
1258 915 1346 956 sine
1372 913 1497 955 ullius
1517 922 1618 955 nota
1636 913 1750 970 lege-

354 984 465 1024 runt,
493 985 536 1015 et
562 974 746 1030 portoria
769 972 980 1014 venalium
1010 972 1182 1028 Capuae
1211 971 1497 1027 Puteolisque‚
1520 971 1621 1012 item
1647 970 1782 1017 Cas-4

355 1041 513 1073 trorum
536 1031 781 1087 portorium,
797 1046 881 1086 quo
903 1030 948 1071 in
969 1030 1061 1071 loco
1080 1045 1194 1071 nunc
1211 1029 1414 1085 oppidum
1431 1037 1506 1078 est,
1523 1028 1749 1069 fruendum
1763 1038 1780 1070 5

353 1089 568 1130 locarunt:
602 1088 855 1144 colonosque
878 1103 928 1129 eo
951 1096 1159 1128 trecentos
1180 1086 1234 1140 (is
1255 1087 1368 1127 enim
1389 1100 1590 1127 numerus
1605 1085 1750 1126 finitus

355 1147 407 1188 ab
436 1155 584 1187 senatu
612 1146 720 1201 erat)
742 1145 1033 1201 ascripserunt,
1056 1154 1099 1185 et
1122 1144 1199 1185 sub
1228 1143 1378 1184 Tifatis
1402 1142 1574 1199 Capuae
1602 1157 1750 1199 agrum

354 1203 649 1245 vendiderunt.
715 1202 801 1244 Sub
826 1202 940 1243 idem
969 1211 1134 1258 tempus
1160 1201 1209 1242 L.
1230 1200 1417 1242 Manlius
1451 1200 1667 1250 Acidinus,
1697 1214 1751 1241 ex

356 1259 565 1316 Hispania
594 1259 817 1309 decedens,
845 1259 1081 1315 prohibitus
1111 1274 1135 1300 a
1164 1258 1212 1299 P.
1232 1258 1382 1299 Porcio
1413 1257 1552 1299 Laeca
1581 1257 1750 1299 tribuno

354 1317 501 1373 plebis,
524 1332 577 1358 ne
607 1332 733 1358 ovans
758 1316 926 1366 rediret,
950 1331 1081 1372 quum
1110 1317 1161 1357 ab
1191 1324 1338 1357 senatu
1366 1315 1638 1371 impetrasset,
1666 1314 1751 1371 pri-

355 1383 474 1416 vatus
499 1375 646 1415 urbem
676 1374 918 1430 ingrediens
949 1373 1062 1414 mille
1091 1373 1274 1414 ducenta
1303 1372 1445 1428 pondo
1476 1372 1651 1428 argenti,
1678 1371 1751 1413 tri-

355 1431 473 1487 ginta
492 1431 634 1486 pondo
654 1431 783 1472 ferme
806 1432 895 1471 auri
916 1431 960 1471 in
982 1431 1186 1472 aerarium
1208 1430 1314 1471 tulit.

416 1488 579 1529 Eodem
601 1504 711 1529 anno
736 1487 816 1529 Cn.
837 1488 1019 1529 Baebius
1041 1487 1302 1543 Tamphilus,
1326 1487 1399 1543 qui
1427 1488 1478 1528 ab
1503 1486 1553 1528 C.
1574 1486 1751 1528 Aurelio

357 1544 527 1586 consule
550 1546 649 1586 anni
676 1545 825 1601 prioris
851 1545 1109 1601 provinciam
1135 1544 1314 1586 Galliam
1342 1552 1570 1600 acceperat,
1594 1553 1750 1585 temere

355 1602 565 1658 ingressus
590 1602 810 1643 Gallorum
838 1601 1079 1643 Insubrium
1101 1602 1218 1651 fines,
1240 1617 1370 1658 prope
1397 1617 1492 1642 cum
1522 1610 1609 1642 toto
1631 1616 1751 1642 exer-

356 1660 442 1700 citu
462 1668 525 1701 est
544 1660 875 1701 circumventus:
909 1675 1033 1715 supra
1053 1675 1125 1700 sex
1147 1659 1277 1700 millia
1296 1668 1338 1700 et
1359 1667 1577 1700 sexcentos
1597 1659 1751 1700 milites

356 1716 505 1758 amisit.
569 1717 710 1758 Tanta
725 1732 778 1757 ex
799 1732 850 1757 eo
870 1716 993 1766 bello,
1012 1716 1128 1773 quod
1148 1717 1231 1757 iam
1248 1716 1385 1757 timeri
1403 1716 1593 1766 desierat,
1611 1715 1751 1757 clades

356 1783 528 1830 accepta
543 1782 616 1815 est.
680 1773 744 1814 Ea
759 1788 824 1814 res
845 1773 894 1814 L.
911 1773 1143 1814 Lentulum
1160 1773 1373 1814 consulem
1391 1774 1441 1814 ab
1462 1774 1565 1814 urbe
1582 1773 1748 1814 excivit.

360 1830 460 1880 Qui,
498 1840 545 1871 ut
584 1830 629 1871 in
669 1830 927 1886 provinciam
967 1831 1083 1871 venit
1122 1830 1290 1886 plenam
1332 1830 1548 1880 tumultus,
1586 1830 1750 1886 trepido

357 1887 543 1928 exercitu
566 1896 750 1943 accepto,
774 1896 1006 1944 praetorem
1028 1887 1170 1928 multis
1190 1887 1351 1943 probris
1372 1887 1625 1943 increpitum
1653 1902 1750 1943 pro-

355 1944 494 1985 vincia
524 1944 742 1994 decedere,
772 1953 898 2001 atque
925 1945 1039 1986 abire
1072 1944 1253 1986 Romam
1284 1944 1413 1986 iussit.
1476 1944 1631 2000 Neque
1661 1945 1750 2001 ipse

356 2001 501 2042 consul
549 2001 818 2043 memorabile
867 2002 1091 2057 quicquam
1137 2002 1276 2058 gessit,
1317 2002 1582 2043 comitiorum
1628 2017 1752 2043 causa

357 2057 538 2099 Romam
580 2068 823 2108 revocatus3
874 2074 981 2114 quae
1022 2059 1112 2115 ipsa
1150 2074 1226 2115 per
1266 2058 1328 2100 M.
1354 2059 1550 2100 Fulvium
1591 2068 1632 2100 et
1673 2058 1747 2100 M’.

360 2115 539 2157 Curium
562 2116 750 2157 tribunos
770 2116 904 2172 plebis
924 2116 1274 2172 impediebantur,
1293 2116 1408 2173 quod
1429 2116 1480 2158 T.
1500 2116 1750 2165 Quinctium

358 2172 642 2214 Flamininum
651 2173 913 2214 consulatum
923 2189 976 2215 ex
986 2181 1209 2229 quaestura
1220 2182 1362 2229 petere
1372 2189 1457 2215 non
1470 2174 1746 2230 patiebantur.
1762 2180 1783 2213 6

358 2235 370 2254 ‘
384 2229 473 2270 Iam
495 2230 750 2271 aedilitatem
770 2238 1093 2286 praeturamque
1113 2231 1312 2272 fastidiri:
1346 2246 1424 2272 nec
1445 2247 1520 2287 per
1540 2231 1746 2272 honorum
1763 2244 1780 2277 7

357 2286 545 2342 ‘gradus,
568 2287 872 2329 documentum
900 2288 964 2328 sui
991 2287 1151 2336 dantes,
1173 2288 1334 2329 nobiles
1362 2288 1553 2329 homines
1574 2288 1747 2329 tendere

357 2344 435 2385 ‘ad
471 2343 747 2394 consulatum,
785 2344 859 2386 sed
891 2344 1226 2386 transcendendo
1266 2345 1416 2395 media,
1453 2360 1616 2386 summa
1655 2345 1749 2386 imis

399 2512 418 2537 4
442 2500 644 2538 Castrorum]
671 2500 786 2530 Castra
802 2500 835 2530 in
849 2499 1029 2539 Campania
1115 2500 1134 2531 6
1151 2501 1358 2532 Consulatum
1370 2512 1410 2532 ω’
1421 2503 1612 2542 quaestura]
1633 2502 1746 2538 Quum

356 2542 539 2580 quaerenda
562 2552 640 2578 esse,
656 2545 688 2572 et
706 2542 838 2572 forsitan
859 2543 1027 2573 castellum
1073 2544 1298 2573 tantummodo
1314 2549 1463 2583 quaestor
1482 2544 1604 2581 fuisset,
1620 2555 1679 2575 nec
1695 2556 1746 2576 ae-

355 2584 396 2614 ad
427 2583 542 2613 ostium
575 2584 730 2613 Vulturni
769 2588 914 2623 tempore
950 2585 1028 2614 belli
1073 2585 1245 2623 dilitatem,
1275 2596 1334 2616 nec
1371 2591 1553 2625 praeturam
1587 2587 1746 2626 gessisset.

357 2625 473 2656 Punici
497 2626 627 2655 secundi
651 2626 824 2663 munitum,
847 2636 931 2665 supr.
954 2637 1028 2657 xxv.
1074 2627 1179 2658 (ἷκεν.

358 2676 410 2704 20,
426 2667 520 2697 fuisse
537 2667 665 2697 coniicit
682 2667 848 2699 Drakenb.
1119 2676 1134 2707 7
1159 2671 1418 2710 Praeturamque
1426 2672 1594 2710 fastidiri]
1622 2672 1697 2702 Hoc
1713 2672 1745 2702 in

402 2717 419 2747 5
437 2711 624 2740 Fruendum
643 2711 806 2748 locarunt]
848 2710 912 2740 His
927 2711 1029 2741 verbis
1074 2711 1178 2750 ipsum
1207 2714 1370 2743 consulem
1396 2713 1572 2743 Lentulum
1601 2715 1746 2752 cadebat,

358 2751 558 2790 intelligendi
571 2755 643 2781 sunt
657 2762 801 2782 censores
813 2753 933 2783 locasse
950 2754 1028 2792 pub·
1074 2754 1127 2792 qui
1144 2765 1184 2784 ex
1200 2755 1376 2793 aedilitate,
1393 2766 1489 2794 quam
1512 2757 1627 2787 absens
1645 2766 1745 2796 gesse-

358 2793 470 2824 licanis
492 2793 650 2832 exigenda
670 2794 836 2833 vectigalia
859 2805 898 2825 ex
922 2795 959 2825 iis
983 2806 1027 2825 re·
1073 2800 1132 2832 rat,
1145 2807 1229 2835 supr.
1243 2797 1330 2827 xxix.
1347 2807 1391 2828 11.
1409 2798 1524 2828 omissa
1541 2802 1689 2838 praetura
1703 2799 1744 2829 ad

357 2836 426 2872 bus,
446 2846 528 2874 quae
550 2836 581 2866 in
606 2836 684 2866 locis
706 2837 890 2867 memoratis
915 2839 1028 2869 vende·
1073 2839 1277 2869 consulatum
1293 2841 1489 2873 ascenderat.
1513 2841 1616 2874 CREV.

354 2882 471 2911 rentur.
505 2878 543 2909 cf.
557 2878 691 2910 Niebhr.
709 2879 741 2909 ii.
758 2890 788 2910 n.
809 2888 878 2918 290.
