1960 3218
199 258 299 291 U.C.
320 264 391 298 5.7ο

201 301 394 335 A.O.1.82

276 1126 313 1164 6.

197 1180 360 1212 Lustratio

199 1225 357 1254 exercitus

196 1267 285 1305 apud
301 1268 372 1298 Ma-

200 1309 347 1342 cedonas.

198 1874 327 1906 Ludicri

195 1916 377 1947 certaminis

195 1959 295 1992 victor
312 1959 376 1990 De-

193 2001 336 2034 metrius.

400 160 483 201 436
909 156 1055 198 ΤΙΤΙ
1097 156 1276 199 LIVII

405 263 502 290 cum
522 263 572 289 eo
593 248 864 304 cogitationes
884 247 973 288 eius
996 247 1057 289 rei
1081 247 1170 289 dies
1198 263 1245 289 ac
1273 256 1415 290 noctes
1443 249 1635 306 agitabat.
1699 249 1785 291 Re-

407 306 583 356 dierant,
620 320 724 361 quos
762 305 866 346 forte
906 305 1072 346 miserat
1110 305 1155 346 in
1191 306 1411 347 Bastarnas
1450 306 1504 347 ad
1543 306 1786 348 arcessenda

408 363 574 413 auxilia,
596 363 941 428 adduxerantque
964 362 1061 404 inde
1082 363 1273 404 nobiles
1262 379 1445 414 luvenes,
1468 372 1510 405 ct
1537 365 1640 420 regii
1661 379 1786 420 quos-

408 421 505 462 dam
524 420 713 477 generis:
741 435 920 477 quorum
942 435 1049 461 unus
1070 435 1252 462 sororem
1272 436 1387 462 suam
1409 421 1453 462 in
1474 421 1784 463 matrimonium

408 478 595 535 Philippi
624 478 711 519 filio
739 477 1035 543 pollicebatur·
1068 487 1338 535 erexeratque
1370 479 1620 520 consociatio
1649 478 1785 535 gentis

408 536 497 577 eius
527 536 713 577 animum
742 536 860 592 regis.
923 535 1035 576 Tum
1064 535 1253 585 Perseus,
1286 542 1298 559 ⁶
1317 536 1433 584 Quid
1460 537 1538 578 ista
1564 536 1786 592 prosunt‘?’

409 594 556 649 inquit.
620 599 631 617 ⁶
648 593 929 649 Nequaquam
951 602 1113 633 tantum
1134 593 1178 633 in
1200 594 1380 635 externis
1401 594 1564 635 auxiliis
1585 603 1647 635 est
1667 609 1786 650 plae-

410 651 544 701 ‘sidii‚
585 660 789 707 quantum
828 650 1002 707 periculi
1040 650 1183 691 fraude
1224 650 1461 693 domestica.
1523 652 1813 693 Proditorem1

411 708 534 750 ‘nolo
555 708 705 757 dicere,
728 717 839 749 certe
870 708 1170 763 speculatorem
1201 707 1401 749 habemus
1428 709 1472 749 in
1501 710 1620 750 sinu:
1653 710 1784 758 cuius,

410 773 491 807 ‘ex
519 781 602 822 quo
630 767 748 807 obses
771 765 931 806 Romae
957 765 1047 814 fuit,
1069 780 1216 821 corpus
1246 765 1366 806 nobis
1395 765 1668 807 reddiderunt
1698 767 1786 807 Ro-

410 830 421 847 ‘
437 824 561 873 mani,
584 824 769 864 animum
790 823 868 878 ipsi
889 822 1055 863 habent.
1120 822 1323 863 Omnium
1348 838 1480 878 paene
1502 822 1786 864 Macedonum

410 882 481 921 ‘in
511 896 608 922 eum
639 895 711 922 ora
741 895 938 921 conversa
969 888 1090 921 sunt:
1134 895 1213 921 nec
1243 895 1384 937 regem
1415 896 1458 921 se
1488 880 1614 921 alium
1644 889 1788 922 rentur

410 938 650 979 ‘habituros
678 953 778 987 esse,
801 953 926 993 quam
951 952 1077 993 quem
1104 937 1287 978 Romani
1307 938 1545 979 dedissent.’
1604 937 1684 979 His
1713 953 1789 994 per

408 1011 450 1037 se
481 1011 603 1052 aegra
632 1011 750 1037 mens
779 995 888 1036 senis
917 994 1232 1036 stimulabatur:
1266 1004 1308 1036 et
1332 996 1472 1037 animo
1495 995 1639 1052 magis,
1661 1010 1818 1053 quamz

407 1053 537 1103 vultu,
560 1069 609 1094 ea
628 1053 803 1094 crimina
822 1053 1062 1109 accipiebat.

465 1110 588 1152 Forte
618 1110 822 1151 lustrandi
855 1111 1062 1151 exercitus
1094 1110 1210 1151 venit
1242 1119 1418 1167 tempus,
1451 1112 1569 1152 cuius
1601 1110 1816 1152 sollenne3

407 1177 469 1210 est
500 1169 591 1210 tale.
656 1168 798 1224 Caput
828 1168 989 1209 mediae
1020 1168 1133 1209 canis
1162 1169 1369 1224 praecisae
1401 1178 1442 1210 et
1471 1169 1583 1225 prior
1611 1184 1704 1225 pars
1734 1168 1819 1209 ad4

408 1226 610 1276 dextram,
629 1241 724 1267 cum
741 1226 848 1267 extis
867 1226 1070 1282 posterior
1089 1225 1142 1267 ad
1163 1226 1320 1267 laevam
1336 1227 1425 1267 viae
1442 1226 1623 1282 ponitur.
1671 1226 1788 1267 Inter

407 1284 514 1325 hanc
534 1284 707 1325 divisam
729 1284 906 1324 hostiam
934 1283 1076 1339 copiae
1105 1293 1284 1324 armatae
1313 1284 1598 1325 traducuntur.
1659 1283 1787 1325 Prae-

406 1342 597 1384 feruntur
626 1341 761 1397 primo
793 1340 949 1397 agmini
982 1356 1094 1381 arma
1126 1341 1303 1396 insignia
1335 1341 1521 1382 omnium
1558 1342 1609 1382 ab
1641 1340 1788 1382 ultima

407 1399 565 1454 origine
597 1398 873 1439 Macedoniae
906 1413 1076 1453 regum:
1111 1398 1264 1439 deinde
1295 1413 1369 1438 rex
1402 1398 1488 1454 ipse
1521 1412 1617 1439 cum
1646 1397 1786 1439 liberis

406 1456 618 1511 sequitur:
652 1455 842 1512 proxima
868 1464 930 1496 est
956 1455 1069 1511 regia
1098 1455 1244 1496 cohors
1271 1456 1546 1511 custodesque
1575 1455 1781 1511 corporis:

405 1522 660 1569 postremum
692 1528 841 1569 agmen
874 1512 1159 1553 Macedonum
1189 1522 1326 1554 cetera
1358 1512 1582 1554 multitudo
1615 1513 1782 1553 claudit.

406 1571 559 1612 Latera
588 1570 696 1626 regis
725 1570 809 1611 duo
836 1569 949 1610 filii
939 1585 1111 1610 iuvenes
1138 1570 1373 1626 cingebant,
1396 1570 1573 1610 Perseus
1602 1570 1684 1610 iam
1714 1570 1787 1610 tri-

405 1628 606 1669 cesimum
646 1642 803 1669 annum
839 1641 978 1684 agens,
1016 1627 1258 1668 Demetrius
1290 1627 1582 1683 quinquennio
1622 1627 1783 1677 minor3

405 1685 544 1726 medio
572 1685 765 1726 iuventae
794 1685 940 1726 robore
968 1684 1049 1734 ille,
1072 1685 1140 1726 hic
1167 1685 1295 1734 fiore3
1328 1685 1527 1726 fortunati
1552 1685 1678 1741 patris
1699 1700 1786 1725 ma-

406 1752 497 1784 tura
526 1742 702 1792 suboles,
729 1743 762 1783 si
792 1757 910 1783 mens
940 1757 1038 1783 sana
1066 1742 1220 1783 fuisset.
1283 1742 1381 1783 Mos
1411 1750 1510 1791 erat,
1532 1741 1785 1783 lustrationis

404 1815 518 1842 sacro
539 1808 720 1856 peracto,
737 1799 967 1841 exercitum
989 1799 1220 1849 decurrere,
1240 1808 1282 1840 et
1303 1799 1453 1840 divisas
1474 1798 1661 1839 bifariam
1681 1798 1785 1840 duas

404 1857 512 1899 acies
547 1872 791 1898 concurrere
828 1856 881 1897 ad
916 1856 1181 1897 simulacrum
1217 1871 1393 1912 pugnae.
1457 1856 1581 1912 Regii
1613 1856 1784 1897 iuvenes

405 1915 532 1956 duces
560 1915 599 1956 ei
627 1914 787 1956 ludicro
814 1914 1029 1955 certamini
1056 1914 1154 1955 dati.
1219 1913 1420 1955 Ceteium
1442 1928 1527 1954 non
1547 1913 1685 1969 imago
1705 1913 1785 1954 fuit

404 1987 582 2030 pugnae,
604 1972 691 2022 sed,
714 1981 913 2028 tanquam
941 1972 993 2012 de
1018 1986 1146 2027 regno
1177 1971 1454 2021 dimicaretur,
1478 1971 1535 2011 ita
1564 1986 1784 2012 concurre-

404 2038 514 2080 runt,
536 2029 750 2086 multaque
774 2029 946 2070 vulnera
973 2028 1144 2070 sudibus
1169 2029 1300 2077 facta3
1332 2044 1410 2069 nec
1440 2036 1606 2085 praeter
1629 2028 1813 2071 ferrum5

403 2088 629 2144 quicquam
659 2087 792 2129 defuit
822 2086 875 2128 ad
904 2087 1054 2128 iustam
1087 2086 1185 2128 belli
1217 2086 1408 2142 speciem.
1471 2085 1571 2127 Pars
1592 2101 1653 2135 ea,
1675 2101 1782 2142 quae

403 2145 479 2186 sub
501 2144 719 2186 Demetrio
744 2152 843 2193 erat,
866 2144 988 2200 longe
1015 2144 1201 2209 superior
1220 2144 1309 2185 fuit.
1372 2143 1423 2184 Id
1448 2158 1569 2200 aegre
1597 2144 1782 2199 patiente

404 2202 569 2252 Perseo,
600 2201 743 2244 laetari
776 2201 1003 2258 prudentes
1035 2201 1157 2242 amiel
1190 2201 1290 2251 eius,
1322 2216 1498 2257 eamque
1531 2216 1620 2242 rem
1651 2201 1783 2256 ipsam

402 2259 540 2301 dicere
561 2260 839 2316 praebituram
860 2274 1026 2300 causam
1042 2258 1322 2300 criminandi
1311 2273 1483 2300 luvems.
1531 2257 1782 2299 Convivium

403 2332 453 2358 eo
485 2317 553 2358 die
587 2316 804 2366 sodalium,
839 2317 913 2372 qui
945 2316 1068 2357 simul
1099 2316 1380 2366 decuirerant,
1414 2324 1588 2371 uterque
1622 2314 1780 2363 habuit,

403 2390 535 2430 quum
559 2383 727 2415 vocatus
757 2374 810 2415 ad
839 2389 1011 2415 coenam
1043 2374 1094 2415 ab
1125 2373 1342 2414 Demetrio
1373 2373 1548 2413 Peiseus
1578 2379 1777 2427 negasset.

404 2431 525 2472 Festo
552 2431 619 2472 die
647 2431 835 2473 invitatio
863 2431 1045 2486 benigna
1074 2439 1116 2472 ct
1146 2430 1328 2471 hilaritas
1356 2429 1554 2470 iuvenalis
1582 2437 1779 2484 utrosque

403 2488 446 2528 in
468 2489 611 2529 vinum
633 2489 769 2530 traxit.
834 2487 1189 2530 Commemoratio
1216 2487 1274 2528 ibi
1301 2486 1535 2527 certaminis
1562 2485 1711 2527 ludicri
1738 2494 1780 2527 et

450 2621 462 2641 1
488 2613 619 2643 Fraude
655 2612 837 2648 domestica]
878 2614 920 2642 In
945 2612 1071 2650 fraude
1116 2608 1300 2648 Hesychius
1315 2610 1418 2640 docet.
1442 2609 1481 2640 cf.
1500 2609 1542 2645 Q.
1558 2609 1648 2641 Curt.
1663 2619 1694 2639 Χ.
1711 2618 1741 2650 9.

404 2656 570 2685 domestica
592 2657 723 2684 auctore
744 2654 907 2684 Gronovio
930 2652 1070 2692 reposuit
1156 2662 1175 2688 4
1198 2652 1304 2691 Caput
1330 2653 1449 2683 mediae
1478 2653 1568 2683 canis
1594 2651 1776 2691 praecisae]

406 2697 546 2727 Bekker.
1113 2694 1222 2732 Caput
1252 2698 1283 2723 ct
1312 2694 1450 2724 anterior
1476 2704 1548 2736 pars
1574 2694 1672 2731 cunis,
1696 2703 1779 2733 quae

448 2749 464 2769 2
488 2741 596 2778 Λερνα
611 2740 715 2776 mens]
741 2748 783 2768 sc.
800 2737 901 2768 Curis.
926 2736 1035 2767 Dona.
1112 2740 1198 2766 secta
1214 2736 1319 2766 media
1335 2740 1391 2767 cst.
1415 2738 1519 2768 Cum.

446 2790 462 2820 3
488 2782 663 2812 Lustrandi
692 2781 866 2818 exercitus]
904 2780 977 2809 1100
1009 2779 1068 2808 sol-
1156 2787 1172 2816 5
1196 2780 1453 2818 &adibus-facta]
1478 2779 1634 2815 Iu'wlibus,
1649 2781 1779 2808 auctore

404 2825 498 2854 lonne
517 2825 558 2854 ad
574 2824 658 2854 diem
675 2826 823 2853 octavum
844 2822 961 2852 mensis
978 2822 1067 2851 Xan·
1113 2820 1139 2851 G
1148 2821 1276 2851 ronovio
1289 2825 1321 2852 et
1336 2823 1488 2860 probante
1502 2819 1778 2858 Drakenborchio,

403 2866 492 2903 thici,
508 2866 560 2905 qui
578 2866 747 2905 respondet
762 2864 867 2904 Aprili
887 2867 1004 2900 nostro,
1020 2874 1067 2894 ce·
1113 2863 1253 2903 reposuit
1270 2864 1409 2897 Bekker,

402 2909 528 2947 lebrari,
550 2913 583 2939 ct
606 2907 807 2940 Xanthicum
831 2907 952 2938 dictum
973 2907 1069 2937 fuisse
