1960 3218
123 247 166 278 U.
185 248 223 278 C.
247 247 317 287 562.

120 289 159 321 A.
184 291 222 322 C.
249 300 318 332 190.

121 769 309 808 Repellitur

122 812 316 850 Antiochus,

121 858 153 885 et
169 855 261 894 fugit.

187 1858 256 1896 44.

331 152 413 190 302
852 147 1001 190 ΤΙΤΙ
1043 146 1222 192 L1V11

331 240 445 281 dicto
473 249 680 296 parerent.
743 239 963 281 Postremo
985 240 1057 281 dat
1086 240 1252 296 signum
1284 239 1380 288 suis,
1403 245 1450 279 ut
1479 237 1635 294 primos
1664 236 1730 278 fu-

331 298 537 354 gientium
560 298 751 347 caedant,
776 299 940 339 turbam
962 297 1274 353 insequentium
1294 296 1403 337 ferro
1424 305 1467 336 et
1487 295 1730 336 vulneribus

332 357 374 396 in
400 356 540 397 hostes
562 355 765 411 redigant.
831 355 915 396 Hic
938 356 1069 396 maio'r
1091 355 1214 396 timor
1234 355 1440 395 minorem
1463 353 1573 394 vicit.
1637 352 1731 393 An-

332 413 451 470 cipiti
479 414 613 455 coacti
639 422 757 454 metu
784 413 920 469 primo
942 413 1243 461 constiterunt3
1278 411 1433 453 deinde
1457 420 1498 452 et
1519 410 1599 466 ipsi
1619 409 1731 451 redi-

332 480 456 512 erunt
489 471 532 511 in
566 486 765 527 pugnam,
796 480 839 512 et
872 471 1080 512 Aemilius
1111 486 1206 511 cnm
1243 485 1317 511 suo
1353 469 1559 525 praesidio
1591 468 1732 523 (erant

333 538 474 570 autem
511 529 595 570 duo
632 529 762 569 millia
794 529 977 569 virorum
1014 528 1204 581 fortium)
1240 528 1369 568 effuse
1406 526 1601 582 sequenti
1641 524 1731 580 regi

333 587 484 628 acriter
514 587 676 628 restitit.
742 586 798 627 Et
821 586 1002 636 Attalus,
1028 586 1230 626 Eumenis
1258 585 1395 633 frater,
1419 600 1443 624 a
1463 584 1612 624 dextro
1640 597 1731 624 cor-

333 660 404 694 nu,
432 660 455 685 a
477 659 561 700 quo
590 644 755 685 laevum
787 644 970 684 hostium
1003 644 1138 699 primo
1171 644 1331 698 impetn
1362 642 1549 698 fugatum
1579 641 1729 690 fuerat,

334 712 381 743 ut
403 702 453 743 ab
475 702 641 742 sinistro
662 702 804 757 fugam
827 716 997 741 suorum
1021 709 1061 741 et
1085 700 1312 741 tumultum
1333 700 1442 740 circa
1463 707 1595 739 castra
1610 698 1729 748 vidit,

334 760 378 800 in
412 769 598 815 tempore
635 774 730 799 cum
763 759 955 799 ducentis
992 758 1204 814 equitibus
1231 757 1413 798 advenit.
1478 755 1729 804 Antiochus,

334 826 554 873 postquam
589 826 630 857 et
663 832 745 865 θος,
774 831 953 872 quorum
987 824 1103 871 terga
1134 815 1259 855 modo
1290 815 1465 863 viderat,
1493 822 1731 869 repetentes

334 890 532 931 pugnam,
556 884 598 915 et
620 874 743 915 aliam
773 883 815 914 et
840 889 864 914 a
889 873 1032 914 castris
1055 882 1097 913 ct
1119 888 1171 914 ex
1194 872 1280 913 acie
1304 872 1545 913 affluentem
1567 871 1731 911 turbam

334 932 565 988 conspexit,
590 933 633 971 in
655 932 796 987 fugam
819 931 942 972 vertit
968 946 1137 986 equum.
1201 930 1266 970 Ita
1288 938 1466 984 utroque
1496 943 1625 969 cornu
1646 928 1732 969 vic-

334 999 444 1031 tores
467 989 650 1030 Romani
682 1004 756 1045 per
787 1004 955 1029 acervos
984 1003 1206 1044 corporum
1229 989 1354 1043 (quos
1385 987 1430 1027 in
1455 986 1594 1027 media
1615 1001 1733 1026 max-

333 1048 416 1088 ime
440 1047 527 1088 acie
550 1047 878 1096 cumulaverant,
898 1047 969 1088 ubi
990 1058 1032 1087 et
1053 1047 1180 1087 robur
1200 1045 1517 1086 fortissimorum
1532 1044 1730 1093 virorum,

333 1116 376 1146 et
409 1120 524 1146 arma
555 1105 757 1161 gravitate
792 1104 934 1160 fugam
969 1104 1270 1160 impedierant)
1295 1110 1477 1159 pergunt
1509 1101 1562 1142 ad
1599 1110 1732 1142 castra

333 1163 582 1219 diripienda.
648 1162 826 1219 Equites
861 1162 987 1218 primi
1023 1162 1212 1202 omnium
1253 1160 1469 1209 Eumenis,
1504 1159 1657 1200 deinde
1690 1168 1733 1200 et

334 1221 438 1262 alins
471 1221 683 1277 equitatus
719 1229 807 1261 toto
842 1220 995 1276 passim
1029 1234 1177 1275 campo
1214 1226 1449 1274 sequuntur
1480 1218 1657 1266 hostem,
1690 1225 1732 1258 et

333 1288 578 1335 postremos,
622 1287 668 1319 ut
701 1293 890 1334 quosque
932 1277 1073 1333 adepti
1114 1286 1224 1326 sunt,
1267 1275 1462 1317 caedunt.
1529 1275 1732 1316 Ceterum

334 1337 594 1392 fugientibus
625 1336 756 1377 maior
780 1335 922 1392 pestis,
952 1335 1207 1376 intermixtis
1228 1333 1454 1390 quadrigis,
1478 1332 1732 1389 elephantis-

335 1410 432 1450 que,
456 1403 498 1435 et
526 1393 696 1435 cameHs
722 1402 823 1443 erat,
846 1401 888 1434 et
918 1408 993 1433 sua
1023 1393 1207 1448 ipsorum
1240 1392 1384 1432 turba:
1421 1406 1565 1446 quum,
1587 1390 1732 1431 solutis

336 1452 565 1501 ordinibus,
589 1451 703 1492 velut
724 1451 838 1492 caeci
859 1466 984 1506 super
1015 1451 1115 1491 alios
1147 1450 1215 1491 alii
1248 1457 1429 1498 ruentes,
1453 1449 1622 1489 incursu
1643 1447 1733 1489 bel-

335 1509 500 1550 luarum
532 1510 833 1550 obtererentur.
897 1508 948 1549 In
970 1508 1112 1549 castris
1134 1522 1303 1564 quoque
1336 1507 1497 1563 ingenS,
1530 1515 1573 1547 et
1601 1506 1733 1546 maior

335 1582 466 1623 prope
489 1582 615 1623 quam
648 1567 691 1607 in
721 1567 823 1616 acie,
846 1566 995 1607 caedes
1019 1574 1080 1606 est
1103 1566 1226 1606 edita.
1291 1564 1404 1605 Nam
1431 1573 1473 1605 et
1500 1564 1732 1620 primorum

335 1625 434 1681 fuga
455 1625 497 1665 in
520 1634 653 1666 castra
674 1624 856 1665 maxime
879 1623 1124 1672 inclinavit3
1158 1632 1200 1664 et
1220 1623 1345 1663 huius
1367 1622 1522 1662 fiducia
1542 1621 1734 1662 multitu-

336 1683 460 1732 dinis,
484 1683 557 1739 qui
583 1683 627 1722 in
658 1682 866 1738 praesidio
898 1690 1027 1731 erant,
1054 1681 1309 1737 pertinacius
1339 1695 1415 1736 pro
1436 1679 1544 1720 vallo
1571 1694 1734 1735 pugna-

335 1749 446 1781 runt.
519 1740 693 1781 Retenti
731 1740 774 1780 in
815 1740 946 1796 portis
981 1739 1186 1794 valloque,
1223 1753 1330 1794 quae
1368 1753 1409 1778 se
1446 1737 1608 1793 impetu
1643 1737 1732 1793 ipso

337 1808 531 1854 capturos
556 1797 836 1846 crediderant,
862 1797 1058 1846 Romani,
1081 1805 1304 1852 postquam
1331 1795 1501 1836 tandem
1533 1809 1731 1850 perrupe-

336 1865 448 1905 runt,
483 1856 534 1897 ab
572 1855 633 1896 ira
663 1855 895 1911 graviorem
926 1854 1151 1895 ediderunt
1178 1853 1362 1895 caedem.
1427 1852 1499 1893 Ad
1524 1852 1734 1908 quinqua-

335 1914 454 1969 ginta
487 1913 617 1954 millia
649 1913 840 1969 peditum
873 1927 991 1953 caesa
1019 1927 1068 1953 eo
1100 1911 1168 1952 die
1201 1911 1411 1960 dicuntur,
1435 1910 1626 1966 equitum
1657 1910 1734 1950 tria

337 1971 467 2012 millia
485 1987 494 2020 3
533 1970 646 2012 mille
669 1979 711 2012 et
732 1970 1031 2027 quadringenti
1052 1969 1175 2025 capti,
1199 1977 1241 2010 et
1263 1968 1504 2024 quindecim
1527 1982 1623 2008 cum
1644 1982 1734 2008 rec-

337 2029 495 2070 toribus
536 2028 761 2085 elephanti.
839 2028 1128 2069 Romanornm
1157 2026 1330 2082 'aliquot
1362 2025 1569 2067 vulnerati
1610 2034 1731 2074 sunt3

337 2087 581 2128 ceciderunt
617 2101 703 2127 non
736 2085 830 2142 plus
862 2086 1038 2127 trecenti
1074 2084 1252 2141 pedites,
1283 2092 1482 2140 quattuor
1512 2092 1554 2124 et
1583 2082 1735 2139 viginti

337 2145 524 2200 equites3
558 2152 598 2185 et
621 2144 674 2185 de
699 2143 903 2184 Eumenis
926 2143 1115 2184 exercitu
1137 2142 1325 2198 quinque
1349 2151 1390 2182 et
1410 2141 1570 2197 viginti.

397 2202 453 2243 Et
474 2201 544 2242 illo
567 2202 739 2257 quidem
762 2201 830 2242 die
851 2201 1042 2250 victores,
1065 2200 1238 2256 direptis
1260 2199 1443 2240 hostium
1465 2199 1619 2247 castris,
1637 2213 1733 2239 eum

337 2275 490 2315 magna
520 2259 675 2315 praeda
708 2259 750 2299 in
783 2274 857 2299 sua
889 2266 1177 2304 reverterunt3
1210 2265 1376 2313 postero
1404 2256 1472 2297 die
1501 2255 1735 2312 spoliabant

338 2332 553 2358 caesorum
590 2332 776 2372 corpora,
812 2325 854 2357 et
889 2316 1074 2372 captivos
1110 2315 1425 2356 contrahebant.
1495 2312 1645 2369 Legati
1682 2312 1767 2353 ab6

340 2374 544 2431 Thyatira
576 2382 619 2415 et
655 2390 679 2414 a
711 2373 933 2430 Magnesia
967 2373 1020 2414 ad
1055 2372 1246 2429 Sipylum
1279 2372 1332 2412 ad
1364 2370 1578 2411 dedendas
1611 2371 1736 2411 urbes

339 2441 558 2473 venerunt.
623 2432 873 2481 Antiochus,
897 2446 993 2472 cum
1021 2432 1164 2486 paucis
1189 2429 1366 2485 fngienS,
1390 2428 1433 2468 in
1464 2428 1554 2484 ipso
1583 2427 1733 2469 itinere

340 2489 529 2545 pluribus
547 2489 898 2545 congregantibus
915 2504 970 2537 se,
986 2488 1152 2529 modica
1173 2502 1300 2527 manu
1322 2494 1574 2526 armatorum
1596 2485 1736 2526 media

340 2547 469 2587 ferme
502 2556 624 2587 nocte
661 2546 811 2587 Sardes
843 2545 1072 2587 contendit.
1139 2544 1256 2593 Inde,
1280 2558 1409 2599 quum
1440 2543 1635 2592 audisset,
1661 2542 1736 2584 Se-

341 2604 506 2645 leucum
539 2603 672 2643 filium
695 2612 737 2644 et
759 2603 963 2658 quosdam
995 2603 1223 2643 amicorum
1257 2600 1490 2656 Apameam
1521 2615 1736 2657 praegres-

341 2677 418 2711 sos,
446 2670 487 2702 et
513 2661 599 2716 ipsc
623 2669 770 2717 quarta
790 2660 932 2716 vigilia
962 2674 1058 2701 cum
1087 2659 1265 2714 coniuge
1296 2674 1341 2699 ac
1375 2658 1460 2699 filia
1486 2658 1593 2714 petit
1619 2660 1736 2714 Apa-

385 2790 404 2819 6
428 2790 477 2819 Ab
498 2790 668 2827 Thyatira]
712 2788 819 2827 Vulgo
846 2786 941 2816 huius
968 2797 1016 2816 nr·
1064 2795 1112 2826 29.
1133 2786 1286 2825 leiatyra
1314 2786 1452 2815 alluitur
1475 2786 1566 2824 Lyco.
1611 2784 1654 2814 Et
1667 2784 1735 2815 Ste-

344 2832 390 2861 bis
406 2842 522 2862 nomen
539 2831 668 2861 effertur
690 2834 802 2860 neutro
818 2839 945 2869 genere,
960 2839 1017 2859 nn-
1062 2827 1188 2868 phanus
1205 2828 1286 2858 hanc
1304 2838 1431 2867 quoqne
1447 2827 1585 2858 nominis
1600 2827 1734 2857 formam

344 2885 431 2904 mero
448 2874 617 2913 plurativo.
664 2873 726 2904 Sed
744 2872 1018 2912 quemadmodum
1065 2872 1186 2910 probat.
1212 2872 1317 2902 Cum.

344 2917 395 2947 hic
424 2917 545 2954 Livius,
571 2916 616 2947 sic
643 2920 673 2946 et
700 2915 835 2948 Plinius.
860 2914 904 2945 H.
924 2914 966 2945 N.
990 2924 1017 2945 r.
