1960 3218
349 145 429 183 154
859 141 1008 183 TITI
1051 140 1226 183 LIVlI

135 245 179 276 U.
197 245 235 275 C.
259 233 440 283 557.sidii
461 248 584 274 causa
607 232 799 282 habebat,
815 233 972 283 liceret,
988 233 1160 274 tradidit
1179 232 1382 281 Quinctio
1399 233 1557 274 urbem.
1601 231 1743 273 Prius-

134 288 175 319 Α·
199 288 237 319 C·
263 294 331 328 Ῑ95·
346 295 473 347 quam
509 290 718 348 Gythium
757 291 1002 340 traderetur,
1038 291 1310 347 Pythagoras,
1348 290 1581 346 praefectus
1621 289 1743 345 Argis

345 349 527 397 relictus,
559 349 711 389 tradita
744 349 933 389 custodia
966 349 1079 389 urbis
1109 348 1339 389 Timocrati
1370 347 1621 396 Pellenensi,
1645 361 1743 388 eum

347 406 460 447 mille
493 406 759 447 mercenariis
781 406 994 455 militibus,
1018 415 1061 447 et
1082 406 1245 447 duobus
1267 405 1448 447 millibus
1471 405 1741 460 Argivorum,

348 464 713 505 Lacedaemonem
736 464 789 505 ad
813 463 956 504 Nabin
979 464 1104 504 venit.
1551 459 1553 461 ¹

200 529 267 567 30.
407 521 552 571 Nabis,
571 522 678 563 sicut
699 522 834 578 primo
856 522 1039 562 adventu
1060 521 1276 563 Romanae
1299 521 1437 562 elassis
1454 530 1496 562 et
1518 520 1742 561 traditione

137 584 242 632 Nabis
254 585 317 615 col-
348 579 599 636 oppidorum
632 580 862 620 maritimae
889 595 983 620 orae
1016 579 1266 620 conterritus
1291 587 1390 628 erat,
1413 579 1484 627 sie,
1514 593 1641 634 parva
1670 592 1742 633 spe

137 628 283 701 loeqffum
348 653 480 694 quum
511 637 798 693 acquievisset,
835 636 996 693 Gythio
1029 637 1080 678 ab
1115 637 1199 677 suis
1232 645 1409 685 retento,
1442 646 1663 692 postquam
1700 634 1744 675 id

137 681 158 710 p
222 694 230 702 ⁰
348 711 517 751 quoque
555 695 755 735 traditum
791 694 994 735 Romanis
1031 694 1190 735 audivit
1230 709 1332 743 esse,
1367 709 1499 750 quum
1533 694 1584 734 ab
1622 701 1743 742 terra,

349 754 543 795 omnibus
564 753 673 794 circa
693 752 895 802 hostibus,
914 752 1020 792 nihil
1041 752 1130 808 spei
1152 761 1272 801 esset,
1296 767 1320 792 a
1340 752 1443 792 mari
1465 766 1634 807 quoque
1657 758 1745 791 toto

348 827 390 852 se
414 811 699 860 interclusum,
715 810 951 851 cedendum
969 810 1160 850 fortunae
1178 818 1304 858 ratus,
1322 809 1638 850 caduceatorem
1661 807 1746 864 pri·
1759 820 1778 848 4

349 884 465 910 mum
493 869 537 909 in
566 877 698 909 castra
720 868 831 908 misit
853 868 905 908 ad
928 867 1247 923 explorandum,
1270 868 1303 907 si
1324 875 1568 923 paterentur
1588 865 1746 921 legatos

349 927 403 967 ad
434 942 476 967 se
507 926 629 967 mitti.
696 925 794 974 Qua
824 926 1046 981 impetrata
1066 940 1122 974 re,
1146 925 1407 981 Pythagoras
1439 924 1492 964 ad
1522 924 1747 979 imperato-

350 999 438 1025 rem
460 984 587 1033 venit,
611 983 736 1024 nullis
757 999 853 1024 eum
882 982 971 1023 aliis
1003 983 1221 1032 mandatis,
1245 997 1371 1038 quam
1394 991 1440 1022 ut
1462 990 1640 1038 tyranno
1661 980 1747 1021 eol-

350 1042 466 1098 loqui
498 1057 595 1083 cum
631 1042 880 1097 imperatore
914 1040 1069 1081 liceret.
1137 1040 1327 1081 Consilio
1361 1040 1575 1088 advocato,
1615 1050 1778 1094 quums

351 1115 496 1141 omnes
517 1099 705 1140 dandum
728 1098 983 1154 colloquium
1006 1099 1278 1147 censuissent,
1302 1098 1391 1138 dies
1421 1097 1621 1152 locusque
1648 1111 1749 1136 con-

352 1158 547 1198 stituitur.
611 1157 663 1198 In
695 1156 858 1198 mediae
890 1156 1071 1212 regionis
1104 1155 1299 1205 tumulos,
1322 1155 1498 1196 modieis
1523 1154 1654 1210 copiis
1685 1168 1749 1194 se-

353 1215 591 1271 quentibus,
616 1230 747 1271 quum
769 1214 993 1263 venissent,
1017 1214 1172 1255 relictis
1203 1214 1261 1254 ibi
1292 1214 1336 1253 in
1367 1213 1544 1253 statione
1573 1226 1749 1267 conspe-

352 1283 419 1314 cta
456 1273 665 1328 utrimque
703 1272 958 1321 cohortibus,
996 1271 1130 1312 Nabis
1162 1286 1258 1312 cum
1292 1270 1465 1312 delectis
1505 1269 1748 1310 custodibus

352 1331 547 1387 corporis,
576 1330 802 1378 Quinctius
833 1345 929 1370 cum
961 1330 1084 1370 fratre
1111 1338 1151 1370 et
1176 1329 1367 1370 Eumene
1390 1343 1500 1382 rege,
1524 1337 1566 1368 et
1591 1326 1749 1367 Sosilao

354 1388 539 1438 Rhodio,
558 1397 600 1429 et
623 1389 846 1429 Aristaeno
870 1387 1138 1428 Achaeorum
1160 1396 1364 1442 praetore,
1388 1385 1649 1440 tribunisque
1672 1383 1751 1424 mi-

208 1457 274 1495 31,
354 1446 475 1487 litum
501 1446 644 1502 paucis
666 1445 894 1486 descendit.
958 1445 1023 1485 Ibi
1045 1445 1259 1500 permisso,
1284 1453 1340 1493 ut,
1364 1459 1438 1484 seu
1460 1443 1598 1484 dicere
1620 1441 1747 1497 priUS,

145 1512 289 1561 Tyranni
354 1519 428 1545 seu
449 1504 592 1545 audire
615 1503 769 1553 mallet,
793 1503 851 1544 ita
872 1503 1011 1558 coepit
1032 1512 1256 1559 tyrannus:
1293 1508 1304 1525 ⁶
1324 1501 1367 1542 Si
1389 1501 1476 1556 ipse
1498 1515 1573 1557 per
1594 1515 1674 1548 mc,
1696 1499 1747 1540 T.

144 1560 255 1587 ‘’mm'·
357 1567 368 1585 ⁶
385 1562 575 1611 Quincti,
598 1576 768 1617 vosque,
792 1561 865 1616 qui
892 1560 1057 1609 adestis,
1081 1575 1245 1600 causam
1268 1560 1518 1614 excogitare,
1543 1573 1616 1598 cur
1647 1556 1751 1597 mihi

357 1626 453 1661 ‘aut
494 1619 749 1660 indixissetis
788 1618 959 1667 bellum,
997 1627 1069 1658 aut
1109 1618 1327 1666 inferretis,
1365 1631 1527 1672 possem
1547 1631 1556 1664 3
1600 1614 1751 1655 tacitus

358 1684 581 1719 ‘eventum
617 1677 808 1717 fortunae
847 1691 964 1716 meae
999 1684 1315 1731 exspectassem.
1380 1673 1509 1714 Nunc
1546 1673 1751 1728 imperare

358 1736 522 1777 ‘animo
559 1735 743 1790 nequivi,
777 1733 893 1789 quin,
926 1732 1168 1789 priusquam
1205 1733 1398 1788 perirem,
1433 1746 1507 1772 cur
1542 1730 1752 1786 periturus

358 1800 528 1842 ‘essem,
558 1793 718 1833 scirem.
784 1791 852 1840 Et,
885 1790 1068 1839 hercule,
1102 1790 1135 1830 si
1164 1790 1265 1830 tales
1299 1789 1454 1838 essetis,
1488 1787 1632 1844 quales
1663 1802 1751 1829 esse

359 1858 370 1875 ‘
387 1850 756 1905 Carthaginienses
778 1849 887 1889 fama
908 1858 981 1897 est,
1005 1847 1118 1903 apud
1140 1863 1244 1903 quos
1276 1847 1379 1887 nihil
1411 1846 1619 1887 societatis
1648 1844 1753 1885 fides

360 1908 516 1949 ‘sancti
539 1908 734 1956 haberet3
767 1907 809 1946 in
834 1922 899 1947 me
923 1921 1092 1961 quoque
1115 1905 1230 1946 vobis
1258 1905 1362 1960 quid
1392 1903 1582 1944 faceretis
1613 1902 1785 1942 1ninus6

360 1967 503 2023 ‘pensi
536 1981 637 2014 esse,
671 1980 756 2005 non
788 1964 969 2004 mirarer.
1035 1963 1075 2003 N
1083 1978 1176 2012 unc,
1201 1977 1331 2018 quum
1352 1977 1425 2002 vos
1456 1962 1635 2009 intueor,
1665 1960 1753 2000 Ro-

360 2031 530 2065 ‘manos
555 2038 642 2064 esse
665 2023 800 2071 video,
824 2022 896 2076 qui
928 2036 1067 2061 rerum
1089 2020 1323 2061 divinarum
1346 2019 1527 2068 foedera,
1549 2019 1754 2059 humana-

361 2088 477 2122 ‘rum
515 2081 642 2121 fidem
677 2079 871 2120 socialem
905 2079 1205 2119 sanctissimam
1242 2077 1439 2118 habeatis
1507 2076 1652 2125 Quum
1685 2090 1753 2116 me

362 2140 474 2196 ‘ipse
501 2139 679 2194 respexi,
702 2153 800 2178 eum
829 2152 916 2178 esse
945 2152 1078 2192 spero,
1101 2137 1168 2176 cui
1199 2145 1240 2177 et
1269 2135 1448 2191 publice,
1472 2135 1579 2175 sicut
1606 2133 1755 2174 ceteris

362 2204 373 2221 ‘
388 2196 747 2244 Lacedaemoniis,
765 2195 979 2236 vobiscum
996 2193 1323 2234 vetustissimum
1339 2193 1486 2233 foedus
1503 2192 1577 2232 sit:
1603 2200 1644 2232 et
1661 2204 1755 2231 meo

363 2255 557 2295 ‘nomine
583 2254 778 2309 privatim
800 2252 982 2293 amicitia
1003 2266 1049 2292 ac
1072 2251 1256 2300 societas,
1280 2265 1415 2306 nuper
1436 2249 1622 2304 Philippi
1644 2247 1755 2288 bello

363 2320 373 2336 ⁶
388 2321 595 2354 renovata.
664 2311 720 2351 At
742 2311 853 2351 enim
877 2325 954 2365 ego
976 2324 1069 2350 cam
1090 2309 1239 2349 violavi
1265 2317 1307 2349 et
1328 2308 1470 2356 everti,
1494 2306 1608 2361 quod
1631 2305 1757 2361 Argi-

365 2378 374 2394 ‘
389 2385 533 2410 vorum
572 2369 783 2410 civitatem
824 2377 961 2408 teneo.
1039 2365 1265 2414 Quomodo
1302 2366 1381 2406 hoc
1418 2366 1566 2405 tuear?
1608 2378 1665 2411 re,
1703 2377 1758 2403 an

365 2434 376 2451 ⁶
391 2428 609 2482 tempore?
652 2426 738 2466 Res
755 2425 855 2465 mihi
875 2424 1086 2480 duplicem
1105 2423 1394 2464 defensionem
1415 2422 1598 2478 praebet.
1644 2419 1758 2460 Nam

366 2492 376 2508 ⁶
391 2494 444 2533 ct,
468 2485 567 2539 ipsis
588 2483 832 2524 vocantibus
854 2498 900 2523 ac
924 2481 1196 2529 tradentibuS,
1217 2480 1361 2520 urbem
1385 2494 1475 2520 eam
1499 2477 1653 2534 accepi,
1671 2492 1758 2518 non

366 2548 377 2566 ‘
391 2541 613 2597 occupavi:
648 2550 690 2581 et
712 2540 866 2595 accepi,
890 2554 1021 2595 quum
1045 2537 1232 2593 Philippi
1260 2537 1455 2593 partium,
1479 2551 1563 2577 non
1596 2536 1640 2576 in
1668 2550 1759 2576 ves·
1774 2543 1791 2576 7

409 2673 427 2699 4
451 2662 490 2691 Se
510 2661 735 2697 interr-lusum]
770 2659 907 2698 Supple,
922 2659 1039 2689 intelli-
1084 2658 1124 2687 ad
1142 2659 1335 2686 conventum
1353 2654 1509 2685 sociorum
1528 2657 1696 2693 spectaret.

363 2708 553 2743 ym·el,‹[uae
565 2713 623 2732 vox
638 2714 655 2732 a
671 2713 746 2732 voce
758 2703 883 2731 audivit
895 2705 1039 2739 repetem·
1127 2698 1146 2729 6
1170 2700 1287 2728 Minus
1300 2700 1392 2737 pensi
1405 2699 1486 2735 esse]
1514 2698 1553 2728 cf.
1566 2698 1658 2735 Supr.
1673 2694 1759 2726 xxvi.

367 2747 408 2776 du
424 2750 481 2782 ost,
495 2749 528 2775 ut
545 2746 611 2775 vult
632 2745 797 2775 Drukcuh.
816 2744 969 2774 Dukerus
985 2753 1038 2772 au-
1089 2749 1134 2779 15.
1152 2743 1319 2782 quicquam
1339 2751 1479 2780 unquam
1496 2740 1727 2779 pensisussset.

367 2793 432 2819 tem
452 2788 581 2818 verbum
600 2789 730 2824 videret,
745 2787 793 2817 vel
812 2787 877 2816 tale
894 2786 970 2825 quid
987 2796 1040 2816 ex-
1131 2792 1146 2823 7
1171 2786 1215 2814 Et
1237 2785 1355 2823 accepi,
1371 2794 1467 2823 quum
1489 2783 1654 2821 Philippi]
1683 2781 1759 2809 Par-

368 2830 482 2861 cidisse
499 2834 616 2860 censet.
1087 2826 1220 2856 ticulum
1239 2831 1303 2856 tum
1322 2830 1393 2866 post
1410 2826 1517 2866 (recepi
1533 2823 1656 2855 addidit
1673 2822 1758 2853 Bek-

412 2884 427 2912 5
441 2874 595 2911 (busilae'oJ
614 2884 655 2903 sc.
670 2871 815 2902 Militari.
854 2871 1041 2905 (¹011e2'l2'mn,
1087 2869 1152 2900 ker.

369 2917 453 2955 quod
480 2915 604 2947 codices
630 2914 729 2954 aliqui
754 2914 919 2950 exhibent,
942 2913 1043 2952 magius
