1960 3218
537 168 663 211 LIB.
696 167 913 210 XXXVI.
958 166 1105 210 CAP.
1139 170 1205 210 39.
1480 167 1559 209 257

178 260 305 318 gressi
327 268 434 302 sunt.
497 259 712 302 Minucius
733 274 865 315 usque
897 257 950 299 ad
980 257 1117 299 lucem
1137 258 1247 299 intra
1266 255 1420 298 vallum
1451 255 1560 297 mili-
1575 263 1618 296 U.
1635 264 1674 296 C.
1696 263 1767 305 561.

179 328 265 360 tem
285 319 532 360 instructum
554 318 711 366 tenuit3
744 317 942 366 intentus,
960 331 1013 357 ne
1031 330 1115 372 qua
1134 314 1443 356 transcenderet
1463 314 1559 355 hos·
1572 308 1611 339 A.
1635 308 1673 340 C·
1698 317 1766 349 ¹91·

179 377 231 418 tis
256 376 526 417 munimenta.
588 375 730 416 Prima
758 374 850 416 luce
878 374 1039 416 duabus
1067 372 1189 414 simul
1218 372 1347 428 portis
1375 372 1558 428 eruptio-

178 449 277 476 nem
307 434 415 475 fecit.
478 432 572 474 Nec
602 432 738 489 primo
768 432 941 488 impetu,
964 431 1078 487 quod
1108 438 1355 487 speraverat,
1382 429 1558 486 Ligures

178 491 288 548 pulsi
320 502 441 532 sunt:
485 491 587 532 duas
621 490 798 546 amplius
833 489 955 531 horas
987 488 1163 530 dubium
1195 497 1407 529 certamen
1436 487 1558 528 susti—

179 563 318 590 nuere.
382 548 611 598 Postremo,
639 562 769 604 quum
798 547 877 589 alia
906 556 1031 603 atque
1062 546 1141 587 alia
1171 545 1338 602 agmina
1367 559 1559 600 erumpe—

178 616 284 656 rent,
321 615 362 647 et
402 606 555 662 integri
593 606 708 647 fessis
748 604 1020 646 succederent
1060 604 1113 645 ad
1153 618 1350 660 pugnam,
1388 602 1558 644 tandem

179 663 368 720 Ligures,
386 664 495 705 inter
514 672 651 705 cetera
671 663 797 704 etiam
818 662 970 719 vigiliis
991 662 1181 711 confecti,
1201 671 1317 717 terga
1337 660 1558 702 dederunt.

182 721 316 763 Caesa
343 736 466 778 supra
491 730 686 778 quattuor
716 720 845 761 millia
874 720 1084 769 hostium,
1119 735 1171 761 ex
1194 719 1396 760 Romanis
1420 718 1560 760 sociis-

179 795 261 835 que
283 779 419 820 minus
441 779 617 820 trecenti
644 779 868 835 perierunt.
932 778 1109 819 Duobus
1129 777 1214 818 fere
1235 785 1327 833 post
1348 776 1559 817 mensibus
1572 785 1645 817 Boii
1663 785 1746 816 caesi

179 837 226 878 P.
249 836 471 878 Cornelius
501 836 647 878 consul
677 852 772 878 cum
798 835 999 877 Boiorum
1030 835 1216 877 exercitu
1247 835 1373 891 signis
1401 834 1591 876 collatisa
1608 829 1735 903 ξ’·ΟΟΟΓ·

180 895 345 951 egregie
381 895 593 951 pugnavit.
662 894 990 950 Duodetriginta
1024 893 1155 934 millia
1193 892 1375 934 hostium
1412 892 1557 942 occisa,
1572 883 1612 903 ne
1626 882 1656 902 ²⁰
1698 882 1742 902 ⁰³'

180 953 331 994 Antias
348 952 541 993 Valerius
561 952 724 1001 scribit3
759 960 879 1008 capta
900 952 977 993 tria
998 951 1126 992 millia
1147 960 1189 992 et
1210 951 1556 1007 quadringentos3

179 1011 297 1066 signa
327 1010 518 1051 militaria
548 1019 717 1051 centum
747 1009 894 1065 viginti
925 1018 1146 1065 quattuor3
1180 1024 1309 1064 equos
1339 1008 1450 1049 mille
1482 1008 1561 1049 du—

179 1077 322 1109 centos
352 1068 542 1124 triginta3
576 1076 772 1123 carpenta
793 1067 974 1108 ducenta
995 1067 1270 1123 quadraginta
1290 1074 1472 1122 septem:
1506 1080 1560 1107 ex

179 1126 403 1166 victoribus
424 1125 536 1167 mille
557 1125 884 1181 quadringentos
905 1125 1117 1181 octoginta
1133 1133 1328 1181 quattuor
1349 1123 1557 1165 cecidisse.

182 1183 268 1224 Ubi
299 1192 346 1224 ut
370 1184 413 1223 in
441 1198 614 1224 numero
646 1183 834 1238 scriptori
868 1198 1015 1239 parum
1045 1182 1144 1223 fidei
1175 1182 1239 1232 sit,
1266 1182 1384 1238 (quia
1414 1182 1458 1222 in
1488 1197 1561 1222 au-

179 1240 318 1297 gendo
354 1256 403 1282 eo
438 1255 523 1282 non
559 1241 661 1282 alius
701 1240 1044 1296 intemperantior
1079 1240 1159 1295 est)
1192 1254 1384 1295 magnam
1420 1249 1561 1281 tamen

179 1299 394 1340 victoriam
421 1299 545 1340 fuisse
576 1307 758 1354 apparet,
782 1298 897 1354 quod
918 1306 958 1338 et
980 1306 1110 1339 castra
1130 1306 1250 1354 capta
1270 1306 1379 1347 sunt,
1402 1306 1443 1338 et
1466 1296 1562 1338 Boii

180 1368 273 1413 post
302 1371 394 1397 eam
424 1371 607 1412 pugnam
636 1355 848 1411 extemplo
870 1355 1122 1397 dediderunt
1143 1371 1243 1405 sese,
1266 1364 1306 1396 et
1328 1355 1443 1411 quod
1464 1370 1561 1411 sup-

179 1413 347 1470 plicatio
368 1414 456 1455 eius
478 1413 672 1455 victoriae
699 1429 821 1454 causa
842 1413 1009 1454 decreta
1029 1413 1079 1454 ab
1101 1423 1260 1463 senatu,
1282 1413 1559 1469 victimaeque

180 1486 354 1513 maloreS
376 1487 528 1513 caesae.

151 1539 168 1572 7
237 1529 321 1570 Per
350 1529 517 1571 eosdem
548 1529 636 1571 dies
658 1528 720 1570 M.
740 1529 910 1571 Fulvius
932 1529 1125 1571 Nobilior
1155 1544 1207 1571 ex
1238 1529 1432 1571 ulteriore
1460 1528 1561 1569 His-
1635 1531 1702 1571 39.

179 1587 304 1643 pania
324 1602 449 1628 ovans
478 1588 623 1628 urbem
654 1597 715 1628 est
745 1587 962 1643 ingressus.
1025 1587 1205 1643 Argenti
1228 1586 1434 1628 transtulit
1456 1586 1561 1627 duo-

180 1644 317 1685 decim
348 1645 476 1686 millia
502 1645 666 1701 pondo:
701 1645 828 1701 bigati
859 1645 1018 1701 argenti
1044 1654 1212 1686 centum
1244 1645 1436 1701 triginta:
1471 1644 1559 1685 auri

181 1711 351 1743 centum
371 1703 519 1759 viginti
540 1712 700 1759 septem
722 1703 874 1759 pondo.

238 1759 285 1801 P.
305 1759 524 1802 Cornelius
556 1760 699 1802 consul
729 1761 876 1817 primo,
907 1760 1120 1803 obsidibus
1151 1777 1175 1802 a
1205 1760 1405 1802 Boiorum
1434 1771 1559 1816 gente

182 1818 373 1874 acceptis,
397 1819 483 1874 agri
511 1827 627 1875 parte
648 1818 733 1859 fere
755 1818 930 1859 dimidia
957 1834 1027 1859 eos
1057 1818 1268 1860 multavit:
1303 1835 1398 1875 quo,
1422 1819 1455 1860 si
1475 1817 1561 1859 vel-

181 1874 250 1925 let,
272 1876 451 1932 populus
474 1876 689 1917 Romanus
711 1876 892 1917 colonias
924 1877 1088 1917 mittere
1119 1886 1267 1933 posset.
1330 1876 1448 1926 Inde,
1474 1876 1561 1917 Ro-
1573 1882 1699 1914 Trium·
1746 1924 1752 1931 ι

181 1948 304 1983 mam,
327 1942 374 1974 ut
393 1934 446 1975 ad
468 1934 725 1990 triumphum
749 1934 860 1975 haud
882 1934 1069 1983 dubium,
1088 1934 1308 1984 decedens,
1331 1934 1560 1976 exercitum
1573 1926 1674 2000 {hum
1687 1928 1768 1965 pent

181 1990 351 2040 dimisit,
375 2000 417 2032 et
447 1992 588 2032 adesse
617 1992 777 2032 Romae
809 1992 861 2032 ad
886 1992 998 2033 diem
1029 1992 1230 2048 triumphi
1260 1992 1387 2033 iussit.
1450 1991 1558 2048 Ipse,
1604 1979 1647 2000 os.

181 2057 346 2103 postero
368 2049 448 2098 die,
472 2064 597 2105 quam
617 2050 744 2098 venit,
768 2058 914 2089 senatu
945 2050 988 2089 in
1013 2049 1158 2090 aedem
1181 2049 1378 2091 Bellonae
1399 2059 1558 2098 vocato,

182 2120 313 2160 quum
339 2106 391 2146 de
420 2107 542 2147 rebus
570 2108 620 2147 ab
649 2122 690 2147 se
722 2107 848 2162 gestis
869 2106 1137 2156 disseruisset,
1159 2107 1393 2162 postulavit,
1416 2117 1462 2148 ut
1482 2106 1559 2148 sibi

183 2162 455 2218 triumphanti
477 2163 619 2205 liceret
640 2164 682 2204 in
705 2164 848 2205 urbem
872 2163 1024 2205 invehi.
1080 2164 1127 2205 P.
1152 2164 1420 2221 Sempronius
1438 2164 1560 2206 Blae·
1574 2174 1708 2204 Blaesus

182 2235 250 2261 sus
272 2221 460 2262 tribunus
481 2221 625 2277 plebis,
651 2227 661 2245 ‘
677 2237 761 2262 non
787 2221 1026 2277 negandum
1051 2221 1248 2278 Scipioni,
1271 2222 1344 2263 sed
1365 2222 1560 2263 differen-
1573 2217 1626 2247 Tr.
1644 2216 1766 2247 P1.dif-

184 2282 196 2301 ‘
211 2277 313 2318 dum
334 2278 534 2319 honorem
558 2279 784 2335 triumphi,'
803 2280 1007 2320 censebat.
1072 2285 1083 2303 ⁶
1100 2279 1218 2320 Bella
1234 2280 1438 2336 Ligurum
1458 2280 1560 2321 Gal-
1572 2260 1737 2333 {iffpetzum

185 2335 300 2377 ‘licis
328 2351 490 2392 semper
518 2337 661 2377 iuncta
683 2337 833 2378 fuisse:
868 2352 935 2378 eas
966 2337 1074 2379 inter
1098 2352 1139 2378 se
1167 2348 1312 2393 gentes
1343 2346 1487 2379 mutua
1506 2353 1559 2379 ex

185 2398 196 2416 ‘
212 2393 446 2450 propinquo
466 2394 570 2435 ferre
593 2394 756 2435 auxilia.
822 2393 865 2435 Si
888 2395 933 2435 P.
956 2394 1108 2450 Scipio,
1131 2395 1303 2436 devictis
1323 2395 1410 2437 acie
1431 2395 1558 2445 Boiis,

185 2456 196 2474 ‘
212 2459 284 2491 aut
299 2451 385 2507 ipse
404 2466 499 2492 cum
513 2452 666 2493 victore
686 2452 870 2493 exercitu
892 2452 934 2492 in
957 2467 1099 2508 agrum
1118 2452 1320 2508 Ligurum
1338 2453 1559 2503 transisset,

185 2513 197 2531 ‘
213 2517 283 2548 aut
303 2517 462 2564 partem
483 2510 694 2565 copiarum
715 2510 767 2558 Q.
785 2509 976 2551 Minucio
995 2510 1179 2559 misisset,
1196 2511 1267 2566 qui
1289 2511 1369 2551 iarn
1393 2510 1561 2552 tertium

186 2565 270 2606 ‘ibi
291 2581 446 2607 annum
468 2567 596 2609 dubio
627 2567 884 2609 detineretur
913 2567 1034 2617 bello,
1057 2568 1253 2609 debellari
1275 2584 1370 2609 cum
1395 2569 1561 2625 Liguri-

231 2730 246 2761 7
264 2724 329 2754 Per
344 2725 461 2755 eosdem
476 2726 541 2756 ‘lies
558 2727 605 2756 nl.
618 2727 770 2764 Fulvius]
792 2726 851 2757 ΕΗ·
898 2727 967 2757 loco
990 2726 1174 2766 reperimus,
1191 2736 1263 2756 cum
1280 2726 1317 2756 iis
1333 2725 1427 2765 plane
1444 2726 1475 2756 in
1492 2726 1563 2756 Mo·

187 2767 258 2796 dem
283 2775 331 2795 res
353 2766 485 2797 totidem
503 2769 567 2798 fere
586 2769 685 2800 verbis
700 2780 785 2808 supr.
806 2779 852 2800 21.
896 2769 1029 2809 guntino
1045 2769 1153 2799 codice
1169 2769 1382 2805 consentiunt,
1396 2773 1476 2798 teste
1493 2768 1562 2798 Μο-

186 2813 362 2838 mcmorata
385 2813 440 2840 est.
487 2810 546 2847 Ac,
562 2821 601 2841 ne
617 2812 692 2850 quid
710 2812 789 2842 desit
812 2813 853 2842 ad
897 2812 960 2844 dio.
1008 2812 1115 2842 Huius
1145 2811 1341 2851 repetitionis
1371 2811 1460 2841 nulla
1489 2819 1563 2840 sane

187 2850 341 2889 integram
364 2851 618 2890 similitudinem,
635 2858 729 2884 notae
747 2864 856 2884 nume-
901 2855 965 2884 alia
985 2864 1080 2884 causa
1100 2852 1202 2884 afferri
1225 2858 1340 2893 potest,
1355 2863 1449 2893 quam
1467 2852 1564 2892 scrip·

188 2903 305 2930 rorum,
316 2904 396 2932 quac
413 2894 464 2925 hic
477 2895 507 2925 in
524 2896 657 2935 vulgatis
670 2896 757 2926 libris
768 2898 856 2935 paul·
902 2897 977 2928 toris
993 2897 1119 2928 oblivio.
1143 2898 1248 2929 Cizssv.

189 2936 255 2966 lum
279 2936 460 2976 discrepant
482 2939 522 2969 ab
543 2938 581 2969 iis
597 2948 674 2977 quas
696 2939 856 2978 superiore

247 2992 343 3019 VOL.
369 2993 428 3020 111.
1321 2995 1338 3020 S
