1960 3218
144 244 190 276 U.
208 244 246 275 C.
268 254 285 284 5
290 251 340 284 55.
356 240 368 258 ‘
381 235 555 276 fusuras

874 142 1024 186 ΤΙΤΙ
1064 142 1244 184 L1V11

635 233 717 285 Ne,
759 235 952 291 proxima
992 249 1186 291 quaeque
1229 231 1482 282 amoliendo,
1524 232 1751 274 maioribus

355 147 407 187 96

142 287 183 318 A·
208 287 246 319 C·
271 295 339 330 Ι97·
355 292 723 349 ‘gravioribusque
756 292 914 334 aditum
939 292 992 334 ad
1013 308 1055 333 se
1077 291 1288 333 facerent?
1349 289 1571 331 Interfanti
1593 290 1749 332 deinde

208 587 272 625 13.

140 642 307 682 Colloqui-

139 695 196 716 um
212 686 253 716 ad

140 728 279 768 Tempe,

139 781 213 801 cum
230 771 305 802 Phi-

138 813 242 854 lippo.

136 1343 308 1385 Discepta-

134 1386 180 1417 tio
196 1387 279 1418 inter

135 1430 232 1461 Rom.
250 1434 282 1461 et

135 1473 280 1506 Aetolos.

352 350 576 392 Phaeneae
602 350 783 406 praetori
807 349 1070 399 Aetolorum,
1095 348 1434 404 testificantique,
1458 348 1492 389 si
1513 347 1677 404 elapsus
1698 363 1749 389 eo

352 417 540 465 tempore
572 408 795 464 Philippus
825 408 946 458 foret,
979 423 1077 449 mox
1112 407 1279 463 gravius
1307 421 1404 447 eum
1436 405 1748 455 rebellaturum,

354 472 366 490 ‘
379 466 581 508 Desistite
605 466 876 515 tumultuari,’
893 466 1045 522 inquit,
1065 471 1076 489 ⁶
1090 465 1161 506 ubi
1183 463 1508 506 consultandum
1530 471 1603 504 est.
1647 462 1749 504 Non

353 524 429 565 ‘iis
450 524 762 565 conditionibus
784 523 1014 579 illigabitur
1034 538 1122 573 rex,
1145 531 1191 564 ut
1214 537 1380 563 movere
1402 521 1560 563 bellum
1581 521 1738 578 possit.’
1761 528 1783 561 6

412 581 509 623 Hoc
540 581 711 623 dimisso
742 581 934 631 concilio,
964 590 1130 638 postero
1162 580 1230 622 die
1265 595 1340 621 rex
1372 579 1425 620 ad
1455 579 1607 628 fauces,
1641 594 1748 635 quae

351 639 492 681 ferunt
512 640 557 680 in
579 640 757 696 Tempe,
780 639 833 695 (is
855 639 976 680 datus
998 649 1087 680 erat
1107 639 1223 680 locus
1244 636 1475 693 colloquio)
1492 638 1631 678 venit:
1666 645 1746 678 ter·
1763 647 1781 680 7

352 698 411 739 tio
433 697 500 738 die
523 697 647 738 datur
674 697 713 738 ei
741 697 1030 738 Romanorum
1062 712 1110 738 ac
1141 696 1346 738 sociorum
1378 695 1577 751 frequens
1608 694 1750 736 conci·-

351 755 466 796 lium.
530 755 595 796 Ibi
624 755 847 811 Philippus
877 770 1081 811 perquam
1112 754 1357 811 prudenter,
1389 753 1452 802 iis,
1483 753 1572 794 sine
1595 753 1749 809 quibus

349 828 431 869 pax
465 813 680 869 impetrari
712 828 798 854 non
835 821 1011 870 poterat,
1044 828 1118 853 sua
1152 812 1293 869 potius
1325 811 1540 853 voluntate
1573 810 1746 860 omissis,

349 886 477 927 quam
513 870 754 911 altercando
791 878 1156 926 extorquerentur,
1189 876 1324 926 ‘quae
1360 869 1498 925 priore
1534 868 1779 924 colloquio8

350 934 448 970 ‘aut
478 929 682 985 imperata
712 943 737 969 a
768 928 985 977 Romanis,
1013 936 1085 969 aut
1116 927 1325 984 postulata
1357 927 1408 968 ab
1441 926 1562 968 sociis
1593 934 1744 976 essent,

350 992 362 1010 ‘
375 986 517 1027 omnia
533 1001 575 1027 se
593 985 838 1035 concedere,
857 985 909 1026 de
927 985 1076 1026 ceteris
1097 985 1260 1026 senatui
1281 984 1606 1042 permissurum,’
1622 984 1743 1025 dixit.

351 1043 610 1100 Quanquam
642 1044 709 1085 vel
743 1043 1040 1085 inimicissimis
1071 1043 1265 1085 omnibus
1294 1041 1566 1099 praeclusisse
1599 1056 1746 1083 vocem

347 1101 581 1152 videbatur,
624 1101 843 1143 Phaeneas
884 1110 1025 1143 tamen
1063 1101 1254 1151 Aetolus,
1293 1100 1454 1142 cunctis
1495 1100 1744 1149 tacentibus,

348 1165 360 1183 ⁶
378 1159 526 1208 Quid?
561 1160 709 1210 nobis,⁹
734 1159 886 1216 inquit,
922 1158 1159 1215 ‘Philippe,
1182 1159 1378 1200 reddisne
1410 1157 1582 1199 tandem
1612 1157 1746 1198 Phar-

348 1217 518 1267 ‘salum,
549 1226 591 1259 et
624 1217 834 1259 Larissam
868 1216 1131 1266 Cremasten,
1169 1226 1212 1258 et
1245 1216 1472 1265 Echinum,
1503 1224 1546 1257 et
1574 1215 1745 1257 Thebas

349 1274 602 1316 ‘PhthiaSP'
674 1275 820 1324 Quum
857 1274 1081 1332 Philippus
1116 1274 1223 1315 nihil
1258 1273 1412 1315 morari
1448 1273 1620 1323 (liceret,
1658 1288 1744 1329 quo

347 1332 486 1374 minus
521 1333 783 1389 reciperent3
826 1333 1074 1389 disceptatio
1111 1333 1222 1374 inter
1255 1332 1552 1388 imperatorem
1585 1331 1777 1381 Roma-9

347 1406 450 1432 num
478 1399 519 1432 et
543 1390 719 1433 Aetolos
750 1399 841 1433 orta
871 1400 935 1432 est
961 1390 1014 1432 de
1044 1390 1227 1432 Thebis:
1262 1405 1373 1440 nam,
1396 1404 1465 1431 eas
1484 1388 1631 1445 populi
1655 1388 1744 1429 Ro-

347 1448 461 1490 mani
491 1448 581 1490 iure
611 1449 711 1491 belli
740 1449 868 1491 factas
899 1464 1001 1498 esse,
1028 1448 1255 1497 Quinctius
1281 1447 1459 1498 dicebat,
1483 1446 1611 1503 quod,
1633 1446 1743 1488 inte-

345 1506 430 1563 gris
465 1507 602 1556 rebus,
639 1507 830 1548 exercitu
865 1507 917 1548 ab
953 1522 996 1548 se
1033 1505 1216 1555 admoto,
1249 1505 1386 1547 vocati
1421 1505 1466 1545 in
1501 1503 1742 1554 amicitiam,

346 1579 479 1621 quum
506 1573 689 1621 potestas
720 1564 852 1606 libera
881 1564 1140 1606 desciscendi
1162 1564 1214 1605 ab
1235 1578 1332 1619 rege
1355 1571 1475 1613 essct,
1498 1562 1655 1619 regiam
1677 1577 1743 1603 so-

343 1622 539 1663 cietatem
563 1623 781 1664 Romanae
803 1622 1154 1679 praeposuissent.
1199 1621 1431 1671 Phaeneas,
1450 1629 1493 1662 et
1513 1635 1590 1677 pro
1611 1619 1743 1661 socie-

343 1687 428 1721 tate
462 1680 575 1731 belli,
610 1696 718 1737 quae
756 1689 852 1722 ante
887 1680 1046 1721 bellum
1082 1679 1343 1729 habuissent,
1377 1678 1540 1720 restitui
1577 1677 1742 1719 Aetolis

343 1753 526 1793 aequum
549 1739 759 1788 censebat,
782 1746 825 1780 et
855 1738 914 1779 ita
942 1738 987 1778 in
1017 1737 1184 1779 foedere
1212 1737 1349 1793 primo
1377 1745 1547 1778 cautum
1569 1750 1671 1785 esse,
1695 1742 1742 1776 ut

343 1795 443 1836 belli
470 1796 639 1852 praeda,
662 1811 901 1852 rerumque,
924 1810 1032 1851 quae
1064 1795 1161 1836 ferri
1192 1794 1344 1851 agique
1377 1802 1558 1850 possent,
1582 1793 1741 1834 Roma-

343 1868 447 1902 nos;
485 1868 584 1909 ager
618 1854 826 1910 urbesque
860 1862 1006 1909 captae
1041 1852 1217 1894 Aetolos
1249 1859 1538 1908 sequerentur.
1602 1849 1741 1900 ‘V0s‚’

343 1909 496 1966 inquit,
521 1917 531 1935 ‘
545 1912 650 1968 ipsi,’
670 1911 911 1961 Quinctius,
931 1916 942 1934 ‘
956 1910 1166 1952 societatis
1187 1910 1304 1951 istius
1325 1909 1438 1965 leges
1457 1907 1639 1964 rupistis,
1654 1923 1740 1964 quo

345 1972 357 1991 ‘
374 1976 575 2024 tempore,
598 1968 752 2010 relictis
773 1968 909 2018 nobis,
928 1983 1024 2009 cum
1041 1967 1241 2023 Philippo
1262 1982 1408 2023 pacem
1429 1965 1601 2007 fecistis:
1630 1979 1739 2021 quae

345 2030 357 2048 ‘
373 2025 406 2066 si
428 2036 630 2076 maneret,
652 2035 868 2082 captarum
889 2034 1032 2067 tamen
1052 2025 1221 2067 urbium
1241 2024 1314 2065 illa
1333 2024 1402 2065 lex
1422 2023 1540 2065 foret.
1603 2022 1740 2064 Thes-

344 2082 496 2124 ‘saliae
528 2084 715 2125 civitates
746 2099 820 2125 sua
848 2083 1062 2125 voluntate
1094 2083 1139 2124 in
1170 2082 1374 2124 ditionem
1405 2090 1590 2123 nostram
1610 2095 1740 2122 vene-

344 2146 356 2164 ‘
371 2141 496 2183 runt.'
557 2140 689 2192 Haec,
708 2157 804 2183 cum
827 2141 1017 2183 omnium
1038 2140 1246 2183 sociorum
1267 2154 1437 2182 assensu.
1457 2139 1583 2189 dicta,
1606 2138 1740 2180 Aeto-

386 2272 406 2304 6
428 2274 616 2313 Illi-(labitur
635 2275 709 2312 rem]
736 2275 818 2311 Rem,
828 2273 913 2312 quod
932 2272 1016 2303 Bek-

344 2315 402 2346 ker
425 2316 567 2356 reposuit
588 2326 645 2356 pro
662 2327 743 2357 pax,
766 2326 806 2346 ex
834 2315 1019 2345 coniectura

346 2359 485 2389 Iacobsii
502 2358 660 2398 provenit.

389 2408 405 2439 7
429 2403 464 2431 Is
490 2403 584 2432 datus
610 2406 680 2433 erat
704 2400 805 2441 locus]
830 2402 938 2431 Datus
961 2409 1018 2440 pro

343 2444 447 2474 dictus
463 2445 504 2474 ab
520 2444 651 2484 optimis
666 2444 874 2483 scriptoribus
885 2443 1016 2473 adhibe-

344 2490 405 2517 tur.
430 2486 469 2517 cf.
490 2487 560 2517 Cic.
582 2488 623 2517 ad
644 2488 713 2517 Att.
735 2486 754 2517 i.
781 2496 827 2518 10.
851 2486 965 2525 Nepos
984 2485 1017 2515 in

347 2528 461 2567 Pelop.
478 2528 510 2559 ii.
543 2529 628 2560 Flor.
645 2529 688 2560 iii.
706 2538 734 2567 3.
757 2539 804 2567 14.

389 2572 407 2601 8
432 2572 536 2607 Quam
564 2572 765 2609 altercando]
809 2572 861 2602 Ita
891 2581 1018 2610 quoque

348 2612 488 2644 Bekker.
524 2615 578 2644 sed
610 2614 749 2645 Crevier.
781 2617 813 2644 et
850 2614 1017 2645 Drakenb.

346 2655 563 2686 coniecturam
582 2656 737 2687 Gronovii
758 2667 855 2697 quam
871 2661 907 2686 uc
922 2657 1017 2687 alter-

345 2699 447 2729 cando
463 2699 608 2737 probant.

388 2750 408 2781 9
435 2742 634 2781 Disceptatio
654 2765 661 2772 .
683 2765 690 2772 .
711 2743 750 2772 de
782 2742 910 2780 Thebis]
951 2740 1017 2771 Hic

346 2782 468 2819 Liviae,
495 2784 571 2814 dum
602 2783 775 2823 Polybium
801 2794 897 2822 quem
923 2783 1018 2813 vertit

344 2824 534 2855 incuriosius
563 2826 703 2865 inspicit,
732 2826 764 2856 in
793 2825 1016 2865 gravissimum

343 2866 479 2907 impegit
508 2878 655 2900 errorem.
706 2868 811 2899 Nulla
840 2868 926 2898 enim
957 2868 1018 2898 dis—

344 2910 486 2950 ceptatio
497 2910 581 2943 inter
590 2910 817 2952 imperatorem
831 2911 1018 2944 Romanum

1062 2275 1095 2302 et
1122 2273 1255 2303 Aetolos
1276 2275 1345 2302 orta
1367 2275 1414 2302 est
1434 2272 1474 2302 de
1495 2270 1626 2308 Thebis,
1647 2280 1738 2310 quas,

1062 2318 1177 2354 utpote
1194 2315 1223 2345 vi
1239 2315 1385 2345 redactas
1400 2314 1432 2344 in
1451 2313 1620 2350 ditionem,
1633 2313 1738 2348 Quin-

1063 2357 1145 2387 ctius
1155 2356 1245 2387 reddi
1259 2356 1383 2387 Aetolis
1396 2366 1488 2396 posse
1501 2362 1534 2386 et
1546 2356 1661 2386 debere
1673 2365 1738 2386 non

1063 2400 1210 2439 negabat.
1257 2399 1343 2429 Tota
1365 2398 1530 2429 contentio
1545 2397 1608 2428 fuit
1624 2398 1664 2428 de
1683 2397 1737 2428 tri-

1061 2443 1121 2472 bus
1144 2442 1216 2472 aliis
1239 2441 1383 2479 urbibus,
1405 2451 1487 2480 quae
1511 2441 1679 2471 voluntate
1703 2439 1736 2470 in

1062 2484 1237 2515 amicitiam
1249 2485 1471 2515 Romanorum
1484 2486 1645 2514 venerant.
1674 2482 1737 2513 Ea-

1062 2537 1133 2557 rum
1150 2528 1274 2558 nullam
1292 2526 1417 2557 Aetolis
1429 2526 1618 2556 tradendam
1631 2524 1736 2561 Quin-

1063 2569 1146 2600 ctius
1169 2570 1395 2600 contendebat.
1441 2569 1535 2599 Ilaec
1562 2571 1637 2598 sunt
1666 2568 1737 2608 ipsa

1065 2612 1193 2652 Polybii
1218 2612 1324 2649 verba,
1349 2612 1460 2651 Legat.
1485 2610 1514 2642 6.
1542 2611 1558 2640 ὁ
1581 2608 1614 2640 δὲ
1635 2609 1736 2648 Τίτος,

1062 2656 1125 2685 τῶν
1141 2652 1199 2693 μὲν
1221 2654 1328 2684 ἄλλων
1350 2654 1405 2684 οὐκ
1429 2653 1488 2692 ἔφη
1511 2654 1574 2683 δεῖν
1594 2651 1737 2691 οὐδεμίαν

1063 2695 1333 2737 (παραλαμβάνειν
1358 2694 1545 2736 Ala-mour)
1569 2694 1675 2731 Θήβας
1702 2693 1735 2725 δὲ

1062 2738 1157 2778 μόνον
1171 2739 1227 2770 τὰς
1246 2737 1347 2769 Φθίας.
1394 2739 1457 2769 His
1475 2749 1539 2769 non
1561 2737 1736 2768 intellectis

1063 2782 1174 2813 Livius
1196 2782 1305 2820 inique
1327 2785 1359 2811 et
1386 2781 1504 2812 insulse
1527 2780 1734 2811 disserentem

1063 2824 1255 2861 Quinctium
1273 2824 1361 2860 facit,
1371 2829 1407 2854 ut
1419 2823 1580 2854 subtiliter
1594 2826 1626 2853 et
1641 2832 1734 2852 accu—

1063 2870 1131 2897 rate
1148 2877 1204 2906 pro
1220 2876 1278 2897 suo
1299 2876 1387 2897 more
1403 2867 1517 2905 probat
1540 2864 1735 2902 Perizonius,

1062 2909 1235 2943 Animadv.
1253 2909 1339 2941 Hist.
1357 2919 1386 2950 9.
1410 2909 1516 2942 Cmcv.
