1960 3218
545 134 672 177 LIB.
706 133 905 176 XXXII.
951 134 1099 178 CAP.
1138 140 1201 179 19.
1517 141 1570 180 63

235 223 381 272 Quum
426 238 574 280 parum
620 224 848 280 quicquam
897 224 1155 275 succederet,
1197 225 1344 267 consul
1393 227 1638 270 minimeU.
1653 238 1692 270 C.
1717 246 1790 278 554-

172 296 309 337 aequo
331 281 471 322 animo
492 282 849 337 comparationem
879 281 1061 322 militum
1086 283 1252 338 generis
1273 280 1626 348 ar·morumqueA
1650 282 1790 322 (3·198-

172 338 263 379 fieri
285 339 541 394 patiebatur:
572 338 696 380 simul
717 354 796 403 nec
818 347 1024 380 maturam
1046 340 1321 405 expugnandi
1341 355 1472 396 spem,
1491 357 1571 384 nec
1652 327 1717 364 18·

172 396 378 437 rationem
406 395 552 451 procul
580 411 604 436 a
629 395 733 437 mali
761 405 804 437 et
831 396 876 436 in
904 397 1098 438 evastatis
1124 397 1225 438 belli
1250 397 1440 439 cladibus
1470 398 1572 440 10613

174 452 425 494 hibernandi
454 453 581 494 ullam
607 441 816 494 cernebat.
879 453 1029 510 Itaque
1051 454 1196 496 relicta
1217 455 1448 506 obsidione,
1472 457 1573 511 quia
1586 468 1638 498 Re
1653 467 1777 500 infecta

173 510 355 551 nullus
344 526 389 551 m
420 518 508 552 tota
529 511 795 552 Acarnaniae
823 520 950 576 atque
974 511 1168 553 Aetoliae
1197 527 1269 553 ora
1295 521 1441 569 portus
1468 522 1572 564 eiat,
1586 511 1745 544 abitCos.

174 568 248 624 qui
279 567 403 608 simul
431 576 474 609 et
501 583 646 610 omnes
674 568 896 619 onerarias,
919 584 1027 624 quae
1056 578 1340 611 commeatum
1368 571 1574 612 exercitui

172 626 410 681 portabant,
447 633 627 681 caperet,
664 635 707 667 et
742 634 854 667 tecta
889 626 943 667 ad
984 626 1296 668 hibernandum
1338 627 1574 684 legionibus

142 699 162 731 9
174 683 404 739 praeberet,
420 683 657 740 Anticyra
647 699 691 724 m
708 683 939 733 Phocide,
929 699 974 725 111
995 683 1267 726 Corinthium
1284 700 1404 726 versa
1421 686 1573 736 sinum,
1590 695 1747 727 Phocidis

174 740 229 781 ad
256 740 301 781 id
325 741 676 796 opportunissime
705 741 784 782 sita
807 741 920 782 visa:
955 742 1054 797 quia
1082 757 1160 784 nec
1188 742 1335 798 piocul
1358 742 1577 785 Thessalia
1588 739 1735 769 uibesab
1750 749 1788 770 ‘³⁰

174 797 444 854 hostiumque
480 798 581 840 locis
617 799 814 848 abibant3
854 807 897 840 et
932 814 985 840 ex
1021 799 1196 841 adverso
1229 799 1574 856 Peloponnesum
1589 784 1675 822 capt
1666 791 1714 813 Μ’·

175 855 329 911 exiguo
357 856 481 897 maris
509 856 643 912 spatio
667 856 856 906 divisam,
879 857 931 898 ab
961 865 1079 913 tergo
1102 857 1318 899 Aetoliam
1340 858 1578 900 Acarnani-

175 928 341 969 amque,
385 913 436 954 ab
481 913 680 955 lateribus
722 913 948 955 Locridem
992 930 1039 955 ac
1083 914 1304 956 Boeotiam
1351 915 1575 957 habebant.

175 970 377 1012 Phocidis
406 971 543 1027 primo
576 972 738 1027 impetu
770 971 1034 1013 Phanoteam
1068 972 1158 1014 31116
1192 973 1420 1014 certamine
1450 974 1574 1030 cepit.

175 1028 386 1085 Anticyra
420 1028 535 1069 haud
570 1029 750 1069 multum
787 1030 832 1070 in
868 1030 1155 1085 oppugnando
1190 1030 1385 1086 praebuit
1420 1045 1573 1072 morae.

177 1085 413 1143 Ambrysus
443 1086 543 1127 inde
576 1085 913 1150 Hyampolisque
945 1096 1151 1143 receptae.
1215 1087 1379 1138 Daulis,
1403 1088 1503 1144 quia
1532 1089 1577 1129 in

176 1143 340 1184 tumulo
368 1143 534 1184 excelso
567 1143 647 1184 sita
679 1154 753 1193 est,
783 1159 862 1185 1166
890 1144 1022 1194 363113,
1049 1160 1129 1185 1166
1158 1145 1354 1201 operibus
1382 1146 1475 1201 capi
1502 1161 1578 1202 po-

177 1208 293 1242 terat.
357 1200 624 1242 Lacessendo
656 1201 881 1242 missilibus
912 1216 995 1251 eos,
1024 1202 1098 1257 qui
1129 1202 1174 1242 in
1204 1202 1412 1258 praesidio
1444 1212 1577 1252 erant,

177 1272 308 1314 quum
329 1257 383 1298 ad
405 1258 673 1299 excursiones
695 1258 948 1308 elicuissent,
971 1258 1255 1315 refugiendo
1245 1275 1289 1300 111
1311 1259 1445 1301 vicem
1467 1260 1579 1301 inse-

177 1315 447 1371 quendoque,
470 1324 512 1356 et
539 1315 701 1356 levibus
728 1316 817 1357 sine
846 1317 1000 1357 effectu
1029 1332 1098 1357 661
1102 1317 1341 1366 taminibus,
1364 1332 1414 1358 eo
1444 1317 1578 1373 negli-

175 1372 342 1428 gentiae
364 1382 406 1414 et
427 1381 695 1438 contemptus
716 1373 1000 1423 adduxerunt,
1018 1382 1066 1415 ut
1086 1389 1182 1415 cum
1204 1374 1542 1430 r'efugientibus
1532 1390 1578 1415 111

148 1439 338 1485 xportam
380 1430 579 1486 permixti
625 1430 831 1487 impetum
876 1431 1060 1481 Romani
1105 1431 1302 1473 facerent.
1369 1431 1453 1472 Sex
1498 1432 1579 1473 alia

175 1487 377 1542 ignobilia
406 1487 575 1529 castella
604 1487 805 1529 Phocidis
836 1497 992 1530 terrore
1025 1489 1170 1545 magis,
1203 1504 1329 1545 quam
1362 1489 1500 1539 armis,
1532 1489 1577 1530 in

176 1553 427 1600 potestatem
458 1554 677 1587 venerunt.
743 1546 880 1587 Elatia
910 1545 1058 1587 clausit
1088 1555 1254 1602 portas:
1300 1562 1392 1596 nec,
1425 1547 1505 1587 nisi
1535 1547 1577 1587 vi

176 1610 440 1667 cogerentur,
462 1603 672 1659 recepturi
700 1603 920 1644 moenibus
941 1603 1194 1645 videbantur
1221 1612 1294 1645 aut
1315 1604 1482 1653 ducem,
1505 1612 1578 1645 aut

176 1660 409 1700 exercitum
432 1660 687 1701 Romanum.

235 1716 418 1758 Elatiam
439 1717 649 1759 obsidenti
670 1717 832 1759 consuli
852 1718 912 1759 rei
930 1718 1097 1760 maioris
1114 1733 1236 1774 spes
1224 1718 1391 1768 affulsit,
1408 1718 1577 1760 Achae·
1657 1717 1721 1755 19·

177 1789 297 1816 orum
332 1783 503 1830 gentem
537 1776 588 1816 ab
620 1775 816 1816 societate
848 1776 963 1840 regia
994 1776 1046 1816 ad
1081 1776 1317 1817 Romanam
1349 1776 1575 1817 amicitiam
1590 1771 1700 1803 Elatia
1716 1773 1770 1803 ob-

176 1832 405 1873 avertendi.
472 1831 734 1889 Cycliadam,
761 1833 995 1889 principem
1023 1833 1216 1875 factionis
1247 1834 1301 1875 ad
1328 1833 1577 1890 Philippum
1589 1824 1683 1847 sessa.

146 1889 433 1931 2trahentium
483 1905 561 1955 163,
606 1890 866 1946 expulerant.
942 1891 1205 1941 Aristaenus,
1251 1891 1325 1946 qui
1371 1891 1577 1932 Romanis

176 1955 347 2003 gentem
377 1947 496 2003 iungi
520 1947 698 1997 volebat,
720 1956 888 2003 praetor
913 1956 1011 1989 erat.
1078 1948 1234 1990 Classis
1257 1949 1452 1990 Romana
1479 1963 1575 1989 cum

178 2004 325 2046 Attalo
354 2013 398 2046 et
420 2004 600 2046 Rhodiis
625 2004 858 2046 Cenchreis
885 2006 1031 2055 stabat,
1053 2006 1340 2062 parabantque
1363 2006 1577 2047 communi

177 2077 324 2103 omnes
359 2062 532 2103 consilio
571 2063 825 2104 Corinthum
862 2078 1120 2118 oppugnare.
1186 2063 1410 2119 Optimum
1449 2063 1578 2119 igitur

176 2128 289 2160 ratus
322 2128 396 2169 est,
428 2119 672 2175 priusquam
709 2135 801 2160 eam
833 2135 922 2160 rem
956 2120 1296 2176 aggrederentur,
1329 2120 1489 2176 legatos
1523 2120 1576 2162 ad

176 2185 347 2232 gentem
378 2176 644 2218 Achaeorum
679 2177 801 2226 mitti,
833 2177 1093 2233 pollicentes,
1126 2178 1160 2218 si
1190 2178 1241 2219 ab
1272 2193 1369 2243 rege
1370 2154 1455 2219 t>ad
1487 2177 1577 2219 Ro-

147 2248 164 2279 3
177 2248 323 2275 manos
339 2233 604 2284 defecissent,
622 2233 906 2275 Corinthum
897 2235 947 2275 113
964 2235 1302 2276 contributuros
1293 2251 1336 2276 ln
1353 2235 1576 2291 antiquum

175 2291 314 2347 gentis
354 2291 590 2333 concilium.
656 2292 841 2333 Auctore
885 2292 1069 2342 consule,
1104 2292 1230 2349 legati
1267 2307 1292 2333 a
1325 2292 1450 2334 flatre
1487 2293 1575 2334 eius
1589 2297 1738 2338 Legatia

177 2348 226 2390 L.
250 2349 465 2399 Quinctio,
499 2357 542 2390 et
573 2349 733 2399 Attalo,
766 2358 808 2391 et
840 2349 1034 2400 Rhodiis,
1069 2358 1111 2391 et
1143 2350 1490 2401 Atheniensibus,
1522 2340 1786 2392 adRomaniset

1589 2393 1699 2414 eorum
1715 2394 1763 2415 80·

219 2476 239 2507 9
255 2467 413 2506 Anticyra
429 2468 464 2497 in
477 2467 634 2505 Phocide]
663 2466 852 2507 Anticyram
898 2468 1038 2507 demque
1055 2467 1208 2507 ceperint.
1236 2468 1361 2500 RAscn.

178 2507 306 2539 Locridi
320 2509 433 2539 ascribi
447 2520 531 2549 supr.
543 2510 631 2540 xxvi.
646 2509 853 2549 26.1egimus‚
948 2519 963 2540 2
992 2512 1206 2548 Aristaenus]
1256 2511 1380 2541 Eadem
1420 2514 1576 2541 memorat

177 2550 224 2580 ita
253 2555 288 2581 ut
316 2551 584 2582 Drakenborchio
611 2551 768 2589 videatur,
797 2556 854 2583 aut
899 2552 1015 2592 Polyb.
1032 2553 1064 2583 in
1082 2553 1163 2583 Exc.
1183 2553 1289 2583 Vatic.
1307 2563 1381 2583 xxv.
1399 2561 1427 2591 3.

178 2593 258 2623 duas
279 2594 373 2624 urbes
392 2594 566 2634 Anticyrae
589 2594 719 2625 nomine
742 2595 853 2634 appel-
941 2604 958 2634 3
977 2596 1166 2626 Corinthum
1183 2597 1224 2626 iis
1239 2594 1494 2634 contributuros]
1514 2595 1575 2626 Co—

179 2635 261 2665 latas
285 2635 360 2666 sitas
384 2646 450 2667 esse
473 2637 514 2667 ad
544 2637 647 2667 sinum
671 2637 852 2668 Corinthia·
898 2637 1023 2668 rinthus
1035 2639 1075 2668 ab
1088 2639 1189 2668 Arato
1202 2639 1363 2677 quondam
1381 2638 1466 2668 furto
1483 2637 1577 2668 unius

179 2687 264 2713 cum,
280 2682 335 2707 aut
357 2679 491 2709 eandem
515 2680 612 2709 modo
630 2679 770 2717 Locridi,
786 2690 852 2710 mo—
898 2681 1001 2710 noctis
1024 2681 1215 2719 intercepta,
1233 2680 1371 2710 Achaeis
1394 2680 1576 2710 contributa

180 2720 220 2750 do
239 2719 373 2749 Phocidi
390 2721 496 2751 tribui.
898 2723 1024 2753 fuerat:
1064 2733 1151 2760 mox,
1179 2723 1365 2762 urgentibus
1390 2722 1577 2753 Cleomenis

227 2772 237 2791 1
264 2763 423 2801 Impetum
440 2765 577 2794 Romani
592 2763 760 2803 facerent]
797 2764 852 2794 Vi-
898 2765 979 2805 regis
1009 2765 1241 2804 Spartanorum
1276 2765 1384 2802 armis,
1415 2765 1576 2803 Antigono

179 2805 274 2834 detur
289 2805 387 2834 totius
410 2805 470 2835 loci
493 2806 572 2836 ratio
589 2807 664 2837 satis
680 2807 854 2845 declarare,
899 2812 931 2838 et
949 2808 1184 2839 Macedonibus
1200 2808 1325 2838 reddita
1341 2811 1399 2838 est.
1432 2808 1472 2838 cf.
1488 2807 1575 2838 Plut.

180 2847 347 2877 Romanos
363 2847 407 2877 ita
424 2848 581 2887 impetum
597 2850 719 2887 fecisse,
733 2853 769 2880 ut
786 2860 854 2889 per·
900 2850 932 2881 in
951 2851 1060 2881 Arato.

179 2890 323 2929 ruperint
354 2890 451 2920 etiam
486 2901 542 2929 per
572 2896 709 2930 portam,
741 2892 854 2923 Dauli-
