1960 3218
557 148 683 191 LIB.
717 146 939 188 XXXIX.
983 145 1130 188 CAP.
1163 149 1232 187 40.
1509 147 1593 186 415

193 241 319 283 simul
351 256 460 282 unus
490 240 767 296 magistratuS,
797 236 1041 293 praesertim
1073 236 1251 285 curules,
1274 249 1414 291 neque
1446 249 1594 291 capere
1611 240 1654 272 U.
1671 240 1709 272 C.
1733 238 1805 280 568.

193 308 347 356 posset,
365 315 444 340 nec
464 312 632 355 gerere:
666 311 760 352 pars
780 295 943 351 legibus
965 309 1062 336 eum
1084 293 1187 335 solvi
1209 308 1391 350 aequum
1409 307 1593 342 censere,
1608 284 1650 315 A.
1671 284 1710 315 C.
1735 283 1806 321 ¹84·

195 366 255 407 ut,
279 372 406 413 quem
427 356 565 405 vellet,
592 363 826 411 praetorem
856 352 1028 394 creandi
1058 351 1216 408 populo
1246 359 1431 408 potestas
1461 351 1592 392 fieret.

196 415 246 456 L.
265 415 440 456 Porcius
468 412 615 454 consul
649 412 786 467 primo
819 410 864 451 in
897 425 947 451 ea
976 409 1187 451 sententia
1217 424 1318 458 esse,
1352 424 1405 450 ne
1438 423 1595 450 nomen

196 473 285 514 eius
306 473 534 528 acciperet:
569 469 737 518 deinde,
761 477 807 509 ut
835 483 888 509 ex
914 467 1163 508 auctoritate
1195 475 1363 508 senatus
1394 466 1507 507 idem
1534 466 1596 506 fa-

196 539 321 580 ceret,
345 528 583 570 convocatis
603 527 813 576 Patribus,
838 526 1015 566 ‘referre
1047 540 1090 566 se
1117 524 1170 566 ad
1192 525 1288 574 eos,'
1310 524 1430 573 dixit,
1456 523 1596 579 ‘quod

197 594 300 629 ‘nec
328 588 417 628 iure
447 586 547 636 ullo,
578 601 656 626 nec
684 583 880 640 exemplo
912 582 1120 624 tolerabili
1150 582 1305 623 liberae
1337 581 1497 623 civitati
1528 596 1597 622 ae-

197 645 317 686 ‘dilis
347 644 501 685 curulis
532 643 774 700 designatus
804 649 1043 698 praeturam
1074 648 1250 697 peteret,
1274 640 1366 689 sibi,
1390 639 1470 680 nisi
1492 638 1597 694 quid

196 702 335 744 ‘aliud
366 702 416 743 iis
446 702 672 751 videretur,
697 700 740 741 in
769 700 909 740 animo
932 714 1034 748 esse,
1057 714 1080 740 e
1100 698 1193 755 lege
1215 698 1386 740 comitia
1415 697 1598 738 habere.’

194 760 342 803 Patres
378 768 647 809 censuerunt,
682 758 743 799 uti
776 757 825 798 L.
850 757 1024 798 Porcius
1057 755 1205 798 consul
1240 771 1337 797 cum
1369 755 1423 804 Q.
1448 754 1597 795 Fulvio

195 828 350 875 ageret,
373 833 427 859 ne
449 817 756 874 impedimento
778 823 897 865 esset,
922 831 1006 871 quo
1028 814 1167 855 minus
1195 814 1364 855 comitia
1395 812 1597 870 praetoris

195 877 241 917 in
261 876 401 918 locum
421 875 471 917 C.
488 875 674 916 Decimii
691 873 945 929 subrogandi
963 889 985 914 e
1002 872 1094 928 lege
1115 872 1382 913 haberentur.
1436 869 1597 926 Agenti

197 934 358 976 consuli
380 949 432 975 ex
454 931 816 974 senatusconsulto
844 930 1062 987 respondit
1084 929 1270 980 Flaccus,
1295 935 1307 953 ⁶
1324 929 1458 978 Nihil,
1482 927 1598 984 quod

166 997 269 1033 2‘se
302 991 525 1047 indignum
547 999 667 1040 esset,
690 990 923 1030 facturum.'
984 987 1134 1029 Medio
1165 1003 1364 1044 responso
1395 1001 1511 1043 spem
1544 984 1598 1026 ad

196 1049 457 1091 voluntatem
478 1048 852 1105 interpretantibus
872 1046 1040 1096 fecerat,
1063 1061 1277 1087 cessurum
1298 1045 1473 1086 Patrum
1500 1058 1598 1085 auc-

197 1107 354 1149 toritati
382 1122 482 1148 esse.
549 1105 746 1147 Comitiis
777 1104 911 1146 acrius
942 1104 1083 1153 etiam,
1111 1119 1239 1160 quam
1270 1111 1380 1153 ante,
1412 1102 1596 1159 petebat,

197 1165 473 1214 criminando,
497 1163 740 1220 extorqueri
762 1163 840 1204 sibi
862 1177 886 1203 a
906 1162 1078 1203 consule
1100 1171 1144 1203 et
1164 1170 1312 1203 senatu
1340 1160 1486 1218 populi
1509 1159 1598 1200 Ro-

197 1223 312 1264 mani
332 1222 600 1271 beneficium,
622 1231 664 1262 et
685 1220 886 1261 invidiam
919 1219 1122 1276 geminati
1152 1219 1323 1260 honoris
1353 1219 1469 1267 fieri3
1505 1226 1598 1258 tan-

197 1295 325 1337 quam
354 1296 437 1321 non
469 1288 700 1336 appareret,
724 1278 796 1319 ubi
824 1277 1067 1334 designatus
1097 1287 1264 1333 praetor
1292 1285 1413 1326 esset,
1437 1284 1597 1317 extem-

196 1338 268 1395 plo
298 1337 510 1379 aedilitate
542 1352 584 1378 se
616 1336 920 1377 abdicaturum.
986 1334 1160 1384 Consul,
1183 1350 1315 1390 quum
1344 1342 1387 1375 et
1413 1333 1599 1390 pertina-

196 1396 305 1437 ciam
331 1395 514 1452 petentis
535 1409 733 1443 crescere,
756 1402 799 1434 et
823 1393 1007 1434 favorem
1040 1392 1186 1448 populi
1218 1392 1350 1448 magis
1381 1391 1597 1447 magisque

195 1454 241 1494 in
272 1469 370 1495 eum
401 1452 593 1494 inclinari
619 1460 821 1500 cerneret,
845 1450 1025 1491 dimissis
1046 1450 1239 1499 comitiis,
1262 1458 1455 1490 senatum
1476 1463 1599 1490 voca—

196 1511 268 1553 vit.
324 1511 596 1552 Censuerunt
615 1509 871 1564 frequentes,
892 1513 903 1531 (
919 1507 1134 1556 Quoniam
1155 1507 1351 1548 Flaccum
1374 1506 1599 1548 auctoritas

166 1577 184 1607 3
200 1575 211 1593 ‘
227 1569 403 1610 Patrum
424 1568 530 1609 nihil
551 1567 759 1615 movisset,
775 1566 829 1606 ad
849 1565 1054 1621 populum
1076 1580 1173 1606 cum
1189 1564 1338 1606 Flacco
1360 1564 1599 1620 agendum.’

201 1626 420 1668 Concione
449 1625 661 1674 advocata,
685 1638 816 1680 quum
849 1624 999 1679 egisset
1032 1622 1201 1671 consul;
1234 1638 1288 1663 ne
1311 1632 1401 1663 tum
1423 1621 1598 1678 quidem

197 1684 250 1725 de
288 1683 496 1725 sententia
529 1691 679 1731 motus,
713 1681 866 1738 gratias
901 1679 1058 1737 populo
1093 1680 1289 1721 Romano
1325 1680 1425 1736 egit,
1459 1679 1600 1735 ‘quod

200 1748 342 1783 ‘tanto
383 1741 535 1790 studio,
571 1739 904 1796 quotiescunque
942 1738 1218 1779 declarandae
1255 1737 1483 1779 voluntatis
1523 1752 1600 1793 po-

200 1805 350 1840 ‘testas
379 1799 489 1840 facta
519 1806 639 1847 esset,
662 1806 898 1853 praetorem
929 1811 972 1837 se
998 1796 1196 1837 voluisset
1215 1796 1363 1836 facere.
1429 1795 1494 1836 Ea
1521 1795 1599 1836 sibi

199 1863 211 1882 ⁶
224 1857 363 1898 studia
379 1856 532 1898 civium
554 1870 724 1896 suorum
742 1854 970 1895 destituere
992 1869 1077 1895 non
1094 1854 1140 1894 in
1156 1854 1298 1894 animo
1315 1854 1430 1895 esse.’
1478 1852 1599 1894 Haec

197 1930 296 1957 vero
313 1924 397 1956 tam
419 1914 628 1956 obstinata
642 1928 725 1954 vox
747 1921 910 1954 tantum
932 1912 971 1953 ei
991 1912 1177 1953 favorem
1194 1911 1401 1961 accendit,
1416 1920 1463 1952 ut
1484 1909 1600 1952 haud

198 1973 352 2015 dubius
382 1981 549 2029 praetor
570 1979 689 2021 esset,
713 1971 747 2012 si
768 1969 913 2012 consul
936 1970 1125 2026 accipere
1147 1985 1305 2011 nomen
1325 1969 1463 2011 vellet.
1527 1968 1599 2009 In·
1613 1981 1748 2013 Sublata
1764 1982 1796 2014 S.

197 2046 301 2087 gens
332 2039 546 2072 certamen
578 2029 767 2078 tribunis,
792 2037 834 2069 et
864 2027 974 2068 inter
1004 2043 1046 2068 se
1078 2028 1202 2083 ipsos,
1225 2036 1268 2068 et
1289 2042 1384 2068 cum
1411 2026 1597 2076 consule,
1613 2025 1651 2056 C.
1669 2025 1811 2057 comitia.

198 2089 303 2130 fuit:
337 2088 474 2129 donec
506 2096 674 2128 senatus
708 2102 732 2127 a
764 2085 934 2127 consule
967 2094 1029 2126 est
1060 2085 1240 2134 habitus,
1268 2085 1596 2140 decretumque:

201 2151 213 2170 ‘
233 2146 461 2195 Quoniam,
483 2144 686 2201 praetoris
707 2142 962 2198 subrogandi
984 2143 1155 2184 comitia
1175 2157 1228 2183 ne
1251 2142 1413 2199 legibus
1434 2142 1598 2191 fierent,

201 2203 460 2260 ‘pertinacia
493 2202 546 2250 Q.
570 2202 710 2243 Flacci
746 2210 789 2242 et
823 2215 950 2256 prava
988 2200 1127 2242 studia
1161 2200 1383 2241 hominum
1419 2199 1601 2255 impedi-

201 2267 212 2286 ‘
228 2271 335 2311 rent,
358 2270 549 2302 senatum
571 2274 755 2308 censere,
779 2258 876 2300 satis
898 2267 1138 2313 praetorum
1160 2273 1271 2299 esse:
1306 2257 1354 2298 P.
1375 2256 1600 2298 Cornelius

169 2325 213 2359 4‘
228 2328 451 2375 utramque
474 2318 517 2358 in
539 2317 641 2358 urbe
664 2315 996 2357 iurisdictionem
1025 2316 1212 2365 haberet,
1236 2315 1513 2371 Apollinique
1536 2314 1600 2355 lu-

202 2383 213 2401 ‘
229 2377 304 2418 dos
324 2376 505 2418 faceret?

258 2434 340 2475 His
372 2434 553 2475 comitiis
588 2432 815 2489 prudentia
844 2441 886 2473 et
916 2431 1068 2472 virtute
1101 2439 1269 2471 senatus
1302 2429 1486 2479 sublatis,
1520 2429 1600 2471 alia
1676 2435 1745 2473 40.

201 2492 367 2533 maioris
388 2491 639 2540 certaminis,
663 2506 747 2546 quo
770 2498 811 2530 ct
834 2489 988 2530 maiore
1011 2488 1063 2529 dc
1089 2503 1146 2538 re,
1170 2497 1212 2529 et
1233 2488 1344 2529 inter
1363 2487 1502 2544 plures
1524 2503 1600 2544 po·
1613 2489 1803 2521 Contentio-

202 2550 485 2605 tentioresque
522 2549 643 2598 viros,
676 2557 774 2589 sunt
807 2556 964 2588 exorta.
1031 2545 1265 2587 Censuram
1301 2561 1464 2587 summa
1499 2561 1600 2587 con-
1613 2534 1725 2607 2¹32(oe
1741 2543 1814 2564 ⁰⁰¹¹*

202 2607 391 2648 tentione
423 2606 623 2662 petebant
652 2605 701 2647 L.
721 2604 917 2646 Valerius
946 2604 1132 2654 Flaccus,
1162 2604 1209 2645 P.
1229 2613 1272 2645 et
1294 2604 1342 2645 L.
1366 2603 1598 2660 Scipiones,
1667 2596 1695 2607 ‘'

248 2747 263 2766 2
288 2737 342 2766 Ad
360 2736 554 2766 voluntatem
571 2736 879 2775 interpretantibus]
928 2739 963 2765 ut
980 2734 1167 2765 auctoritati
1185 2732 1315 2764 senatus
1331 2733 1468 2763 cederet.

204 2780 285 2817 Qui,
298 2778 572 2818 quemadmodum
588 2779 737 2807 voluntas
753 2788 810 2808 sua
822 2778 881 2808 fer·
971 2788 989 2815 4
1010 2778 1221 2817 Apollinique
1234 2776 1473 2814 ludossaceret]
1495 2774 1605 2804 Ludos

202 2827 262 2859 ret,
280 2823 376 2851 verba
393 2821 461 2850 cius
478 2820 780 2859 interpretabantur.
929 2820 1137 2860 Apollinares
1154 2824 1282 2859 praetor
1298 2820 1439 2849 urbanus
1455 2817 1604 2847 faciebat.

250 2874 266 2903 3
293 2865 349 2895 Ad
360 2864 536 2903 populum]
567 2863 684 2893 Coram
704 2863 838 2901 populo,
850 2862 882 2892 in
928 2873 1015 2902 supr.
1033 2862 1133 2893 xxvii.
1153 2871 1202 2900 23.

205 2907 360 2938 concione
375 2905 614 2937 adhortandum
630 2915 698 2936 csse
715 2904 883 2941 Flaccum,
