1960 3218
580 129 706 172 LIB.
741 128 963 170 XXXIX.
1010 127 1157 170 CAP.
1191 131 1258 169 32.
1539 131 1623 174 407

217 228 314 262 ante
337 221 450 263 alios.
514 221 626 263 Nam
653 229 696 262 et
726 221 885 277 primus
906 221 1070 262 hostem
1091 220 1309 277 percussit,
1332 228 1374 262 et
1396 219 1455 261 ita
1474 235 1517 262 se
1539 221 1619 263 im-
1634 225 1678 258 U
1695 226 1733 258 C
1756 226 1829 267 567.

216 279 385 320 miscuit
410 279 571 329 mediis,
594 288 641 320 ut
660 279 744 328 vix,
768 278 901 320 utrius
928 279 1057 334 partis
1089 286 1208 327 esset,
1230 278 1347 319 nosci
1373 287 1537 335 posset:
1572 269 1670 321 etA·
1694 270 1732 302 C.
1758 271 1829 310 ¹85·

215 337 379 393 equites
399 337 600 392 praetoris
621 336 778 377 eximia
797 336 964 386 virtute,
988 345 1030 377 et
1051 336 1242 392 equitum
1263 336 1427 401 pedites
1448 338 1612 378 accensi

214 403 323 436 sunt.
386 395 531 435 Pudor
551 394 682 436 movit
702 394 859 450 primos
881 394 1160 443 centuriones,
1185 394 1258 449 qui
1280 394 1392 435 inter
1413 393 1495 435 tela
1516 394 1612 436 hos-

214 452 319 493 tium
359 461 592 517 praetorem
629 461 950 508 conspexerunt.
1020 451 1170 507 Itaque
1208 466 1355 506 urgere
1392 452 1564 507 smnlfei
1566 468 1610 494 os

211 525 287 566 pro
315 525 358 551 se
381 510 572 565 quisque,
595 510 738 552 iubere
770 510 923 550 inferre
955 510 1086 565 signa,
1109 518 1152 550 et
1179 509 1399 550 confestim
1430 509 1608 552 militem

210 568 341 624 sequi.
406 567 652 609 Renovatur
681 568 732 609 ab
761 567 955 609 omnibus
986 567 1168 608 clamor.
1203 567 1384 622 impetus
1415 567 1463 607 fit
1492 567 1608 609 velut
1623 573 1808 607 Vincuntur

209 640 263 666 ex
284 625 496 682 superiore
518 625 621 667 loco.
672 625 802 667 Haud
824 641 942 666 secus
963 640 1076 681 ergo,
1099 639 1227 680 quam
1250 624 1444 665 torrentis
1466 625 1605 676 modo,
1622 617 1775 658 Hispani.

207 682 394 724 fundunt
414 692 692 740 sternuntque
714 683 939 740 perculsos,
957 698 1036 724 1160
1056 682 1252 724 sustineri
1273 682 1343 723 alii
1364 697 1489 738 super
1505 683 1606 725 alios

205 740 433 782 inferentes
464 757 552 783 5656
583 751 769 798 possunt.
834 741 1061 798 Fugientes
1088 741 1133 781 in
1161 748 1295 782 castra
1321 740 1484 796 equites
1511 756 1606 797 per-

205 800 339 840 secuti
360 808 469 849 sunt,
493 807 535 840 et
555 800 755 856 permixti
784 799 929 840 turbae
960 799 1143 841 hostium
1168 798 1279 839 intra
1299 798 1454 839 vallum
1474 813 1605 854 pene-

206 864 442 898 traverunt:
477 858 549 898 ubi
577 858 628 899 ab
657 858 811 899 relictis
836 857 880 897 in
910 857 1119 913 praesidio
1140 865 1371 898 castrorum
1396 856 1604 912 proelium

204 914 504 956 instauratum:
540 916 758 971 coactique
791 924 890 956 sunt
928 915 1111 956 Romani
1147 914 1311 970 equites
1346 914 1602 956 descendere

203 987 256 1013 ex
285 973 415 1029 equis.
480 972 792 1015 Dimicantibus
828 973 890 1022 iis,
923 973 1034 1029 legio
1055 972 1205 1028 quinta
1229 972 1492 1028 supervenit:
1529 972 1602 1014 de-

201 1029 315 1080 inde,
335 1039 382 1071 ut
403 1046 595 1087 quaeque
617 1040 855 1087 potuerant,
878 1032 1023 1087 copiae
1046 1030 1283 1072 affluebant.
1351 1029 1602 1072 Caeduntur

200 1088 355 1143 passim
389 1088 569 1145 Hispani
597 1104 673 1145 per
707 1098 795 1130 tota
824 1098 979 1135 castrag
1014 1104 1092 1130 1160
1123 1088 1218 1144 plus
1246 1103 1373 1144 quam
1402 1097 1602 1144 quattuor

201 1145 332 1187 millia
351 1146 571 1188 hominum
593 1147 843 1203 effugerunt.
898 1146 1003 1187 Inde
1026 1147 1106 1187 tria
1126 1145 1257 1187 millia
1276 1145 1375 1195 fere,
1392 1146 1465 1201 qui
1487 1161 1601 1188 arma

200 1203 474 1253 retinuerant,
507 1214 694 1246 montem
730 1204 1015 1261 propinquum
1052 1212 1281 1260 ceperunt:
1326 1203 1440 1245 mille
1475 1204 1600 1245 semi-

199 1275 334 1302 ermes
362 1262 543 1303 maxime
565 1278 640 1318 per
660 1277 779 1318 agros
799 1262 927 1318 palati
949 1271 1057 1303 sunt.
1126 1261 1261 1317 Supra
1282 1261 1453 1317 trIginta
1474 1262 1599 1318 quin-

198 1333 282 1374 que
318 1319 449 1360 millia
484 1319 668 1360 hostium
703 1320 881 1369 fuerant,
917 1335 970 1360 ex
1004 1320 1157 1376 quibus
1193 1328 1278 1360 tam
1314 1319 1467 1375 exigua
1502 1335 1598 1375 pars

197 1391 364 1442 pugnae
393 1377 609 1433 superfuit.
676 1377 805 1433 Signa
825 1386 947 1433 capta
967 1386 1139 1418 centum
1161 1377 1334 1432 tliginta
1354 1378 1444 1418 tria.
1509 1377 1597 1418 Ro-

197 1434 311 1475 mani
333 1435 518 1491 sociique
550 1435 691 1492 paullo
722 1435 817 1498 plus
845 1435 1048 1485 sexcenti,
1071 1443 1114 1476 et
1135 1433 1455 1491 provincialium
1477 1435 1597 1475 anxi-

196 1490 349 1533 liorum
385 1502 556 1534 centum
588 1491 897 1558 quinquaginta
932 1493 1061 1534 ferme
1094 1492 1350 1534 ceciderunt.
1415 1492 1596 1534 Tribuni

197 1549 378 1591 militum
400 1551 589 1615 quinque
611 1551 762 1599 amissi,
785 1559 828 1591 et
848 1550 970 1607 pauci
992 1550 1157 1606 equites
1179 1549 1377 1598 Romani,
1395 1558 1594 1592 cruentae

196 1607 379 1649 maxime
411 1608 610 1649 victoriae
646 1608 830 1664 speciem
865 1608 1066 1649 fecerunt.
1130 1607 1182 1648 In
1215 1607 1359 1648 castris
1394 1606 1592 1658 hostium,

195 1665 296 1720 quia
316 1666 414 1722 ipsis
434 1666 615 1722 spatium
632 1681 707 1707 sua
723 1665 1039 1707 communiendi
1061 1681 1148 1706 non
1168 1665 1316 1714 suerat,
1334 1674 1590 1707 manserunt.

195 1722 279 1764 Pro
300 1724 502 1765 concione
530 1732 697 1780 postero
717 1724 786 1765 die
808 1723 966 1765 laudati
988 1723 1218 1779 donatique
1240 1738 1264 1763 a
1288 1697 1338 1763 C.
1358 1722 1591 1779 Calpurnio

194 1781 357 1836 equites
390 1781 593 1837 phaleris:
638 1781 1024 1838 pronuntiavitque,
1062 1796 1209 1822 eorum
1245 1780 1427 1821 maxime
1465 1796 1592 1837 opera

193 1837 333 1880 hostes
367 1838 492 1889 fusos,
524 1848 656 1881 castia
692 1848 814 1896 capta
844 1848 886 1880 et
919 1848 1161 1895 expugnata
1195 1853 1295 1879 esse.
1362 1837 1591 1887 Quinctius

161 1909 181 1940 9
194 1895 299 1937 alter
318 1905 485 1962 praetor
504 1913 599 1939 suos
621 1898 784 1962 equites
805 1897 963 1938 catellis
979 1912 1025 1938 ac
1042 1896 1181 1938 fibulis
1198 1895 1380 1937 donavit.
1429 1896 1591 1938 Donati

193 1962 236 1995 et
256 1955 524 1996 centuriones
541 1970 594 1996 ex
617 1955 835 2011 utriusque
853 1955 1041 1996 exercitu
1059 1954 1281 2011 permulti:
1316 1954 1499 1995 maxime
1515 1955 1589 2011 qui

192 2011 375 2053 mediam
397 2013 531 2053 aciem
552 2022 792 2054 tenuerunt.

253 2068 461 2112 Consules
483 2070 714 2112 delectibus
735 2070 925 2127 aliisque,
932 2085 1048 2135 quae
1065 2069 1226 2111 Romae
1243 2068 1431 2125 agendae
1453 2077 1585 2120 erant,
1664 2069 1732 2109 32.

191 2127 370 2182 peractis
397 2128 565 2178 rebus,
556 2144 600 2169 111
622 2128 800 2185 Ligures
825 2128 1083 2184 provinciam
1105 2127 1337 2169 exercitum
1358 2126 1583 2168 duxerunt.
1600 2126 1690 2158 Res
1681 2137 1716 2157 111
1732 2126 1785 2158 Li-

195 2183 481 2241 Sempronius,
504 2201 528 2226 a
549 2186 656 2227 Pisis
677 2185 925 2242 profectus
915 2201 960 2226 111
982 2187 1186 2242 Apuanos
1208 2184 1399 2241 LigureS,
1421 2192 1586 2226 Vastan·
1597 2180 1688 2245 {pena
1702 2180 1769 2210 ges

191 2242 247 2284 do
268 2257 399 2299 agros,
420 2243 666 2299 urendoque
689 2244 801 2285 vicos
822 2251 865 2284 et
885 2242 1054 2284 castella
1073 2258 1232 2292 eorum,
1250 2242 1414 2298 aperuit
1434 2242 1587 2284 saltum

191 2315 324 2356 usque
347 2301 400 2342 ad
421 2301 595 2342 fluvium
614 2301 803 2343 Macram
826 2309 868 2342 et
889 2301 1037 2342 Lunae
1059 2308 1238 2357 portum.
1288 2299 1444 2341 Hostes
1466 2316 1587 2342 mon-

192 2366 290 2408 tem,
314 2359 530 2414 antiquam
552 2359 695 2400 sedem
717 2359 921 2400 maiorum
943 2374 1126 2408 suorum,
1149 2366 1374 2414 ceperunt:
1408 2367 1451 2399 et
1472 2358 1584 2408 inde,

190 2425 384 2472 superata
413 2417 600 2458 locorum
631 2417 866 2473 iniquitate,
889 2416 1048 2472 proelio
1069 2416 1224 2457 deiecti
1248 2423 1356 2456 sunt.
1422 2415 1478 2456 Et
1500 2417 1583 2472 Ap.

194 2472 399 2515 Claudius
426 2474 667 2516 felicitatem
687 2475 971 2530 virtutemque
994 2473 1208 2529 collegae
1199 2488 1242 2514 111
1264 2473 1492 2529 Liguribus
1514 2473 1586 2514 In-

190 2531 339 2586 gaunis
369 2533 563 2588 aequavit
592 2533 788 2574 secundis
819 2531 979 2588 aliquot
1011 2531 1190 2588 procliis
1256 2530 1339 2572 Sex
1371 2540 1588 2597 praeterea

191 2588 347 2643 oppida
378 2604 523 2630 corum
556 2590 836 2647 expugnavit:
875 2589 1006 2630 multa
1041 2588 1172 2630 millia
1205 2588 1426 2629 hominum
1459 2605 1502 2630 111
1536 2590 1586 2630 115

190 2646 324 2701 cepit.
360 2646 487 2687 1)0111’
478 2657 668 2689 auctores
690 2657 770 2689 trcs
792 2656 835 2689 ct
856 2647 1134 2704 quadraginta
1154 2646 1287 2688 seculi
1310 2647 1525 2703 percussit.

233 2746 252 2777 9
277 2736 606 2776 (11tellis]'r0rques
636 2740 768 2770 catellas
798 2738 862 2769 dici
907 2740 956 2769 las
983 2738 1036 2769 hic
1061 2736 1198 2777 intelligi
1224 2737 1354 2776 cinguli
1381 2748 1435 2767 5011
1463 2738 1586 2766 11111605

191 2783 284 2817 putat
313 2779 441 2818 Lipsius
468 2781 507 2810 dc
534 2781 605 2812 Mil.
635 2782 731 2812 Rom.
758 2792 785 2812 v.
815 2790 861 2820 17.
908 2781 1074 2818 militares,
1091 2791 1174 2820 quae
1196 2790 1268 2810 cum
1287 2790 1365 2809 vocc
1380 2781 1495 2818 fibulis
1511 2790 1584 2809 con-

190 2823 277 2859 quod
301 2832 340 2852 ex
366 2822 494 2852 annulis
517 2828 571 2852 aut
596 2823 721 2854 catellis
744 2825 864 2863 plecte·
909 2824 1097 2863 iunguntur.
1119 2823 1195 2862 quia
1221 2822 1328 2852 fibulis
1349 2821 1479 2860 astringi
1504 2823 1584 2852 sole-

191 2868 307 2896 rentur.
355 2865 463 2895 Noni«)
483 2867 615 2896 catellae
636 2867 865 2897 diminutimmz
909 2868 998 2903 bunt,
1015 2866 1197 2905 suspicatur
1214 2864 1512 2896 Drakenborcliius.

189 2911 378 2938 catenarum
395 2912 477 2939 sunt.
506 2908 642 2938 Diuum.
692 2909 753 2939 Per
768 2911 862 2940 catel-
