1960 3218
558 146 684 188 ΜΒ.
718 137 891 187 ΧΧΧΙ.
933 145 1072 187 CAP.
1107 149 1173 187 35.
1501 147 1551 186 31

138 260 149 281 1
223 239 457 297 Philippus,
479 238 638 295 aliquid
659 246 701 280 et
721 237 775 279 ad
802 237 1016 279 caritatem
1037 251 1220 286 suorum,
1243 243 1285 277 et
1311 243 1359 277 ut
1386 251 1549 292 promp-
1569 249 1613 281 U,
1631 247 1763 290 C·'552-

167 299 249 341 tius
280 313 356 355 pro
388 313 438 339 eo
470 296 703 354 periculum
739 295 914 346 adirent,
952 304 1064 336 ratus
1104 295 1387 351 profecturum
1429 309 1485 343 se,
1520 294 1553 334 si
1568 294 1607 324 A.
1633 294 1670 324 C.
1693 304 1764 325 ²00·

166 357 370 414 equitum,
393 356 466 412 qui
487 355 725 397 ceciderant
745 354 789 394 in
817 353 1100 410 expeditione,
1123 351 1461 409 sepeliendorum
1482 367 1554 392 cu-
1631 339 1697 377 34·

166 431 254 457 ram
282 414 504 463 habuisset,
527 413 663 454 afferri
691 427 761 453 eos
782 412 826 452 in
854 420 987 453 castra
1012 411 1143 460 iussit,
1167 419 1214 451 ut
1243 409 1555 466 conspiceretur

166 474 218 515 ab
249 472 442 514 omnibus
469 471 627 512 funeris
656 470 800 511 honos.
863 469 985 510 Nihil
1015 478 1099 510 tam
1128 469 1335 509 incertum
1362 482 1441 508 nec
1470 476 1553 508 tam
1568 479 1765 510 Macedones

165 529 466 573 inaestimabile
495 537 568 578 est,
592 544 717 584 quam
746 528 874 569 animi
899 527 1191 568 multitudinis.
1258 525 1387 574 Quod
1414 540 1554 581 prom·
1567 526 1744 583 terrentur*

165 589 320 646 ptiores
349 588 402 629 ad
422 586 683 629 subeundam
705 601 872 627 omnem
897 585 1209 626 dimicationem
1230 583 1451 625 videbatur
1470 583 1551 624 fac·
1567 570 1751 639 ῖῗιῗξξὲῗζέ

166 656 320 696 turum,
343 646 387 687 id
414 654 574 687 metum
601 644 895 701 pigritiamque
924 643 1107 684 incussit.
1171 641 1297 691 Nam,
1328 642 1401 697 qui
1429 641 1556 682 hastis
1569 662 1708 683 suorum.

137 705 409 761 2sagittisque
450 712 492 745 et
530 718 621 744 rara
659 702 814 744 lanceis
852 701 1026 743 vulnera
1059 701 1167 742 facta
1202 700 1417 749 vidissent,
1460 714 1557 740 cum

170 763 342 805 Graecis
370 761 606 819 Illyriisque
635 776 820 817 pugnare
847 759 1010 809 assueti,
1037 768 1259 816 postquam
1287 757 1427 814 gladio
1457 757 1558 798 His-

165 820 355 878 paniensi
376 820 622 861 detruncata
649 833 823 874 corpora
849 817 1028 859 brachiis
1054 832 1148 859 cum
1171 817 1347 857 humero
1375 815 1556 866 abscisis,

166 887 239 921 aut
259 887 347 920 tota
366 878 525 920 cervice
547 877 714 918 desecta
729 876 860 917 divisa
881 891 904 917 a
925 891 1095 932 corpore
1118 875 1267 931 capita,
1284 873 1557 930 patentiaque

164 937 334 987 viscera,
367 945 410 978 et
437 935 679 977 foeditatem
716 934 838 976 aliam
869 933 1090 975 vulnerum
1120 933 1329 982 viderunt,
1362 932 1558 972 adversus

166 1011 273 1052 quae
310 994 393 1036 tela
427 1008 615 1050 quosque
646 993 755 1034 viros
790 991 1067 1049 pugnandum
1103 999 1223 1040 esset,
1260 989 1402 1046 pavidi
1431 989 1557 1046 vulgo

166 1053 403 1095 cernebant.
466 1051 610 1108 Ipsum
651 1066 819 1107 quoque
856 1065 997 1106 regem
1032 1060 1163 1090 terror
1203 1049 1328 1105 cepit,
1365 1047 1557 1088 nondum

166 1111 276 1152 iusto
297 1110 454 1167 proelio
483 1124 578 1150 cum
608 1109 810 1150 Romanis
838 1123 1117 1164 congressum.
1179 1106 1342 1162 Itaque,
1365 1114 1558 1146 revocato

166 1168 254 1209 filio
275 1168 579 1225 praesidioque,
602 1167 717 1223 quod
738 1167 783 1206 in
814 1166 1067 1221 Pelagoniae
1095 1165 1284 1206 faucibus
1312 1172 1411 1211 erat,
1434 1172 1482 1204 ut
1509 1163 1559 1203 iis

167 1227 296 1282 copiis
317 1241 409 1266 suas
437 1233 618 1281 augeret,
642 1224 838 1265 Pleurato
866 1223 1161 1278 Dardanisque
1184 1222 1263 1263 iter
1284 1222 1328 1262 in
1356 1221 1558 1262 Macedo-

166 1284 279 1325 niam
300 1283 507 1339 patefecit.
570 1281 678 1338 Ipse,
701 1296 797 1323 cum
825 1280 975 1337 viginti
1000 1280 1182 1322 millibus
1208 1279 1412 1336 peditum,
1436 1287 1558 1334 quat-

166 1352 261 1383 tuor
300 1341 504 1397 equitum,
541 1339 717 1381 ducibus
760 1339 993 1394 transfugis,
1035 1338 1088 1379 ad
1128 1338 1292 1379 hostem
1331 1337 1557 1394 profectus,

166 1398 306 1456 paullo
333 1398 427 1455 plus
455 1397 567 1439 mille
588 1413 731 1454 passus
760 1413 784 1438 a
812 1397 953 1438 castris
986 1396 1189 1438 Romanis
1223 1395 1431 1437 tumulum
1461 1410 1558 1451 pro·
1668 1446 1671 1450 Ι

166 1457 374 1514 pinquum
403 1456 569 1498 Athaco
592 1455 699 1497 fossa
728 1471 775 1496 ac
806 1455 914 1496 vallo
944 1454 1244 1496 communivit:
1279 1469 1339 1503 ac,
1372 1453 1560 1494 subiecta
1572 1452 1746 1504 Philippus

167 1530 343 1557 cernens
365 1514 559 1556 Romana
574 1522 717 1564 castra,
735 1513 962 1555 admiratus
983 1527 1070 1554 esse
1087 1512 1241 1553 dicitur
1261 1520 1303 1553 et
1323 1511 1559 1552 universam
1572 1507 1706 1538 miratur

167 1573 350 1630 speciem
371 1580 611 1621 castrorum,
634 1580 676 1613 et
696 1572 904 1628 descripta
924 1571 1008 1612 suis
1029 1585 1221 1627 quaeque
1247 1569 1447 1626 partibus,
1469 1577 1559 1610 tum
1572 1551 1769 1624 ἓζῗῖἓέὃῗω

168 1630 434 1672 tendentium
465 1630 625 1679 ordine,
656 1637 745 1671 tum
776 1630 974 1670 itinerum
1006 1627 1257 1677 intervallis;
1300 1635 1343 1668 et
1373 1642 1559 1683 negasse,

139 1689 436 1730 3barbarorum
458 1703 508 1729 ea
528 1697 660 1729 eastra
680 1687 755 1728 ulli
776 1687 909 1729 videri
933 1702 1064 1743 posse.
1128 1685 1315 1727 Biduum
1343 1684 1490 1726 consul
1517 1693 1560 1726 et

167 1761 255 1796 reX,
292 1745 394 1788 alter
430 1746 596 1787 alterius
636 1753 809 1786 conatus
848 1752 1150 1801 exspectantes,
1188 1744 1432 1785 continuere
1465 1758 1560 1784 suos

168 1804 279 1845 intra
304 1804 481 1845 vallum:
516 1804 639 1845 tertio
668 1803 735 1844 die
766 1803 983 1844 Romanus
1011 1817 1156 1844 omnes
1184 1802 1323 1858 copias
1351 1801 1396 1842 in
1427 1800 1559 1842 aciem

169 1862 328 1904 eduxit.
391 1862 488 1904 Rex
508 1877 618 1911 vero,
641 1870 725 1903 tarn
754 1861 933 1902 celerem
961 1860 1094 1901 aleam
1115 1859 1299 1901 universi
1320 1858 1558 1900 certaminis

169 1920 335 1970 timens,
378 1920 704 1976 quadringentos
745 1918 906 1960 Tralles
942 1918 1202 1975 (Illyriorum
1241 1917 1299 1967 id,
1336 1917 1444 1958 sicut
1478 1916 1558 1958 alio

169 1977 352 2019 diximus
379 1977 484 2028 loeo,
514 1987 577 2019 est
603 1978 755 2034 genus)
776 1987 819 2018 et
842 1976 1066 2018 Cretenses
1093 1984 1314 2025 trecentos,
1338 1974 1482 2016 addito
1509 1974 1559 2015 iis

139 2036 380 2092 4peditibus
392 2036 482 2092 pari
502 2051 677 2077 numero
698 2036 902 2091 equitum,
925 2050 1021 2075 cum
1042 2034 1148 2075 duce
1171 2033 1456 2089 Athenagora,
1474 2047 1560 2073 uno

139 2106 223 2137 5ex
250 2094 500 2150 purpuratis,
529 2093 582 2134 ad
609 2092 870 2134 lacessendos
899 2092 1083 2133 hostium
1110 2091 1274 2147 equites
1302 2090 1425 2131 misit.
1488 2090 1560 2130 Ab

172 2151 374 2192 Romanis
395 2159 535 2192 autem
556 2151 717 2207 (aberat
737 2150 845 2192 acies
866 2165 1009 2191 eorum
1030 2148 1171 2205 paullo
1192 2148 1286 2205 plus
1307 2148 1560 2204 quingentos

169 2208 332 2265 passus)
351 2209 497 2250 velites
524 2217 567 2250 et
587 2209 778 2265 equitum
799 2208 906 2249 duae
927 2207 1056 2249 ferme
1078 2206 1166 2248 alae
1197 2206 1384 2255 emissae,
1405 2214 1454 2247 ut
1481 2221 1560 2246 nu-

1636 1867 1702 1907 35.

218 2381 228 2401 1
254 2372 308 2401 Ad
330 2373 492 2402 caritatem
515 2372 662 2409 suorum]
695 2380 737 2401 sc.
756 2370 841 2410 Erga

171 2424 204 2445 se
227 2414 473 2451 conciliandam,
488 2413 508 2445 i.
525 2424 552 2445 e.
569 2414 610 2444 ad
625 2413 750 2444 animos
770 2423 840 2443 suo-

172 2467 242 2487 rum
258 2456 317 2487 sibi
334 2456 559 2487 conciliandos.

217 2509 234 2529 2
257 2500 349 2530 Rara
365 2501 485 2530 lanceis
500 2500 653 2537 vulnera]
684 2500 843 2529 Lanceam

174 2542 391 2581 Hispanicum
416 2543 548 2572 verbum
575 2552 642 2572 esse
667 2541 712 2572 ait
740 2542 843 2571 Varro

173 2585 260 2624 apud
273 2585 406 2616 A.Gell.
417 2595 468 2615 xv.
481 2594 530 2623 31.
562 2585 677 2615 Festus
688 2595 707 2614 a
718 2584 844 2615 Graeca

176 2637 252 2657 voce
267 2626 374 2666 λόγχη
391 2627 488 2658 ducit.
534 2628 704 2658 Inventam
724 2628 764 2657 ab
782 2628 842 2657 Ae-

174 2670 248 2700 tolis
276 2670 399 2700 Plinius
426 2670 471 2701 H.
497 2670 542 2702 N.
570 2670 622 2700 vii.
651 2669 699 2709 56.
725 2669 843 2700 scribit.

175 2712 310 2743 Sisenna
334 2713 421 2752 apud
447 2713 591 2743 Nonium
615 2712 702 2744 xviii.
728 2711 777 2743 26.
798 2717 843 2742 te-

176 2756 243 2785 lum
275 2754 451 2786 Suevorum
486 2766 564 2793 esse,
593 2755 675 2786 sieut
701 2757 845 2786 materim

176 2797 358 2835 Gallorum,
371 2797 457 2829 dicit.
486 2798 662 2838 Utcunque
678 2808 726 2829 res
742 2808 774 2828 se
790 2798 844 2828 ha-

175 2841 241 2877 bet,
266 2840 379 2870 laneca
408 2840 439 2870 in
469 2842 601 2881 antiquo
631 2852 689 2871 usu
721 2840 845 2871 Latinis

176 2883 247 2921 fuit,
272 2887 303 2913 et
331 2883 452 2922 longior
474 2883 539 2922 pilo
564 2884 612 2914 vel
636 2884 727 2914 hasta
749 2884 845 2914 fuisse

179 2925 312 2957 videtur.

923 2378 940 2408 3
956 2371 1110 2409 Neyasse,
1118 2369 1325 2399 barbarorum
1336 2379 1374 2399 ea
1384 2372 1491 2399 castra
1500 2369 1560 2399 ulli

884 2413 987 2443 videri
1002 2413 1108 2452 posse]
1142 2412 1216 2442 Hoc
1232 2411 1317 2441 idem
1335 2422 1354 2441 a
1372 2411 1496 2451 Pyrrho
1512 2411 1558 2441 di-

887 2458 975 2485 ctum
991 2458 1183 2491 memorant,
1193 2464 1256 2493 quo
1273 2453 1413 2494 primum
1429 2453 1480 2483 die
1494 2454 1557 2485 Ro-

887 2507 1055 2528 manorum
1083 2500 1257 2527 castrorum
1285 2496 1428 2527 ordinem
1457 2496 1536 2527 vidit
1550 2508 1557 2528 ε

886 2542 952 2571 Hic
971 2541 1180 2571 barbarorum
1202 2541 1276 2571 ordo
1298 2541 1427 2570 minime
1444 2540 1554 2570 barba-

887 2595 945 2614 rus
959 2588 1014 2615 est.
1040 2583 1127 2613 Plut.
1145 2582 1176 2612 in
1195 2582 1330 2622 Pyrrho.
1357 2582 1462 2614 szv.

929 2638 948 2665 4
976 2628 1046 2657 Uno
1060 2637 1100 2657 em
1119 2627 1332 2665 purpuratis]
1372 2626 1559 2664 Purpurati

888 2669 941 2708 qui
973 2680 1012 2699 ex
1044 2668 1164 2698 intimis
1190 2668 1270 2707 regis
1296 2672 1397 2705 erant,
1423 2678 1443 2697 a
1474 2671 1560 2698 veste

888 2722 1060 2751 purpurea,
1090 2711 1218 2741 honoris
1255 2710 1381 2749 insigni,
1414 2711 1559 2750 appella-

890 2756 1015 2785 bantur.
1039 2754 1078 2785 cf.
1095 2764 1180 2793 supr.
1197 2764 1274 2784 xxx.
1291 2763 1341 2792 4²·
1367 2753 1492 2784 RASCH.

933 2806 949 2836 5
973 2799 1025 2828 Ab
1044 2797 1197 2827 Romanis
1219 2798 1342 2834 autem]
1378 2796 1429 2826 ΑΙ)
1447 2797 1559 2827 Romu-

887 2842 939 2871 nz's
953 2841 1038 2877 item,
1054 2840 1074 2870 i.
1088 2850 1114 2870 e.
1131 2839 1402 2879 quemadmodum
1420 2839 1560 2869 fecerant

889 2882 949 2922 ipsi
980 2883 1187 2919 Macedones,
1221 2881 1405 2912 emendavit
1435 2881 1558 2911 Grono-

891 2926 970 2961 vius,
987 2936 1082 2964 quem
1098 2929 1226 2956 secutus
1241 2928 1287 2955 est
1305 2924 1443 2955 Bekker.
