1960 3218
362 160 444 202 278
875 160 1023 203 ΤΙΤΙ
1064 161 1245 204 LIVII

157 254 202 285 U.
219 254 258 286 C.
281 254 352 294 562·
367 255 379 273 ‘
395 251 495 292 bera
519 266 594 292 sua
620 251 748 292 classe
778 252 1006 293 abscessuri
1036 251 1136 292 inde
1167 252 1305 293 forent
1326 252 1379 293 ad
1400 267 1523 309 opem
1544 251 1759 294 ferendam

157 297 196 328 Α·
221 297 259 329 C·
285 307 354 339 ¹90·
370 313 382 331 ‘
398 308 530 358 sociis,
563 318 849 366 terroremque
880 309 1069 350 hostibus
1101 309 1419 365 praebendum?
1450 325 1503 350 an
1528 309 1661 350 nihilo
1683 309 1761 349 mi-

371 371 383 390 ‘
398 381 478 407 nus
506 375 594 408 tota
620 366 748 408 classe
779 378 946 423 portum
969 367 1205 408 obsessuri?
1269 366 1363 408 Sive
1386 368 1498 408 enim
1521 366 1759 416 abscedant,

371 424 467 464 ‘cui
493 423 669 466 dubium
701 440 802 474 esse,
826 425 930 480 quin
961 424 1101 466 hostes
1132 425 1358 466 extracturi
1390 425 1599 466 demersas
1633 423 1762 465 moles

371 486 383 504 ‘
399 482 494 531 sint,
518 491 561 523 et
581 483 741 523 minore
765 482 1010 523 molimento
1033 483 1215 538 aperturi
1246 492 1427 538 portum,
1450 498 1576 538 quam
1599 482 1761 523 obstru-

371 540 520 580 ‘atur?
583 539 659 581 Sin
687 549 826 581 autem
857 539 1114 580 manendum
1148 540 1206 581 ibi
1240 540 1371 581 nihilo
1403 541 1542 581 minus
1569 540 1634 589 sit,
1658 538 1763 594 quid

371 597 589 647 ‘attinere,
623 597 762 639 claudi
796 598 996 653 portum?
1060 597 1178 646 Quin
1218 607 1374 647 contra,
1412 597 1516 647 illos,
1554 597 1761 638 tutissimo

371 659 383 677 ‘
399 664 536 710 portu,
559 654 874 711 opulentissima
894 655 996 695 urbe
1018 655 1215 705 fruentes,
1234 656 1374 696 omnia
1397 656 1499 696 Asia
1520 655 1760 711 praebente,

371 718 382 734 ‘
400 713 542 768 quieta
562 713 717 754 aestiva
738 721 923 754 acturos:
959 712 1186 762 Romanos,
1211 721 1354 769 aperto
1376 713 1419 753 in
1442 713 1545 753 mari
1566 712 1762 766 fiuctibus

372 774 383 792 ⁶
401 771 801 826 tempestatibusque
824 770 1022 819 obiectos,
1045 770 1233 811 omnium
1255 771 1414 826 inopes,
1431 770 1476 810 in
1497 770 1661 811 assidua
1681 778 1762 810 sta-

372 833 384 851 ‘
401 827 514 868 tione
535 828 719 868 futuros:
754 828 863 883 ipsos
885 827 1015 883 magis
1037 827 1225 883 alligatos
1246 827 1569 884 impeditosque,
1587 843 1640 868 ne
1659 826 1763 883 quid

371 890 383 909 ⁶
399 900 558 934 eorum,
582 900 689 941 quae
721 885 884 941 agenda
908 885 1003 934 sint,
1036 885 1196 941 possint
1223 900 1358 941 agere,
1389 901 1515 940 quam
1546 894 1594 926 ut
1623 885 1763 926 hostes

372 942 559 984 ‘clausos
589 943 797 984 habeant.’
859 942 1088 992 Eudamus,
1118 943 1352 999 praefectus
1384 942 1579 984 Rhodiae
1610 942 1760 992 classis,

369 1000 501 1056 magis
532 1015 623 1041 eam
652 1000 730 1041 sibi
761 1000 981 1056 displicere
1013 1001 1266 1041 sententiam
1292 1000 1488 1049 ostendit,
1511 1015 1638 1056 quam
1659 999 1760 1055 ipse,

370 1058 475 1113 quid
495 1066 685 1099 censeret
700 1058 954 1108 faciendum,
973 1057 1091 1099 dixit.
1137 1057 1355 1114 Epicrates
1373 1057 1580 1107 Rhodius,
1601 1056 1761 1099 ‘Omis-

371 1121 443 1156 ‘sa
474 1115 518 1155 in
554 1116 791 1171 praesentia
822 1115 1004 1172 Epheso,
1034 1115 1284 1157 mittendam
1317 1115 1486 1156 navium
1520 1124 1682 1171 partem
1717 1114 1763 1155 in

370 1178 382 1196 ‘
398 1172 603 1229 Lyciam,’
623 1173 798 1223 censuit,
822 1178 834 1197 ‘
850 1182 892 1214 et
913 1173 1076 1223 Patara,
1107 1182 1233 1229 caput
1263 1174 1413 1230 gentis,
1446 1173 1491 1214 in
1520 1173 1764 1214 societatem

370 1231 678 1287 ‘adiungenda
742 1230 794 1271 In
825 1230 928 1272 duas
958 1246 1022 1272 res
1047 1246 1219 1287 magnas
1247 1231 1291 1272 id
1319 1231 1413 1272 usui
1434 1231 1544 1272 fore:
1579 1239 1622 1272 et
1643 1229 1763 1271 Rho-

371 1287 501 1338 ‘di0s,
534 1289 690 1344 pacatis
718 1297 862 1331 contra
891 1288 1069 1329 insulam
1098 1304 1215 1330 suam
1244 1289 1377 1338 terris,
1400 1289 1497 1330 totis
1517 1288 1673 1329 viribus
1698 1287 1763 1328 in-

371 1346 594 1387 ‘cumbere
635 1347 680 1388 in
720 1346 845 1388 unius
877 1346 988 1395 belli,
1023 1346 1139 1402 quod
1171 1346 1367 1388 adversus
1400 1345 1661 1387 Antiochum
1694 1345 1761 1395 sit,

370 1409 381 1426 ‘
397 1418 540 1445 curam
565 1419 712 1460 posse:
747 1412 789 1445 et
811 1419 900 1447 eam
925 1403 1110 1454 classem,
1134 1419 1240 1460 quae
1273 1404 1315 1444 in
1348 1403 1480 1460 Lycia
1502 1417 1762 1459 comparare-

370 1467 381 1486 ⁶
399 1470 478 1511 tur,
500 1461 739 1511 intercludi,
762 1477 815 1504 ne
837 1461 1125 1518 Polyxenidae
1148 1462 1452 1517 coniungatur.’
1503 1460 1622 1502 Haec
1644 1475 1761 1501 max-

367 1519 450 1560 ime
476 1519 607 1561 movit
634 1519 864 1561 sententia:
898 1519 1056 1575 placuit
1085 1530 1239 1569 tamen,
1270 1519 1484 1574 Regillum
1517 1527 1604 1560 tota
1633 1517 1760 1559 classe

367 1576 489 1617 evehi
511 1576 564 1618 ad
585 1586 753 1633 portum
778 1576 950 1633 Ephesi,
973 1577 1025 1617 ad
1047 1577 1314 1618 inferendum
1336 1577 1524 1617 hostibus
1545 1584 1758 1617 terrorem.

223 1641 289 1680 16.
372 1634 421 1675 C.
442 1634 589 1675 Livius
616 1650 713 1676 cum
742 1634 904 1675 duabus
932 1635 1306 1690 quinqueremibus
1337 1634 1554 1683 Romanis,
1577 1643 1619 1675 et
1640 1641 1761 1689 quat-

156 1695 268 1744 Livius
283 1697 355 1728 mit·
368 1700 463 1733 tuor
483 1691 818 1748 quadriremibus
842 1692 1034 1742 Rhodiis,
1064 1701 1107 1734 et
1134 1692 1296 1734 duabus
1326 1692 1479 1748 apertis
1507 1691 1759 1748 Smyrnaeis,
1798 1707 1803 1712 “

154 1742 278 1811 Ξῗζζὲω
293 1741 355 1781 Ly·
368 1749 413 1790 in
435 1750 611 1806 Lyciam
633 1759 695 1791 est
715 1750 875 1799 missus,
896 1749 1098 1790 Rhodum
1119 1750 1233 1806 prius
1254 1750 1388 1791 iussus
1409 1749 1537 1798 adire,
1556 1760 1598 1790 et
1619 1749 1761 1790 omnia

185 1801 193 1811 ι
240 1805 247 1813 ’
368 1823 465 1849 cum
502 1808 551 1848 iis
587 1808 896 1849 communicare
933 1807 1115 1848 consilia.
1182 1807 1397 1857 Civitates,
1432 1821 1534 1862 quas
1574 1817 1759 1862 praeter-

367 1874 510 1906 vectus
531 1873 606 1915 est,
630 1864 820 1915 Miletus,
843 1864 1048 1921 lWIyndus,
1074 1864 1402 1914 Halicarnassus,
1429 1864 1556 1913 Cous,
1579 1863 1757 1913 Cnidus,

364 1922 568 1979 imperata
599 1923 724 1964 enixe
755 1922 956 1973 fecerunt.
1020 1922 1224 1964 Rhodum
1257 1931 1301 1963 ut
1335 1931 1398 1964 est
1421 1930 1608 1971 ventum,
1635 1921 1759 1962 simul

365 1989 419 2030 et,
438 1980 491 2021 ad
508 1996 634 2036 quam
657 1996 744 2022 rem
767 1981 915 2021 missus
937 1989 1056 2030 esset,
1079 1980 1129 2021 iis
1150 1980 1357 2036 exposuit,
1380 1988 1423 2021 et
1443 1978 1652 2021 consuluit
1673 1994 1756 2020 eos.

366 2037 714 2094 Approbantibus
745 2039 919 2088 cunctis,
943 2048 986 2079 et
1007 2038 1060 2079 ad
1082 2053 1187 2088 eam,
1211 2053 1337 2094 quam
1366 2037 1558 2085 habebat,
1585 2037 1758 2077 classem

364 2096 584 2152 assumptis
606 2096 737 2137 tribus
754 2095 1101 2152 quadriremibus,
1118 2096 1286 2151 navigat
1306 2095 1467 2136 Patara.
1530 2094 1674 2135 Primo
1695 2109 1759 2135 se-

364 2153 527 2194 cundus
549 2162 698 2194 ventus
723 2154 777 2194 ad
804 2154 936 2209 ipsam
958 2154 1104 2194 urbem
1126 2153 1285 2194 ferebat
1305 2168 1376 2194 eos
1389 2169 1399 2202 3
1435 2152 1756 2208 sperabantque,

364 2211 501 2252 subito
533 2219 687 2252 terrore
719 2211 879 2267 aliquid
911 2220 1107 2252 moturos.
1170 2211 1414 2266 Postquam,
1447 2210 1756 2264 circumagente

363 2283 406 2309 se
428 2277 567 2317 vento,
590 2268 785 2309 fluctibus
807 2268 945 2310 dubiis
967 2268 1076 2309 volvi
1101 2277 1297 2324 coeptum
1330 2278 1392 2309 est
1422 2282 1547 2316 mare,
1570 2266 1756 2322 pervice-

363 2335 463 2366 runt
483 2325 655 2382 quidem
689 2326 826 2376 remis,
856 2334 903 2366 ut
934 2334 1128 2368 tenerent
1159 2334 1336 2367 terram:
1372 2325 1445 2365 sed
1476 2338 1614 2379 neque
1646 2322 1756 2364 circa

365 2384 510 2424 urbem
534 2392 624 2424 tuta
650 2383 773 2424 statio
794 2392 894 2433 erat,
917 2399 995 2424 nec
1017 2392 1114 2424 ante
1137 2383 1288 2424 ostium
1310 2391 1454 2438 portus
1476 2382 1520 2422 iu
1541 2380 1625 2421 salo
1646 2389 1753 2422 stare
1768 2394 1786 2424 3

362 2449 568 2495 poterant,
597 2456 743 2496 aspero
774 2441 889 2490 mari,
923 2449 966 2482 et
994 2449 1116 2482 nocte
1148 2440 1407 2480 imminente.
1471 2438 1755 2479 Praetervecti

364 2498 541 2547 moenia,
563 2507 731 2553 portum
754 2498 1060 2548 Phoenicunta,
1084 2500 1222 2539 minus
1248 2497 1379 2537 duum
1411 2495 1590 2537 millium
1621 2496 1787 2552 spatio4

360 2672 511 2702 claustris
531 2694 537 2700 .
555 2693 562 2701 .
582 2693 589 2701 .
608 2671 916 2710 inavpuynabilibus
938 2681 1037 2709 snper
1081 2671 1211 2700 modum
1231 2669 1354 2700 variant
1370 2669 1505 2707 codices,
1521 2668 1576 2699 alii
1600 2668 1755 2699 exhibent

360 2717 464 2745 Aoum
482 2724 618 2751 amnem,
634 2712 699 2743 sive
717 2712 909 2749 maritimae,
924 2716 960 2743 ut
976 2713 1036 2743 hoc
1081 2714 1271 2749 Plzenicnm,
1300 2712 1355 2742 alii
1386 2714 1553 2743 I’enicum.
1599 2712 1754 2742 Nostram

363 2758 443 2787 loco.
468 2756 575 2787 Cltssv.
1080 2755 1251 2786 lectionem
1269 2755 1407 2794 primum
1423 2755 1526 2784 Aldus
1541 2765 1581 2785 cx
1599 2755 1667 2785 cod.
1681 2754 1753 2784 Mo-

406 2809 422 2838 3
448 2800 570 2828 Ostium
594 2799 724 2837 portus]
762 2798 814 2827 Ita
830 2807 869 2827 ex
887 2798 1036 2828 emenda·
1079 2802 1168 2835 gunt.
1193 2797 1364 2835 evulgavit.
1411 2798 1473 2828 Sed
1502 2807 1576 2827 cum
1603 2796 1656 2826 hic
1682 2806 1752 2835 por—

361 2842 448 2871 tione
480 2840 737 2872 Drakenborchii
771 2850 827 2879 pro
859 2840 941 2879 vulg.
969 2841 1036 2870 hos·
1081 2844 1143 2874 tus,
1159 2840 1249 2870 cuius
1274 2840 1394 2870 mentio
1416 2840 1451 2869 fit
1473 2849 1557 2879 supr.
1574 2838 1683 2869 xxxvi.
1701 2847 1751 2877 45,

361 2886 438 2914 lium
454 2889 567 2923 portus
584 2883 723 2913 Bckker.
740 2893 867 2921 quoque
883 2883 1032 2921 reposuit.
1078 2882 1175 2913 nimia
1203 2882 1355 2913 distantia
1379 2883 1419 2912 ab
1443 2883 1520 2912 urbe
1545 2880 1669 2911 Pataris
1691 2881 1752 2911 dis-

405 2939 422 2966 4
446 2927 689 2965 Phoenicunta]
725 2926 762 2956 In
788 2925 848 2956 hac
877 2936 952 2956 voce
979 2926 1032 2956 ad-
1078 2925 1206 2956 iunctus
1231 2925 1337 2963 fuerit,
1363 2926 1429 2957 Iac.
1454 2923 1636 2956 Gronovius
1654 2924 1750 2956 Phel-
