1960 3218
179 225 224 256 U.
242 225 280 256 C.
303 233 373 264 55²·

177 268 218 298 A.
242 268 280 299 C.
303 277 374 300 200.

179 688 338 729 Prodigia.

243 1950 305 1988 13.

178 2005 321 2036 Reddita

177 2047 337 2087 Proserpi-

177 2100 236 2120 nae
252 2101 347 2130 pecu-

178 2132 239 2163 nia.

390 134 439 171 12
895 131 1043 174 ΤΙΤΙ
1084 132 1260 174 LIVII

387 219 497 270 dem,
521 228 604 261 tam
628 221 784 262 clarum
806 236 1035 279 recensque
1058 237 1193 264 noxae
1219 223 1343 264 simul
1373 239 1419 266 ac
1450 239 1610 280 poenae
1632 239 1770 267 exem-

386 277 516 334 plum,
554 278 745 320 homines
781 279 1003 322 deterrere.
1075 280 1125 321 C.
1151 281 1326 323 Aurelio
1362 282 1522 323 consuli
1558 283 1774 339 negotium

386 335 545 386 datum,
561 345 607 377 ut
623 337 676 377 ad
696 346 928 393 praetorem
950 338 995 378 in
1013 337 1200 379 Bruttios
1221 339 1440 381 scriberet:
1478 341 1664 382 ‘senatui
1685 340 1774 396 pla-

389 399 520 444 ‘cere,
548 395 835 450 quaestionem
864 395 916 436 de
945 395 1137 452 expilatis
1169 397 1369 438 thesauris
1400 397 1549 439 eodem
1580 397 1773 454 exemplo

389 451 569 502 ‘haberi,
585 468 669 508 quo
685 451 746 493 M.
763 452 1021 509 Pomponius
1043 463 1210 510 praetor
1230 455 1410 496 triennio
1433 465 1527 497 ante
1550 456 1770 497 habuisset.
1790 469 1801 489 1

389 515 401 533 ‘
417 509 538 557 Quae
560 510 730 551 inventa
758 511 938 566 pecunia
958 521 1077 561 esset,
1102 513 1273 568 reponi:
1307 513 1340 553 si
1363 528 1446 569 quo
1468 514 1606 554 minus
1626 514 1773 555 inven-
1787 530 1804 551 2

389 573 503 608 ‘tum
523 567 642 617 foret,
666 568 847 624 expleri:
881 584 928 609 ac
958 569 1193 624 piacularia,
1223 570 1256 611 si
1283 570 1507 621 videretur,
1539 571 1646 612 sicut
1675 579 1771 612 ante

389 630 401 649 ⁶
413 625 631 681 pontifices
652 626 921 675 censuissent,
936 626 1025 667 fieri
1044 643 1166 668 eausa
1186 628 1417 684 expiandae
1435 629 1667 670 violationis
1683 629 1774 670 eius

388 682 586 739 ‘templi.’
644 683 842 739 Prodigia
862 684 987 725 etiam
1016 685 1092 726 sub
1120 685 1233 726 idem
1262 694 1425 743 tempus
1454 686 1642 742 pluribus
1672 686 1773 728 locis

386 741 579 782 nuntiata
599 741 851 783 acciderunt.
904 741 955 782 In
977 742 1160 784 Lucanis
1180 743 1342 784 coelum
1364 744 1507 786 arsisse
1530 744 1769 786 afferebant.
1786 752 1804 783 3

386 798 577 840 Priverni
599 814 745 840 sereno
766 815 841 855 per
860 799 973 840 diem
995 808 1129 842 totum
1151 801 1322 842 rubrum
1344 802 1473 843 solem
1494 802 1629 844 fuisse.
1689 801 1773 844 La-

386 856 503 897 nuvii
534 856 691 912 templo
725 856 911 913 Sospitae
943 857 1118 899 Iunonis
1150 869 1273 900 nocte
1305 860 1525 916 strepitum
1558 860 1772 916 ingentem

386 922 591 955 exortum.
653 914 742 955 Iam
773 914 1015 956 animalium
1052 916 1247 957 obscoeni
1281 917 1416 958 foetus
1451 918 1638 973 pluribus
1670 918 1805 959 locis4

386 971 697 1013 nuntiabantur.
760 971 811 1012 In
840 971 1003 1013 Sabinis
1028 972 1212 1014 incertus
1241 974 1377 1015 infans
1407 984 1542 1025 natus,
1564 975 1772 1016 masculus

387 1044 441 1069 an
468 1029 623 1070 femina
653 1038 782 1070 esset:
816 1029 922 1071 alter
950 1030 1162 1072 sexdecim
1197 1031 1281 1072 iam
1316 1046 1521 1073 annorum
1551 1032 1653 1074 item
1684 1048 1773 1074 am-

385 1087 512 1142 biguo
533 1102 636 1128 sexu
656 1087 862 1130 inventus.
925 1087 1156 1130 Frusinone
1185 1104 1316 1145 agnus
1346 1105 1443 1131 cum
1474 1090 1594 1131 suillo
1619 1090 1770 1146 capite,

389 1144 609 1186 Sinuessae
630 1160 780 1201 porcus
801 1160 896 1186 cum
918 1146 1054 1202 capite
1076 1146 1260 1188 humano
1281 1156 1424 1189 natus:
1458 1148 1503 1189 in
1523 1148 1706 1189 Lucanis
1726 1148 1770 1189 in

387 1217 485 1257 agro
515 1202 683 1258 publico
711 1202 914 1259 equuleus
935 1218 1031 1244 cum
1053 1204 1240 1260 quinque
1270 1204 1458 1261 pedibus.
1521 1205 1663 1247 Foeda
1683 1221 1772 1247 om-

386 1260 458 1301 nia
487 1270 529 1301 et
559 1260 771 1310 deformia,
795 1261 1051 1317 errantisque
1080 1262 1124 1302 in
1145 1262 1302 1303 alienos
1322 1263 1457 1304 foetus
1478 1273 1650 1304 naturae
1671 1263 1768 1305 visa.

388 1317 503 1359 Ante
525 1318 665 1359 onmia
685 1318 912 1359 abominati
933 1319 1183 1369 semimares,
1205 1320 1388 1376 iussique
1410 1321 1454 1361 in
1475 1336 1586 1362 mare
1609 1329 1771 1362 extem-

386 1375 457 1430 plo
482 1375 714 1431 deportari:
747 1376 854 1417 sicut
881 1377 1084 1432 proxime,
1111 1376 1160 1418 C.
1183 1376 1376 1427 Claudio,
1400 1377 1461 1419 M.
1479 1378 1601 1420 Livio
1622 1394 1771 1420 consu-

387 1432 506 1482 libus,
530 1433 771 1489 deportatus
792 1434 935 1475 similis
956 1434 1135 1490 prodigii
1156 1435 1290 1476 foetus
1311 1445 1409 1477 erat.
1464 1436 1611 1477 Nihilo
1633 1436 1771 1478 minus

388 1490 644 1532 decemviros
669 1491 781 1533 adire
803 1491 928 1533 libros
948 1492 1000 1533 de
1022 1501 1215 1548 portento
1236 1509 1286 1534 eo
1307 1494 1525 1535 iusserunt.
1588 1494 1771 1535 Decem-

390 1548 464 1589 viri
492 1563 545 1589 ex
572 1548 686 1589 libris
710 1564 775 1590 res
795 1549 956 1590 divinas
977 1550 1157 1600 easdem,
1180 1566 1288 1606 quae
1318 1552 1507 1607 proxime
1538 1552 1771 1593 secundum

386 1605 431 1647 id
465 1606 701 1662 prodigium
737 1607 869 1648 factae
905 1616 1055 1657 essent,
1092 1608 1361 1664 imperarunt.
1434 1608 1619 1651 Carmen
1654 1625 1773 1666 prae-

389 1671 502 1704 terea
518 1664 568 1705 ab
586 1673 649 1705 ter
664 1665 837 1706 novenis
855 1665 1081 1721 virginibus
1098 1666 1191 1707 cani
1207 1681 1281 1722 per
1298 1667 1444 1708 urbem
1461 1667 1682 1717 iusserunt,
1697 1667 1773 1709 do-

386 1736 573 1777 numque
591 1721 746 1763 Iunoni
769 1723 958 1779 Reginae
981 1723 1090 1764 ferri.
1149 1723 1212 1764 Ea
1232 1724 1293 1765 uti
1316 1724 1476 1774 fierent,
1503 1724 1552 1766 C.
1574 1725 1772 1767 Aurelius

386 1779 532 1820 consul
553 1795 606 1821 ex
627 1780 960 1821 decemvirorum
991 1796 1188 1837 responso
1210 1782 1379 1823 curavit.
1445 1782 1642 1832 Carmen,
1665 1783 1773 1824 sicut

385 1845 552 1891 patrum
597 1838 797 1879 memoria
836 1838 996 1888 Livius,
1038 1839 1096 1880 ita
1136 1847 1226 1880 tum
1266 1839 1456 1881 condidit
1496 1840 1542 1881 P.
1582 1840 1772 1882 Licinius
1786 1851 1802 1882 5

386 1894 561 1949 Tegula.

444 1951 634 2008 Expiatis
660 1953 853 1994 omnibus
880 1953 1164 2010 religionibus,
1188 1954 1304 2009 (narn
1326 1955 1453 1996 etiam
1474 1955 1619 1997 Locris
1649 1956 1773 1997 sacri-

385 2008 541 2065 legium
576 2011 899 2067 pervestigatum
930 2027 954 2052 a
987 2012 1039 2060 Q.
1067 2011 1260 2053 Minucio
1292 2022 1390 2062 erat,
1422 2013 1684 2070 pecuniaque
1718 2029 1772 2055 ex

385 2067 505 2108 bonis
534 2068 757 2109 noxiorum
794 2069 838 2109 in
871 2068 1083 2110 thesauros
1113 2070 1313 2126 reposita)
1344 2086 1476 2126 quum
1507 2071 1697 2112 consules
1727 2072 1773 2112 in

385 2125 618 2181 provincias
648 2126 848 2182 proficisci
880 2126 1062 2176 vellent3
1096 2128 1244 2183 privati
1272 2128 1523 2184 frequentes,
1547 2129 1698 2185 quibus
1718 2144 1772 2170 ex

384 2183 575 2238 pecunia,
599 2199 724 2240 quam
746 2183 808 2225 M.
828 2183 1011 2234 Valerio,
1035 2184 1098 2226 M.
1121 2184 1302 2226 Claudio
1324 2186 1562 2227 consulibus
1583 2195 1771 2227 mutuam

385 2240 600 2291 dederant,
624 2242 747 2282 tertia
776 2242 921 2296 pensio
949 2242 1180 2283 debebatur
1204 2258 1254 2284 eo
1285 2258 1409 2293 anno,
1431 2243 1623 2284 adierunt
1653 2252 1803 2284 sena-6

385 2307 499 2340 tum:
532 2299 631 2354 quia
651 2298 855 2348 consules,
878 2314 1010 2354 quum
1035 2299 1088 2340 ad
1117 2315 1273 2340 novum
1294 2300 1463 2350 bellum,
1486 2301 1601 2356 quod
1621 2316 1773 2357 magna

432 2443 441 2462 1
472 2434 623 2464 Triennio
645 2434 735 2471 atde]
764 2433 839 2463 Hoc
864 2443 972 2463 verum
996 2436 1054 2471 est,
1142 2441 1159 2473 5
1183 2435 1324 2464 Patrum
1346 2436 1513 2472 memoria]
1549 2434 1772 2473 Quadraginta

384 2474 485 2505 sinon
499 2480 708 2506 numerentur
719 2480 871 2506 extrema.
900 2476 1054 2515 Alioquin
1100 2475 1224 2506 circiter
1245 2476 1337 2506 annis
1356 2480 1430 2507 ante
1451 2477 1535 2507 hunc
1552 2478 1592 2508 (le
1607 2488 1670 2516 quo
1686 2488 1771 2508 nunc

384 2518 554 2556 legendum
569 2518 626 2548 erit
639 2520 859 2558 quinquennio
872 2523 955 2550 αηίε.
978 2519 1053 2549 Vid.
1098 2518 1162 2556 ugit
1184 2522 1299 2550 noster.
1347 2520 1463 2558 Itaque
1487 2530 1608 2554 eorum.
1624 2520 1677 2559 qui
1701 2524 1771 2550 tum

385 2570 469 2599 supr.
486 2560 573 2590 xxix.
594 2570 641 2591 21.
662 2562 767 2592 Clu-w.
1099 2561 1260 2598 vivebant,
1287 2565 1391 2601 patres
1420 2563 1570 2601 aequales
1596 2562 1678 2592 Livii
1706 2563 1771 2594 An-

429 2613 445 2632 2
470 2605 504 2633 ,Si
530 2614 591 2643 quo
618 2605 739 2642 minus]
774 2603 807 2634 Si
833 2614 895 2643 quo
922 2604 1004 2641 loco,
1030 2603 1055 2634 si
1100 2604 1221 2633 dronici
1239 2608 1338 2635 erant.
1363 2605 1401 2636 cf.
1419 2615 1504 2644 supr.
1521 2605 1617 2635 xxvii.
1635 2614 1685 2644 37.

386 2645 465 2675 forte
481 2645 609 2676 alieubi.
1142 2645 1160 2676 6
1187 2648 1294 2677 Tertia
1318 2649 1446 2686 pensio]
1490 2648 1677 2678 Debcbatur
1703 2648 1771 2687 qui-

429 2697 446 2726 3
470 2690 634 2718 Nuntiata
653 2690 854 2727 acciderant]
895 2688 1056 2719 Nuntiata
1100 2689 1172 2718 dein
1197 2699 1235 2719 eo
1258 2700 1342 2719 anno
1366 2690 1458 2720 tertia
1483 2690 1604 2729 pensio,
1625 2695 1660 2720 ut
1684 2700 1770 2730 supr.

386 2734 599 2769 pervenerunt
621 2731 661 2760 ad
685 2742 776 2762 aures
794 2733 925 2762 Patrum
946 2735 977 2762 et
1001 2742 1054 2771 po-
1100 2731 1188 2762 xxix.
1210 2731 1260 2762 16.
1275 2736 1374 2770 patet,
1390 2733 1445 2762 sed
1468 2733 1508 2762 de
1531 2734 1670 2763 secunda
1694 2743 1770 2772 pen-

386 2773 464 2812 puli.
489 2773 594 2804 Cnnv.
1099 2774 1186 2804 sione
1216 2774 1296 2805 nihil
1327 2779 1484 2805 memorat
1514 2775 1634 2813 Livius,
1658 2776 1703 2806 ita
1733 2778 1769 2805 ut

433 2827 452 2853 4
477 2817 627 2847 Obscoeni
653 2817 779 2855 foetus]
829 2815 1055 2850 Abominandi,
1100 2817 1280 2847 Glareanus
1306 2817 1486 2852 arbitretur,
1512 2818 1564 2848 hic
1593 2828 1649 2857 pro
1675 2817 1770 2848 tertia

387 2857 482 2893 foedi,
506 2858 549 2889 sic
573 2860 678 2889 nmina
704 2860 851 2891 obscoena
876 2860 962 2899 apud
986 2859 1054 2891 Cic.
1099 2860 1272 2889 secundam
1289 2860 1425 2890 solutznn
1442 2872 1509 2890 esse
1526 2861 1722 2899 pensionem,
1737 2864 1768 2890 et

388 2911 443 2939 pro
461 2901 556 2932 Doni.
575 2909 623 2940 55.
1102 2901 1180 2932 libro
1196 2902 1267 2933 infr.
1285 2903 1394 2934 xxxiii.
1412 2912 1462 2942 4²-
1480 2903 1616 2935 tertiam.
