1960 3218
548 139 674 182 LIB.
709 137 927 179 XXXIV.
971 137 1119 179 CAP.
1153 140 1222 179 46.
1503 138 1581 178 167

181 235 429 292 pontificum
460 232 632 274 decreto
663 240 895 288 procurata.
960 228 1017 271 Et
1047 228 1298 270 sacrificium
1329 227 1580 270 novendiale
1598 235 1642 268 U.
1659 235 1697 267 C.
1721 234 1793 275 558·

180 294 350 343 factum,
374 291 489 348 quod
515 289 724 331 Hadriani
752 288 1063 338 nuntiaverant,
1085 287 1130 328 in
1151 302 1250 343 agro
1272 301 1348 328 suo
1369 286 1580 342 lapidibus
1594 280 1634 311 A.
1659 279 1697 311 C.
1722 287 1794 319 ¹94·

180 351 347 408 pluisse.

239 408 292 450 In
323 407 462 450 Gallia
486 406 535 447 L.
555 404 750 447 Valerius
782 403 956 445 Flaccus
983 402 1209 459 proconsul
1229 402 1339 444 eirca
1367 401 1578 443 Mediola-
1655 402 1724 441 46.

180 482 284 508 num
315 481 413 507 cum
440 463 574 505 Gallis
600 462 860 512 Insubribus,
887 471 930 503 et
959 461 1088 511 Boiis,
1118 461 1193 517 qui
1224 460 1438 502 Dorulaco
1469 459 1577 501 duee

181 524 236 566 ad
265 522 537 565 concitandos
571 521 770 563 Insubres
806 520 973 562 Padum
1006 518 1250 575 transgressi
1285 526 1418 568 erant,
1449 517 1579 574 signis

180 582 340 624 collatis
380 579 650 637 depugnavit.
714 578 877 620 Decem
918 577 1050 619 millia
1088 576 1273 618 hostium
1308 584 1407 618 sunt
1446 590 1576 617 caesa.

180 640 265 682 Per
295 654 366 681 eos
397 638 487 680 dies
520 636 680 693 collega
714 636 804 677 eius
838 635 900 677 M.
925 635 1101 677 Porcius
1139 633 1248 676 Cato
1279 649 1334 675 ex
1370 633 1579 690 Hispania
1592 638 1789 672 Catonistri-

180 696 466 754 triumphavit.
530 695 650 736 Tulit
677 694 723 735 in
751 709 801 735 eo
830 693 1044 749 triumpho
1065 692 1229 749 argenti
1250 691 1396 733 infecti
1427 691 1579 748 viginti
1592 683 1744 723 umphus.

151 772 168 806 7
181 756 370 813 quinque
387 754 518 795 millia
536 752 693 810 pondo,
715 752 845 808 bigati
866 760 1037 794 centum
1058 750 1210 807 viginti
1232 749 1311 791 tria
1330 749 1473 800 millia,
1498 749 1580 791 Os-

180 813 315 856 censis
343 812 578 869 quingenta
604 810 905 867 quadraginta:
944 808 1034 850 auri
1061 807 1204 865 pondo
1232 807 1346 849 mille
1377 807 1581 864 quadrin-

179 879 317 929 genta.
381 869 594 911 Militibus
629 884 682 910 ex
712 868 870 925 praeda
899 867 1053 918 divisit,
1084 867 1130 908 in
1160 865 1358 923 singulos,
1391 865 1579 908 ducenos

149 939 459 987 Sseptuagenos
481 927 599 977 aeris,
622 926 777 983 triplex
798 925 944 983 equiti.

240 987 307 1029 Ti.
329 985 603 1042 Sempronius
623 984 781 1034 consul,
804 984 849 1024 in
870 982 1127 1040 provinciam
1143 982 1367 1038 profectus,
1385 982 1429 1023 in
1451 981 1580 1023 Boio·
1592 989 1741 1038 8911111111-

182 1060 276 1087 rum
296 1044 481 1101 primum
507 1058 653 1099 agrum
677 1042 864 1098 legiones
893 1041 1027 1083 duxit.
1091 1040 1266 1082 Boiorix
1295 1049 1385 1081 tum
1410 1039 1580 1096 regulus
1592 1043 1665 1106 {3¹¹¹}
1679 1036 1704 1062 1t
1720 1043 1753 1063 ¹¹¹

182 1118 341 1153 eorum,
363 1117 460 1144 eum
482 1101 646 1142 duobus
666 1100 861 1142 fratribus
883 1108 970 1141 tota
989 1107 1116 1154 gente
1142 1097 1352 1140 concitata
1371 1097 1426 1139 ad
1446 1097 1581 1139 rebel·
1626 1086 1703 1107 ⁰¹⁰⁵*

151 1160 370 1210 9landum,
402 1168 535 1201 eastra
560 1158 662 1200 locis
692 1158 845 1215 apertis
875 1157 1040 1214 posuit:
1079 1165 1127 1198 ut
1156 1165 1377 1213 appareret
1406 1155 1581 1197 dimica-

183 1227 310 1268 turos,
328 1218 362 1259 si
382 1217 513 1258 hostis
528 1216 634 1258 fines
654 1216 859 1257 intrasset.
925 1214 1087 1256 Consul
1110 1214 1195 1264 ubi,
1213 1223 1396 1270 quantae
1418 1214 1580 1270 copiae,

183 1284 342 1333 quanta
380 1274 538 1316 fiducia
572 1283 679 1315 esset
714 1273 839 1324 hosti,
873 1272 1014 1322 sensit,
1052 1272 1251 1314 nuntium
1284 1272 1337 1313 ad
1377 1271 1582 1328 collegam

182 1334 324 1384 mittit,
355 1338 440 1383 ‘ut,
463 1332 497 1374 si
524 1332 738 1373 videretur
765 1331 817 1381 ei,
847 1339 1076 1372 maturaret
1101 1330 1271 1372 venire:
1306 1345 1349 1371 se
1381 1329 1582 1386 tergiver-

184 1391 339 1433 ‘sando
367 1391 413 1431 in
443 1391 673 1432 adventum
699 1389 789 1431 eius
816 1404 906 1430 rem
934 1388 1247 1430 extracturum.’
1311 1388 1433 1437 Quae
1459 1403 1583 1430 causa

183 1449 346 1491 consuli
367 1448 609 1498 cunctandi,
632 1447 780 1489 eadem
813 1446 948 1489 Gallis
979 1446 1295 1503 (praeterquam
1317 1446 1432 1502 quod
1453 1461 1583 1487 eunc-

185 1507 287 1549 tatio
307 1507 492 1549 hostium
514 1506 675 1548 animos
695 1504 895 1561 faciebat)
915 1504 977 1546 rei
998 1504 1270 1546 maturandae
1292 1512 1393 1554 erat,
1416 1512 1475 1554 ut,
1497 1504 1584 1560 pri-

183 1580 361 1622 usquam
383 1564 741 1621 coniungerentur
762 1562 983 1604 consulum
1000 1562 1160 1619 copiae,
1178 1577 1268 1603 rem
1290 1562 1581 1618 transigerent.

186 1623 268 1665 Per
297 1623 475 1664 biduum
508 1631 650 1664 tamen
680 1621 786 1662 nihil
817 1620 944 1671 aliud,
975 1636 1102 1677 quam
1131 1629 1338 1662 steterunt
1366 1620 1501 1676 parati
1531 1619 1584 1661 ad

157 1701 168 1721 1
185 1680 475 1738 pugnandum,
498 1680 532 1721 si
558 1680 652 1736 quis
683 1688 830 1721 eontra
859 1679 1154 1735 egrederetur:
1190 1678 1312 1719 tertio
1337 1678 1501 1719 subiere
1530 1677 1584 1719 ad
1598 1683 1665 1720 Qui
1682 1694 1737 1724 op-

184 1739 353 1788 vallum,
394 1748 613 1794 castraque
661 1738 713 1779 ab
760 1737 876 1778 omni
916 1736 1040 1778 simul
1086 1745 1203 1792 parte
1251 1736 1433 1792 aggressi
1472 1745 1581 1777 sunt.
1598 1730 1784 1802 Pyffznanfio-

189 1796 353 1839 Consul
380 1796 592 1852 extemplo
615 1811 729 1837 arma
749 1810 896 1851 capere
926 1794 1080 1835 milites
1108 1794 1248 1835 iussit:
1283 1802 1462 1835 armatos
1483 1793 1583 1835 inde
1597 1781 1703 1845 {Zur}

186 1854 413 1912 paullisper
433 1854 656 1903 continuit,
679 1862 726 1894 ut
751 1863 793 1894 et
814 1852 1007 1894 stolidam
1037 1852 1236 1893 fiduciam
1258 1852 1369 1893 hosti
1397 1860 1583 1908 augeret,

187 1922 229 1954 et
261 1912 503 1969 disponeret
535 1912 687 1968 copias,
721 1911 874 1967 quibus
909 1925 1103 1966 quaeque
1139 1910 1269 1966 portis
1300 1918 1583 1966 erumperent.

156 1970 312 2012 2Duae
353 1970 539 2026 legiones
579 1970 741 2010 duabus
782 1968 1082 2024 principalibus
1114 1967 1245 2024 portis
1285 1968 1404 2024 signa
1437 1968 1584 2009 efferre

188 2029 348 2069 iussae:
393 2027 467 2069 sed
498 2028 542 2068 in
574 2027 665 2083 ipso
698 2026 816 2067 exitu
846 2026 904 2067 ita
939 2026 1116 2067 conferti
1147 2025 1344 2067 obstitere
1380 2025 1506 2075 Galli,
1538 2034 1586 2067 ut

189 2085 434 2127 clauderent
473 2085 595 2126 viam.
660 2084 749 2125 Diu
789 2084 832 2124 in
873 2083 1077 2139 angustiis
1109 2092 1344 2139 pugnatum
1377 2092 1461 2124 est:
1505 2098 1585 2125 nec

190 2143 349 2184 dextris
370 2143 501 2199 magis
528 2142 762 2198 gladiisque
790 2142 1012 2197 gerebatur
1040 2156 1116 2190 res,
1141 2156 1267 2196 quam
1289 2141 1416 2182 scutis
1437 2156 1585 2197 eorpo-

189 2201 387 2256 ribusque
424 2200 524 2256 ipsis
561 2200 692 2241 obnisi
731 2199 962 2255 urgebant3
1007 2198 1204 2248 Romani,
1242 2207 1289 2240 ut
1324 2199 1443 2255 signa
1477 2198 1586 2240 foras

190 2259 412 2308 efferrent3
450 2257 575 2307 Galli,
594 2267 641 2298 ut
661 2266 733 2298 aut
756 2257 832 2313 ipsi
855 2257 898 2297 in
920 2264 1053 2297 eastra
1073 2265 1355 2312 penetrarent,
1379 2265 1450 2298 aut
1471 2257 1585 2298 exire

192 2316 408 2357 Romanos
429 2316 727 2373 prohiberent:
762 2330 840 2355 nee
869 2323 965 2355 ante
992 2314 1034 2354 in
1057 2314 1165 2355 hane
1193 2323 1266 2355 aut
1290 2314 1403 2355 illam
1425 2323 1587 2370 partem

191 2374 349 2416 moveri
371 2374 478 2415 acies
506 2381 749 2430 potuerunt,
773 2387 899 2429 quam
932 2372 984 2420 Q.
1005 2371 1219 2414 Victorius
1241 2372 1365 2428 primi
1393 2372 1467 2428 pili
1489 2387 1587 2413 een-

192 2431 315 2482 turio,
339 2441 381 2473 ct
411 2431 461 2473 C.
482 2431 655 2472 Atinius
684 2431 876 2472 tribunus
899 2429 1094 2480 militum,
1118 2439 1292 2485 quartae
1321 2429 1403 2480 hic,
1426 2429 1494 2471 ille
1523 2445 1588 2471 se-

192 2489 354 2531 cundae
386 2489 575 2546 legionis,
607 2489 716 2545 (rem
750 2489 791 2529 in
825 2488 979 2544 asperis
1010 2487 1179 2544 proeliis
1209 2503 1332 2544 saepe
1365 2487 1589 2543 tentatam)

240 2632 256 2663 7
280 2625 442 2663 Oscensis]
469 2625 508 2656 cf.
525 2625 618 2664 Supr.
641 2634 687 2655 10.
915 2622 1061 2662 legimus,
1086 2623 1171 2653 unde
1202 2623 1333 2653 fortasse
1363 2622 1395 2652 in
1426 2623 1488 2653 hoc
1518 2623 1590 2653 loco

238 2668 256 2697 S
284 2668 414 2706 Triplea‘
440 2669 555 2707 equiti]
602 2666 764 2699 Crevit-rio
795 2670 870 2697 ante
914 2666 1132 2705 supplendum
1151 2670 1198 2696 est
1214 2667 1467 2705 centurionique.

195 2709 274 2739 baec
299 2710 394 2739 verba
419 2710 543 2740 videtur
565 2710 732 2747 excidisse,
747 2711 868 2749 duplat*
959 2719 978 2750 9
1004 2710 1092 2739 Locis
1118 2709 1256 2748 apertis]
1297 2708 1392 2738 Locis
1419 2707 1534 2747 planis,
1558 2712 1589 2739 et

194 2753 385 2783 centurioni.
403 2756 438 2781 ut
454 2752 525 2782 infr.
544 2761 591 2791 52.
640 2753 683 2782 Et
703 2753 790 2782 hand
811 2753 866 2782 du·
913 2762 995 2791 quae
1011 2751 1105 2781 facile
1122 2751 1209 2781 adire
1228 2756 1365 2790 possent.
1391 2752 1498 2782 Clu-zv.

196 2794 246 2824 bie
265 2794 360 2825 moris
376 2799 442 2825 erat
459 2796 578 2834 ‹lnpleoe
593 2796 773 2826 centurioni
789 2796 868 2825 ‹lizvi-
961 2804 972 2825 1
1003 2795 1107 2826 Tertio
1122 2795 1264 2833 subiere]
1291 2794 1368 2825 Sub.
1385 2795 1445 2825 die.

195 2838 280 2873 (lere,
296 2837 402 2876 utqui
420 2838 540 2876 duplex
565 2837 761 2876 stipendium
786 2838 866 2868 aeci·
958 2846 974 2866 τι
1004 2838 1141 2867 Duabus
1186 2838 1426 2876 principalibus
1466 2837 1586 2875 portis]

196 2884 298 2920 peret,
328 2881 383 2910 sed
413 2890 497 2919 supr.
529 2879 640 2911 xxxiii.
670 2888 718 2919 37.
751 2882 869 2919 triplant·
915 2881 1010 2915 Quae
1040 2892 1060 2910 a
1089 2879 1203 2909 dextra
1234 2880 1388 2919 laevaque
1415 2882 1588 2910 castrorum

195 2923 295 2962 equiti
327 2924 569 2963 centurionique
599 2922 735 2954 divisum
774 2923 868 2954 fuissi-
914 2926 1013 2954 erant.
1038 2924 1077 2954 cf.
1095 2932 1179 2962 supr.
1197 2921 1240 2953 iii.
1259 2930 1286 2961 5.
