1960 3218
373 154 452 193 148
892 149 1042 193 ΤΙΤΙ
1080 149 1257 192 LIVII

163 249 207 281 U.
225 249 263 281 C.
286 257 358 289 557-
372 248 383 266 ‘
397 242 546 284 merita
565 242 826 283 sermonibus
843 250 985 283 tamen
1006 241 1243 298 aliquorum
1261 242 1387 298 carpi,
1404 242 1545 283 futura
1565 242 1770 284 calumni-

160 293 201 324 Α·
225 293 263 325 C·
288 301 584 350 ¹95·‘antium;
617 315 750 356 quum
775 299 894 341 fateri
922 300 1061 355 potius
1088 300 1410 355 praeteritorum
1438 300 1614 355 gratiam
1642 300 1770 342 debe-

373 364 385 382 ‘
401 367 495 400 rent
511 359 543 408 3'
573 359 799 414 apparebat
819 357 970 398 incessi
987 356 1175 398 Aetolos.
1238 357 1374 413 Igitur
1394 357 1641 398 Alexander
1655 358 1770 414 prin-

372 431 471 473 ceps
514 416 664 473 gentis,
701 416 892 456 invectus
931 415 1116 471 primum
1157 415 1201 455 in
1236 415 1532 465 Athenienses,
1566 415 1770 457 libertatis

372 475 589 530 quondam
619 473 748 515 duces
781 481 824 514 et
854 482 1056 522 auctores,
1090 473 1379 514 assentationis
1414 473 1607 529 propriae
1638 473 1770 529 gratia

159 541 351 573 Aetolorum
372 547 641 574 communem
663 546 829 572 causam
856 530 1106 586 prodentes3
1141 539 1312 586 questus
1341 531 1509 580 deinde,
1534 536 1546 554 ‘
1559 531 1768 582 Achaeos,

161 585 321 623 querelae.
374 590 597 646 ‘Philippo
629 589 843 645 quondam
875 588 1041 638 milites,
1071 597 1330 644 postremum
1361 589 1412 629 ab
1449 588 1650 629 inclinata
1679 588 1770 630 eius

374 648 565 690 ‘fortuna
586 646 831 703 transfugas,
855 654 898 687 et
922 645 1178 687 Corinthum
1198 646 1416 702 recepisse,
1435 655 1478 687 et
1499 645 1542 686 id
1564 661 1699 702 agere,
1722 655 1770 687 ut

374 706 541 761 ‘Argos
568 705 772 746 habeant:
809 703 998 753 Aetolos,
1028 703 1184 759 primos
1211 703 1352 745 hostes
1381 703 1582 759 Philippi,
1605 719 1771 760 semper

374 764 531 805 ‘socios
554 763 858 811 Romanorum,
880 771 1023 817 pactos
1049 761 1093 801 in
1113 761 1281 803 foedere
1304 776 1397 802 suas
1418 762 1542 802 urbes
1563 776 1768 818 agrosque

373 822 479 862 ‘fore
494 821 659 862 devicto
673 820 885 875 Philippo,
900 819 1083 860 fraudari
1098 818 1264 860 Echino
1278 828 1321 860 et
1334 819 1573 868 Pharsalo3’
1594 819 1769 860 insimu-

371 879 474 920 lavit
497 878 653 919 fraudis
683 877 911 925 Romanos,
939 876 1092 932 ‘quod,
1115 892 1222 917 vano
1251 876 1373 918 titulo
1402 877 1604 918 libertatis
1630 886 1770 918 osten-

373 943 498 985 ‘tat0,
524 935 773 977 Chalcidem
795 943 838 976 et
866 934 1185 975 Demetriadem
1206 934 1423 990 praesidiis
1445 942 1661 984 tenerent3
1695 935 1769 991 qui

374 1000 386 1019 ‘
399 993 612 1050 Philippo,
633 992 851 1034 cunctanti
872 992 1082 1033 deducere
1100 992 1199 1033 inde
1217 992 1436 1048 praesidia,
1459 992 1639 1033 obiicere
1661 1007 1769 1033 sem-

373 1058 385 1076 ‘
401 1067 477 1108 per
497 1051 607 1092 soliti
628 1051 723 1101 sint,
748 1065 979 1106 nunquam,
1002 1049 1138 1091 donec
1161 1050 1413 1100 Demetrias,
1439 1049 1708 1105 Chalcisque,
1727 1058 1770 1091 et

373 1116 385 1134 ‘
401 1109 634 1151 Corinthus
663 1117 920 1157 tenerentur,
944 1108 1118 1149 liberam
1150 1107 1373 1149 Graeciam
1398 1108 1509 1149 fore:
1543 1117 1768 1164 postremo,

373 1168 497 1224 ‘quia
525 1167 771 1208 remanendi
793 1166 837 1206 in
862 1165 1041 1207 Graecia
1068 1166 1366 1222 retinendique
1396 1166 1604 1207 exercitus
1630 1166 1770 1220 Argos

373 1232 384 1249 ‘
401 1235 443 1267 et
466 1225 610 1266 Nabin
635 1239 801 1266 causam
829 1224 1025 1265 facerent.
1089 1223 1376 1280 Deportarent
1404 1223 1591 1279 legiones
1615 1223 1660 1264 in
1686 1218 1802 1265 Ita-8

372 1284 511 1324 ‘liam.
577 1282 753 1324 Aetolos
785 1281 987 1338 polliceri,
1020 1290 1094 1323 aut
1129 1281 1442 1322 conditionibus
1477 1290 1519 1322 et
1554 1280 1769 1322 voluntate

372 1347 472 1382 ‘sua
494 1340 639 1381 Nabin
659 1340 914 1397 praesidium
938 1339 1066 1394 Argis
1087 1339 1381 1388 deducturum,
1405 1347 1477 1380 aut
1497 1339 1538 1379 vi
1558 1349 1684 1394 atque
1706 1353 1770 1379 ar-

373 1399 480 1440 ‘mis
510 1407 727 1440 coacturos
763 1398 808 1438 in
840 1404 1048 1453 potestate
1079 1397 1381 1438 consentientis
1415 1396 1618 1437 Graeciae
1655 1396 1770 1437 esse.’

223 1459 291 1498 24.
373 1456 468 1499 Hac
489 1456 803 1512 vaniloquentia
822 1455 1004 1511 primum
1036 1454 1309 1495 Aristaenum
1338 1463 1574 1510 praetorem
1601 1454 1771 1495 Achae-

160 1514 305 1545 Achaeo·
372 1530 491 1556 orum
539 1514 748 1555 excitavit.
828 1518 840 1536 ⁶
854 1512 923 1553 Ne
971 1513 1104 1562 istuc,’
1146 1512 1297 1568 inquit,
1341 1518 1351 1535 ⁶
1366 1511 1528 1568 Iupiter
1571 1511 1802 1567 Optimus9

159 1567 337 1632 ἷὲξζέἷξὲ
373 1578 384 1597 ‘
401 1572 617 1613 Maximus
640 1571 741 1620 sirit,
760 1570 954 1626 Iunoque
973 1570 1152 1626 Regina,
1176 1570 1295 1611 cuius
1316 1570 1361 1610 in
1383 1569 1515 1610 tutela
1531 1570 1636 1625 Argi
1657 1577 1768 1619 sunt,

161 1643 246 1673 tolos
261 1643 347 1676 inve-
374 1636 385 1654 ‘
399 1639 446 1672 ut
466 1630 536 1671 illa
563 1630 707 1671 civitas
728 1629 840 1670 inter
860 1638 1087 1684 tyrannum
1117 1627 1504 1668 Lacedaemonium
1526 1635 1567 1668 et
1589 1627 1770 1668 latrones

160 1684 256 1717 hitur.
373 1694 384 1713 ‘
400 1687 575 1729 Aetolos
595 1687 828 1744 praemium
852 1686 905 1726 sit
925 1685 1072 1741 posita,
1095 1685 1139 1726 in
1161 1700 1211 1726 eo
1233 1685 1488 1734 discrimine,
1511 1693 1558 1725 ut
1580 1684 1770 1726 miserius

374 1752 386 1770 ‘
401 1762 426 1787 a
445 1746 562 1787 vobis
582 1745 820 1801 recipiatur,
845 1758 971 1800 quam
1000 1744 1051 1783 ab
1074 1742 1145 1783 illo
1174 1752 1295 1798 capta
1320 1753 1392 1783 est.
1457 1742 1578 1783 Mare
1600 1742 1770 1783 interie-

374 1809 514 1845 ‘ctum
552 1803 603 1844 ab
639 1803 727 1844 istis
762 1800 1045 1858 praedonibus
1078 1816 1165 1841 non
1200 1808 1343 1841 tuetur
1378 1815 1466 1849 nos,
1500 1800 1550 1840 T.
1579 1799 1767 1848 Quincti.

374 1868 385 1886 ‘
402 1860 533 1910 Quid,
556 1861 589 1901 si
616 1860 661 1900 in
688 1859 828 1900 media
856 1858 1150 1914 Peloponneso
1180 1872 1316 1898 arcem
1346 1858 1424 1898 sibi
1445 1857 1634 1907 fecerint,
1656 1857 1770 1899 futu-

373 1925 492 1959 ‘rum
532 1918 653 1959 nobis
693 1918 788 1958 est?
836 1916 1047 1972 Linguam
1090 1924 1254 1956 tantum
1296 1914 1556 1956 Graecorum
1597 1914 1769 1964 habent,

375 1976 508 2017 ‘sicut
532 1975 714 2032 speciem
745 1974 978 2016 hominum.
1043 1972 1237 2014 Moribus
1265 1972 1497 2028 ritibusque
1527 1972 1770 2014 efferatiori-

375 2040 386 2059 ‘
402 2035 492 2084 bus,
507 2048 635 2089 quam
657 2032 731 2074 ulli
753 2032 928 2081 barbari,
951 2031 1037 2072 imo
1053 2046 1181 2087 quam
1198 2031 1400 2072 immanes
1413 2030 1591 2080 belluae,
1608 2030 1766 2071 vivunt.

373 2091 548 2147 ‘Itaque
570 2106 643 2132 vos
671 2104 878 2146 rogamus,
902 2089 1099 2139 Romani,
1124 2098 1170 2130 ut
1195 2097 1237 2130 et
1265 2088 1316 2129 ab
1350 2088 1518 2129 Nabide
1542 2088 1680 2144 Argos
1704 2103 1770 2129 re-

373 2155 385 2174 ‘
401 2149 624 2206 cuperetis,
647 2156 690 2189 et
710 2149 768 2189 ita
795 2163 861 2189 res
885 2146 1087 2188 Graeciae
1109 2146 1383 2196 constituatis,
1406 2154 1454 2187 ut
1478 2146 1529 2187 ab
1550 2145 1768 2187 latrocinio

374 2213 386 2232 ‘
399 2222 568 2264 quoque
592 2205 844 2248 Aetolorum
865 2205 963 2246 satis
984 2212 1130 2260 pacata
1154 2204 1258 2245 haec
1279 2204 1551 2259 relinquatis.’
1612 2203 1769 2244 Roma-

372 2280 464 2314 nus,
487 2264 650 2306 cunctis
671 2263 861 2319 undique
889 2262 1205 2318 increpantibus
1235 2261 1422 2311 Aetolos,
1447 2267 1768 2316 ‘responsurum

374 2328 441 2363 ‘se
464 2322 588 2363 fuisse
611 2322 687 2371 iis‚'
708 2321 830 2370 dixit,
855 2326 867 2344 ‘
882 2320 961 2360 nisi
983 2320 1041 2362 ita
1061 2319 1245 2360 infensos
1266 2334 1410 2360 omnes
1437 2318 1478 2359 in
1502 2333 1572 2359 eos
1592 2317 1766 2367 videret,

374 2385 386 2404 ‘
402 2389 448 2421 ut
483 2379 658 2422 sedandi
694 2379 844 2435 potius,
880 2393 1007 2434 quam
1042 2376 1246 2426 irritandi,
1289 2385 1438 2417 essent.
1504 2375 1767 2416 Contentum

373 2437 539 2493 ‘itaque
573 2436 772 2493 opinione
804 2451 864 2485 ea,
897 2450 1005 2491 quae
1042 2434 1094 2476 de
1129 2433 1332 2475 Romanis
1364 2432 1612 2488 Aetolisque
1644 2440 1766 2482 esset,

373 2495 551 2535 ‘referre
587 2494 657 2543 se,’
690 2493 810 2543 dixit,
848 2492 975 2548 ‘quid
1008 2492 1061 2533 de
1097 2491 1277 2532 Nabidis
1313 2490 1422 2532 bello
1454 2490 1652 2547 placeret,
1687 2490 1795 2530 nisix

163 2560 295 2591 Bellum
307 2551 596 2593 de-‘redderet
626 2551 809 2592 Achaeis
836 2550 1025 2605 Argos?
1065 2548 1209 2597 Quum
1239 2563 1384 2589 omncs
1414 2548 1571 2589 bellum
1603 2548 1768 2589 decres-

163 2604 303 2677 {ssnssltl'ff
318 2604 350 2634 5¹¹
371 2618 463 2650 sent
478 2625 488 2657 3
522 2608 677 2649 auxilia
693 2617 739 2648 ut
760 2623 835 2663 pro
852 2608 1008 2648 viribus
1025 2606 1108 2647 suis
1123 2621 1315 2661 quaeque
1333 2606 1520 2646 civitates
1537 2606 1766 2654 mitterent,

200 2656 218 2676 a
242 2656 251 2676 ¹
276 2657 337 2678 ‘³¹¹¹‘
372 2677 433 2708 est
464 2667 663 2707 hortatus.
728 2665 799 2705 Ad
829 2664 1002 2706 Aetolos
1027 2664 1211 2720 legatum
1238 2663 1362 2704 etiam
1393 2663 1526 2704 misit:
1562 2663 1693 2719 magis
1721 2671 1768 2703 ut
1958 2639 1960 2718 l

1958 2722 1960 2744 Ι

414 2832 433 2861 8
458 2832 597 2862 Causam
606 2831 767 2868 facerent.
806 2829 1042 2868 Deportarent]
1091 2838 1257 2867 nunquam
1273 2829 1347 2857 siris
1362 2838 1438 2865 esse,
1455 2827 1474 2859 i.
1491 2838 1518 2859 e.
1535 2827 1654 2858 siveris.

372 2873 672 2913 Interpunctioncm
690 2872 774 2902 tollit
792 2871 932 2902 Bekker.
1138 2879 1148 2900 1
1176 2871 1311 2908 Referre
1322 2881 1366 2907 se,
1378 2871 1476 2908 davit]
1503 2870 1562 2900 Le.
1577 2870 1627 2900 Ad
1644 2870 1764 2900 delibe-
1955 2868 1958 3004 Ι

413 2928 433 2957 ()
457 2919 508 2948 Ne
526 2918 607 2947 istuc
624 2940 630 2948 .
649 2940 655 2947 .
673 2916 762 2953 sirit]
789 2914 828 2945 cf.
846 2914 939 2954 Supr.
958 2913 975 2945 i.
994 2923 1043 2953 3¹2.
1091 2913 1225 2943 randum
1245 2923 1432 2952 proponere.
