1960 3218
357 452 437 513 T.
500 450 779 513 LIVII
844 449 1110 512 PATA
1132 449 1373 514 VINI

527 643 712 696 LIB
746 643 873 696 ER
942 642 1203 696 XXXII.

275 999 559 1043 ONSULES
585 1007 894 1056 praetoresque,
918 1013 1050 1053 quum
1076 997 1223 1039 Idibus
1251 997 1418 1040 Martiis
1440 997 1571 1054 magi·
1585 1009 1630 1042 U.
1647 1009 1685 1041 C.
1713 1016 1787 1048 553·

291 1067 466 1100 stratum
494 1058 682 1105 inissent,
705 1056 941 1112 provincias
968 1055 1102 1096 sortiti
1124 1064 1233 1097 sunt.
1296 1056 1346 1097 L.
1370 1055 1570 1097 Cornelio
1585 1054 1623 1084 Α·
1648 1053 1686 1084 C·
1716 1061 1786 1092 Ῐ99·

170 1115 356 1157 Lentulo
378 1115 512 1164 Italia,
534 1114 582 1155 P.
598 1114 728 1155 Villio
751 1113 1030 1162 Macedonia3
1062 1114 1337 1169 praetoribus,
1360 1113 1410 1155 L.
1433 1113 1572 1161 Quin·
1585 1096 1628 1168 iii}
1640 1096 1778 1168 Οὲῑῗᾟ

170 1173 254 1214 ctio
283 1174 454 1222 urbana,
487 1172 568 1213 Cn.
589 1171 749 1212 Baebio
779 1170 1039 1219 Ariminum,
1066 1170 1116 1211 L.
1136 1170 1307 1212 Valerio
1340 1170 1495 1221 Sicilia,
1520 1169 1570 1212 L.
1586 1161 1738 1226 lio'Coss.

170 1228 301 1271 Villio
341 1229 535 1272 Sardinia
570 1228 721 1270 evenit.
785 1227 994 1268 Lentulus
1036 1227 1183 1269 consul
1218 1243 1346 1269 novas
1387 1228 1575 1284 legiones
1589 1222 1791 1254 Provinciae.

171 1287 350 1329 scribere
381 1288 540 1328 iussus:
574 1286 730 1326 Villius
761 1300 785 1326 a
815 1285 863 1326 P.
887 1284 1073 1340 Sulpicio
1105 1285 1338 1326 exercitum
1370 1286 1573 1341 accipere.

171 1343 224 1385 In
245 1344 587 1401 supplementum
609 1343 712 1393 eius,
731 1351 937 1399 quantum
959 1342 1142 1387 militum
1162 1342 1388 1393 videretur,
1408 1352 1454 1383 ut
1477 1342 1578 1383 scri-

171 1402 302 1452 beret,
325 1402 405 1458 ipsi
432 1402 694 1457 permissum.
756 1400 946 1441 Praetori
976 1399 1136 1441 Baebio
1167 1399 1368 1456 legiones,
1392 1415 1496 1456 quas
1524 1399 1575 1441 C.

173 1459 375 1501 Aurelius
411 1458 557 1500 consul
590 1458 815 1507 habuisset,
848 1457 907 1498 ita
939 1456 1144 1507 decretae,
1178 1466 1225 1498 ut
1260 1458 1462 1499 retineret
1493 1472 1578 1508 eas,

173 1516 309 1558 donec
338 1516 484 1558 consul
512 1531 621 1557 novo
650 1530 747 1556 cum
779 1514 966 1556 exercitu
995 1515 1252 1556 succederet.
1316 1514 1368 1556 In
1394 1514 1578 1556 Galliam

171 1574 247 1615 ubi
268 1575 302 1615 is
323 1574 518 1623 venisset,
542 1588 687 1615 omnes
716 1572 869 1614 milites
897 1573 1158 1613 exauctorati
1188 1572 1362 1614 domum
1391 1572 1578 1614 dimitte-

175 1640 333 1681 rentur,
362 1640 528 1687 praeter
558 1631 748 1686 quinque
781 1629 912 1670 millia
943 1630 1126 1671 socium:
1160 1629 1225 1671 his
1257 1630 1437 1671 obtineri
1468 1630 1579 1671 circa

147 1693 159 1715 ¹
176 1689 419 1730 Ariminum
441 1688 698 1744 provinciam
720 1687 817 1728 satis
838 1702 938 1728 esse.
1002 1687 1232 1742 Prorogato
1253 1687 1430 1743 imperio
1458 1702 1579 1742 prae-

176 1747 335 1787 toribus
365 1746 515 1801 prioris
544 1745 656 1794 anni,
679 1744 783 1798 (Cn.
807 1744 966 1799 Sergio,
989 1753 1036 1785 ut
1063 1744 1280 1794 militibus,
1304 1745 1377 1800 qui
1406 1744 1450 1785 in
1478 1744 1579 1785 His-

175 1804 313 1860 pania,
341 1802 494 1853 Sicilia,
517 1802 709 1844 Sardinia
730 1801 939 1858 stipendia
955 1817 1031 1857 per
1047 1801 1199 1843 multos
1221 1817 1353 1843 annos
1369 1801 1577 1851 fecissent,

177 1877 323 1917 agrum
357 1860 655 1917 assignandum
689 1868 879 1908 curaret3
927 1858 980 1907 Q.
1001 1859 1207 1913 Minucio,
1243 1868 1290 1900 ut
1321 1859 1365 1900 in
1403 1858 1580 1900 Bruttiis

146 1927 163 1949 2
178 1919 290 1960 idem
313 1918 364 1960 de
387 1918 745 1960 coniurationibus
763 1916 1041 1973 quaestiones,
1065 1932 1168 1972 quas
1188 1925 1355 1973 praetor
1375 1931 1473 1957 cum
1494 1916 1578 1957 fide

146 1980 164 2012 3
179 1991 362 2032 curaque
385 1976 652 2024 exercuisset,
674 1975 920 2031 perficeret3
953 1983 995 2015 et
1017 1989 1100 2024 eos,
1119 1990 1224 2030 quos
1245 1974 1450 2029 sacrilegii
1466 1988 1581 2014 com-

178 2042 319 2090 pertos
340 2033 384 2074 in
405 2033 583 2074 vinculis
605 2032 787 2073 Romam
809 2031 1000 2081 misisset,
1023 2031 1182 2072 Locros
1202 2031 1389 2072 mitteret
1408 2030 1462 2071 ad
1482 2046 1581 2087 sup-

178 2091 377 2147 plicium3
411 2105 604 2146 quaeque
636 2089 798 2130 sublata
828 2104 881 2129 ex
912 2088 1087 2130 delubro
1118 2088 1395 2144 Proserpinae
1427 2097 1580 2138 essent,

177 2147 423 2205 reponenda
443 2162 540 2189 cum
570 2146 745 2204 piaculis
766 2144 950 2201 curaret)
970 2145 1096 2187 feriae
1126 2145 1303 2187 Latinae
1332 2145 1582 2201 pontificum

228 2283 240 2305 1
262 2275 442 2313 Proroyato
458 2275 608 2313 imperio]
635 2272 700 2303 Vel
717 2272 860 2312 pendent

182 2316 263 2347 haec
294 2317 335 2347 ab
365 2317 403 2347 iis
435 2326 518 2355 quae
549 2316 759 2355 praecedunt,
790 2318 859 2344 tan-

183 2369 280 2399 quam
305 2359 400 2389 series
417 2359 574 2398 quaedam
592 2359 792 2389 decretorum
813 2367 859 2387 se-

181 2401 278 2432 natus
309 2402 348 2432 de
380 2401 569 2441 provinciis:
610 2401 661 2431 vel
686 2400 859 2439 legendum

184 2449 231 2475 est
257 2444 318 2474 levi
342 2443 534 2480 mutatione,
557 2445 739 2482 Proroyata
763 2443 859 2481 impe-

183 2488 245 2518 ria.
270 2487 376 2518 Ciu-w.
423 2486 593 2516 Bekkerus
619 2484 762 2524 reposuit
786 2495 860 2524 pro-

183 2534 331 2568 royatum
362 2530 533 2568 imperium
565 2528 758 2558 auctoritate
790 2527 859 2557 cod.

185 2570 265 2602 Lov.
285 2581 312 2602 2.

231 2623 247 2643 2
271 2615 322 2645 De
340 2613 634 2651 coniurationibus]
670 2612 711 2642 In
735 2621 861 2651 rempu-

186 2655 315 2686 blicam.
351 2655 471 2686 Bruttii
489 2655 581 2695 primi
599 2656 663 2686 fere
680 2655 780 2685 totius
797 2655 862 2684 Ita-

188 2698 251 2728 liae
275 2698 474 2728 desciverant
497 2699 538 2728 ad
563 2697 797 2733 Hannibalem,
815 2696 862 2726 ul-

188 2740 259 2771 timi
283 2741 322 2770 ad
344 2741 510 2771 Romanos
531 2740 712 2776 redierant;
734 2750 794 2770 nec
810 2739 863 2769 de-

188 2783 331 2814 fecerant
361 2784 402 2812 ab
433 2783 632 2819 Hannibale,
663 2782 717 2813 sed
749 2781 865 2812 deserti

189 2826 326 2856 fuerant.
382 2824 471 2855 Hinc
501 2825 548 2855 ira
579 2825 801 2855 Romanorum
832 2824 864 2854 in

191 2878 264 2899 eos:
294 2867 370 2897 hinc
395 2867 536 2907 ipsorum
561 2868 639 2898 dure
665 2878 685 2898 n.
708 2867 867 2898 Romanis

191 2909 375 2942 habitorum
399 2909 644 2942 coniurationes.
690 2909 797 2942 Testis
819 2913 867 2941 est

905 2271 945 2302 A.
963 2271 1051 2302 Gell.
1080 2282 1110 2302 x.
1142 2280 1170 2311 3.
1202 2271 1370 2301 Romanos
1400 2270 1445 2300 ita
1475 2279 1584 2300 severe

907 2324 980 2344 cum
1018 2313 1056 2344 iis
1090 2314 1200 2353 egisse,
1231 2317 1266 2343 ut
1298 2323 1351 2343 eos
1388 2312 1584 2352 ignominiae

905 2366 1001 2387 causa,
1022 2356 1142 2386 milites
1158 2366 1222 2386 non
1239 2352 1424 2389 scriberent,
1440 2355 1495 2385 sed
1517 2364 1583 2385 ma-

904 2398 1090 2438 gistratibus
1106 2399 1138 2428 in
1156 2398 1337 2437 provincias
1353 2397 1505 2428 euntibus
1528 2407 1582 2436 ap-

905 2451 1016 2481 parere
1054 2445 1086 2471 et
1123 2440 1382 2480 praeministrare
1420 2449 1583 2469 servorum

905 2493 994 2514 more
1021 2483 1179 2514 iuberent.
1225 2483 1315 2513 Hinc
1338 2483 1509 2512 Bruttiani
1536 2482 1583 2512 in-

905 2527 1032 2556 terdum
1067 2526 1219 2556 dicuntur
1254 2525 1382 2555 lictores
1419 2524 1583 2563 magistra-

905 2572 1008 2599 tuum.
1034 2568 1140 2599 Ciusv.
1164 2567 1320 2605 Bruttios,
1332 2577 1470 2606 quoquo,
1482 2571 1517 2596 ut
1528 2566 1583 2605 qui

906 2611 1108 2651 alienigenae
1135 2613 1252 2647 essent,
1278 2620 1343 2640 non
1375 2610 1458 2639 inter
1482 2609 1584 2639 socios

908 2654 1131 2684 Romanorum
1149 2652 1353 2683 annumerari
1366 2656 1441 2682 ante
1460 2652 1584 2682 bellum

908 2696 1112 2735 Cisalpinum
1135 2695 1363 2725 animadvertit
1383 2694 1586 2725 Niebulirius

909 2738 928 2769 i.
945 2749 975 2769 n.
997 2737 1064 2769 186.
1091 2738 1130 2769 cf.
1150 2738 1265 2778 Polyb.
1283 2737 1315 2768 ii.
1335 2746 1383 2775 ²4·
1402 2736 1539 2767 Nicbhr.
1563 2736 1584 2767 i.

909 2792 940 2812 n.
959 2788 1029 2820 307.

954 2833 971 2863 3
993 2823 1164 2862 Sacrileyii
1187 2822 1376 2862 compertos]
1411 2821 1464 2852 De
1490 2831 1586 2861 pecu-

910 2865 965 2897 nia
989 2865 1099 2897 Locris
1125 2875 1165 2896 ex
1192 2864 1404 2904 Proserpinae
1428 2863 1589 2895 thesauris

912 2909 995 2941 clam
1013 2909 1152 2948 sublata,
1168 2908 1207 2941 cf.
1223 2917 1309 2950 supr.
1326 2906 1414 2938 xxxi.
1436 2915 1483 2939 12.
