1960 3218
513 147 638 188 LIB.
673 146 895 188 XXXIII.
944 146 1092 188 CAP.
1128 152 1194 190 30.
1480 152 1555 190 111

155 237 315 294 legatis,
338 238 411 294 qui
441 246 696 278 testarentur
716 237 862 287 socios,
886 238 995 278 iusto
1023 237 1181 294 pioque
1209 238 1319 280 bello
1347 253 1390 279 se
1419 243 1618 294 per-se-U
1636 245 1673 277 C.
1697 243 1769 283 556·

156 303 352 336 cuturum
393 295 591 360 Boeotos,
629 303 672 336 et
711 310 808 336 cum
849 303 969 351 parte
1010 296 1227 351 copiaium
1265 296 1347 351 Ap.
1376 295 1558 337 Claudio
1574 286 1770 361 fficiam&

156 353 472 409 Acraephiam
462 353 675 417 1161111550,
699 353 787 408 ipse
816 368 913 393 cum
941 361 1058 408 palte
1085 352 1321 394 Coroneam
1345 353 1559 395 circumsi-
1571 383 1660 403 orare
1677 383 1727 403 co-

155 411 241 451 dit:
276 426 326 452 ev
329 411 470 451 astatis
490 410 606 466 prius
628 410 748 466 agriS,
768 426 852 466 qua
874 411 925 451 ab
949 410 1088 451 Elatia
1109 410 1195 452 duo
1212 411 1376 452 divelsa
1393 412 1560 468 agmina
1571 419 1698 455 guntur

155 468 253 509 iere.
318 467 413 509 Hac
440 468 621 523 perculsi
649 467 767 508 clade
798 468 962 517 Boeoti,
990 483 1122 524 quum
1151 468 1293 509 omnia
1324 477 1479 510 tenore
1512 485 1559 510 ac

125 525 255 581 8fuga
271 525 480 581 completa
501 534 653 575 essent,
670 525 829 581 legatos
851 526 1037 567 mittunt.
1105 525 1192 574 Qui
1210 541 1342 581 quum
1364 526 1407 566 in
1429 536 1561 568 castra

155 597 243 624 non
265 582 600 632 admitterentur,
624 557 789 624 Achaei
811 582 1182 639 Atheniensesque
1211 593 1557 640 supervenerunt.

124 640 259 683 9Plus
287 640 544 682 auctoritatis
575 640 739 681 Achaei
767 640 1019 691 habuerunt,
1043 641 1343 697 deprecantes:
1376 642 1488 697 quia,
1515 642 1560 682 ni

156 697 450 754 impetrassent
470 713 618 754 pacem
648 698 833 747 Boeotis,
855 698 1014 739 bellum
1036 699 1159 739 simul
1188 714 1333 755 gelere
1362 699 1561 740 decreve-

156 764 261 796 rant.
325 755 409 797 Per
423 755 618 797 Achaeos
635 764 677 797 et
700 755 872 797 Boeotis
889 756 1037 812 copia
1026 756 1212 798 adeundi
1229 756 1559 813 alloquendique

158 812 402 854 Romanum
434 813 544 854 facta-
577 822 652 863 est,
689 813 896 870 iussisque
930 813 1094 855 tradere
1128 814 1291 864 noxios,
1324 822 1367 855 et
1402 814 1559 856 multae

156 871 328 912 nomine
351 871 524 927 triginta
544 871 702 912 talenta
723 871 927 921 conferre,
950 887 1034 928 pax
1055 871 1167 921 data,
1190 880 1231 913 et
1260 872 1312 913 ab
1341 887 1560 928 oppugna-

157 928 272 970 tione
294 944 514 970 recessum.

215 986 318 1027 Post
340 1001 493 1043 paucos
522 986 611 1027 dies
639 986 786 1028 decem
813 987 940 1042 legati
965 987 1016 1028 ab
1051 987 1190 1028 Roma
1210 996 1430 1037 venerunt,
1454 1003 1559 1044 quo·
1636 993 1703 1032 30.

157 1057 251 1084 rum
280 1060 334 1085 ex
365 1044 539 1085 consilio
569 1059 651 1100 pax
684 1044 781 1085 data
811 1044 1049 1101 Philippo
1039 1060 1084 1085 1n
1115 1045 1189 1086 has
1219 1045 1333 1101 leges
1364 1054 1452 1086 est:
1488 1052 1560 1087 ‘ut
1572 1048 1772 1122 ἓῗῐῇθέΡὴῆἰῦίὃ

130 1121 142 1141 1
160 1106 330 1143 ‘omnes
360 1101 620 1143 Graecorum
649 1102 852 1152 civitates,
876 1118 984 1158 quae
1012 1102 1056 1142 in
1087 1102 1272 1159 Europa,
1295 1119 1488 1160 quaeque
1514 1119 1674 1175 111110

160 1165 172 1183 ⁶
189 1160 293 1201 Asia
328 1168 479 1209 essent,
517 1159 754 1200 libertatem
791 1175 838 1200 ac
874 1175 968 1201 suas
1003 1159 1117 1216 leges
1152 1160 1368 1202 habexent.
1436 1161 1558 1209 Quae
1599 1145 1642 1175 pp

127 1238 144 1259 2
161 1222 172 1240 ‘
188 1232 330 1258 earum
353 1218 429 1258 sub
451 1191 611 1258 ditione
641 1217 829 1273 Philippi
850 1217 1039 1267 fuissent,
1062 1217 1270 1273 praesidia
1290 1234 1343 1259 ex
1365 1219 1429 1259 his
1457 1219 1561 1260 Phi-

160 1274 324 1331 ‘lippus
337 1275 580 1324 deduceret,
598 1290 834 1330 vacuasque
850 1275 1033 1316 traderet
1051 1275 1256 1316 Romanis
1273 1285 1371 1317 ante
1389 1276 1561 1318 Isthmi-

160 1337 173 1356 ‘
188 1347 308 1373 orum
330 1340 508 1388 tempus.
572 1332 817 1374 Deduceret
839 1341 881 1374 et
909 1348 962 1374 ex
985 1333 1061 1382 his,
1085 1348 1193 1388 quae
1215 1333 1259 1374 in
1282 1333 1387 1375 Asia
1407 1344 1559 1384 essent,

160 1395 172 1414 ‘
186 1389 386 1439 Euromo,
410 1389 681 1446 Pedasisque,
703 1398 746 1431 et
775 1390 995 1448 Bmgyliis,
1019 1399 1061 1432 et
1090 1390 1216 1440 Iasso,
1239 1400 1282 1432 et
1309 1391 1495 1456 Myrina,
1518 1402 1561 1434 et

159 1453 171 1471 ‘
188 1447 358 1504 Abydo,
381 1456 424 1489 et
445 1447 600 1498 Thaso,
624 1456 667 1489 et
696 1448 924 1489 Perintho:
960 1463 1027 1489 eas
1054 1464 1224 1504 quoque
1250 1464 1365 1490 6111111
1394 1449 1559 1505 placere

161 1505 337 1547 ‘liberas
359 1520 460 1547 esse.
523 1505 591 1547 De
617 1505 849 1547 Cianorum
878 1505 1083 1556 libertate,
1110 1506 1363 1555 Quinctium
1385 1507 1559 1549 Prusiae

201 1628 220 1659 8
244 1628 409 1669 Completa
445 1631 566 1667 essent]
616 1630 670 1660 Ita
708 1640 837 1670 quoque

160 1671 302 1702 Bekker.
321 1672 429 1711 Vulgo
444 1674 651 1712 complessent
667 1673 795 1713 legitur.

201 1725 221 1755 9
246 1716 344 1752 Quia,
371 1716 406 1745 ni
437 1716 678 1754 impetrassent]
716 1716 839 1746 Melius

160 1755 216 1795 sic,
232 1767 329 1797 quam
346 1758 431 1796 quod
450 1758 544 1797 vulgo
561 1757 678 1797 legitur
693 1769 742 1795 ac,
758 1760 804 1790 m‘.

206 1809 218 1830 1
239 1801 357 1831 Omnes
367 1802 564 1831 Graecorum
575 1802 737 1839 civitates]
758 1802 835 1832 Non

159 1852 329 1882 possumus
355 1843 558 1874 dissimulare
584 1844 751 1874 decretum
774 1844 835 1875 hoc

160 1885 200 1915 de
238 1885 386 1916 libertate
426 1885 624 1916 Graecarum
665 1886 833 1917 civitatum

160 1927 292 1958 omnino
313 1928 527 1959 deformatum
551 1939 571 1958 a
594 1928 686 1959 Livio
710 1939 835 1969 reprae-

161 1970 279 2001 sentari
295 1983 302 2007 ;
325 1974 422 2010 atque
443 1970 500 2009 ita,
514 1975 551 2002 ut
567 1982 650 2011 quae
668 1971 737 2011 ipse
758 1982 835 2002 mox

160 2013 336 2043 traditurus
366 2017 414 2044 est
444 2024 470 2044 c.
502 2024 566 2053 seq.
602 2014 666 2044 iam
697 2014 835 2054 intelligi

161 2059 334 2095 nequeant.
381 2055 618 2086 Exhibebimus
634 2057 727 2094 illud,
741 2058 836 2096 quale

163 2098 321 2138 Polybius
343 2099 448 2135 affert,
468 2099 646 2138 Legatione
667 2109 697 2140 9.
719 2109 837 2138 purum

161 2151 199 2171 ae
225 2140 398 2179 sincerum,
425 2144 458 2171 et
485 2141 607 2180 optime
635 2142 838 2172 consentiens

162 2193 234 2214 cum
252 2183 291 2214 iis
303 2194 386 2223 quae
402 2194 478 2214 mox
496 2185 718 2215 narrabuntur.
751 2185 770 2199 ‘⁶
783 2185 837 2215 Se-

162 2226 433 2264 natusconsulti‚”
448 2226 551 2265 inquit
573 2226 838 2266 diligentissimus

161 2268 307 2308 scriptor,
352 2270 362 2284 ⁶
376 2269 550 2309 praecipua
595 2270 702 2308 capita
747 2273 838 2300 erant

161 2311 242 2342 haec
259 2324 267 2349 3
290 2314 325 2342 ut
344 2312 441 2342 ceteri
459 2322 570 2343 omnes
588 2312 717 2348 Graeci,
734 2316 765 2342 et
782 2312 836 2352 qui

162 2353 195 2384 in
224 2353 301 2385 Asia
327 2355 459 2394 degunt,
486 2358 518 2385 et
545 2355 599 2394 qui
630 2355 663 2385 in
692 2355 837 2395 Europa,

163 2395 253 2427 liberi
278 2396 352 2435 sint,
377 2397 505 2436 suisque
532 2397 655 2437 legibus
682 2402 835 2428 utantur:

162 2442 200 2469 ut
215 2439 270 2478 qui
292 2439 324 2470 in
349 2439 494 2479 Philippi
516 2440 637 2470 ditione
658 2444 744 2478 sunt,
761 2445 791 2471 et
813 2441 838 2470 si

163 2491 244 2520 quas
262 2482 319 2512 ille
340 2483 435 2513 urbes
452 2483 649 2513 Graecorum
672 2483 839 2522 praesidiis

163 2527 264 2561 tenet,
292 2535 346 2555 eas
377 2529 452 2555 ante
480 2525 728 2556 celebrationem
758 2526 838 2556 ludi-

165 2566 209 2596 cri
241 2567 451 2597 Isthmiorum
481 2567 655 2607 Philippus
680 2568 839 2599 Romanis

164 2609 280 2640 tradat.
332 2609 523 2647 Euromum,
552 2611 689 2647 Pedasa,
720 2611 838 2651 Bargy-

166 2651 221 2688 lia,
239 2651 376 2689 Iassum,
399 2652 476 2682 item
498 2653 664 2692 Abydum,
681 2654 838 2690 Thasum,

166 2693 343 2733 Myrinam,
368 2694 572 2732 Perinthum,
593 2696 741 2725 deductis
764 2696 839 2726 inde

166 2736 344 2775 praesidiis,
363 2736 476 2767 liberas
492 2747 558 2767 esse
574 2737 691 2768 sinat.”
730 2739 840 2778 Appa-

166 2782 214 2808 ret
237 2778 332 2818 igitur
355 2779 519 2817 duplicem
544 2780 740 2810 Graecarum
767 2781 839 2811 eivi-

166 2824 270 2851 tatum
298 2832 316 2851 a
346 2821 503 2851 Romanis
533 2823 750 2853 conditionem
779 2823 839 2854 dis-

167 2863 287 2903 tingui:
313 2874 423 2900 unam,
443 2874 551 2894 carum
577 2875 658 2904 quae
685 2866 840 2905 Philippo

169 2915 230 2937 non
260 2910 419 2945 parerent,
446 2907 592 2945 alteram,
619 2918 728 2938 earum
757 2919 840 2947 quae

882 1634 988 1662 essent
1003 1630 1036 1661 in
1054 1630 1122 1661 eius
1138 1631 1270 1662 ditione.
1306 1631 1425 1662 Prioris
1436 1632 1562 1671 generis

883 1684 994 1704 omnes
1019 1674 1140 1704 liberae
1162 1673 1314 1704 iubentur
1340 1685 1417 1705 esse.
1464 1675 1560 1711 Quae

884 1717 1041 1756 Philippo
1068 1720 1193 1756 parent,
1221 1727 1261 1747 ex
1288 1716 1326 1747 iis
1352 1717 1465 1747 itidem
1493 1728 1559 1747 om-

883 1759 978 1789 nibus
994 1759 1152 1799 praesidia
1165 1760 1324 1790 deducere
1336 1759 1466 1790 iubetur
1482 1773 1489 1797 ;
1505 1761 1560 1791 sed

881 1802 927 1832 ita
940 1806 975 1832 ut
988 1802 1083 1839 aliae,
1097 1812 1180 1841 quae
1192 1812 1257 1832 non
1268 1802 1488 1840 nominantur,
1497 1806 1558 1833 tra-

881 1846 999 1875 dantur
1010 1845 1169 1875 Romanis
1182 1857 1189 1881 ;
1205 1845 1287 1875 aliae
1299 1855 1382 1884 quae
1392 1845 1559 1876 nominan-

879 1892 942 1926 tur,
956 1887 1076 1917 liberae
1089 1887 1161 1918 sint.
1195 1887 1270 1918 Hoc
1286 1888 1383 1918 modo
1400 1898 1493 1918 suum
1507 1889 1559 1919 de-

881 1934 1004 1960 cretum
1024 1930 1167 1960 Romani
1185 1931 1468 1968 concinnaverant,
1485 1931 1560 1970 quia

882 1972 1102 2009 dubitabatur,
1114 1976 1151 2002 ut
1166 1983 1243 2003 mox
1260 1984 1286 2003 c.
1301 1984 1364 2012 seq.
1379 1973 1560 2004 observabit

881 2015 1003 2052 Livius,
1027 2016 1068 2045 de
1091 2015 1261 2053 Corintho,
1283 2019 1315 2046 et
1339 2016 1508 2054 Chalcide,
1528 2020 1560 2047 et

882 2057 1106 2094 Demetriade,
1137 2068 1216 2096 quas
1253 2059 1347 2089 urbes
1383 2062 1493 2088 tenere
1526 2058 1560 2089 in

882 2100 990 2130 animo
1015 2100 1188 2131 habebant.
1236 2100 1325 2130 Hinc
1352 2100 1428 2131 illae
1455 2100 1559 2131 crimi-

882 2142 1030 2173 nationes
1050 2143 1254 2181 Aetolorum,
1270 2154 1340 2182 cap.
1358 2143 1470 2174 itidem
1494 2154 1558 2183 seq.

883 2188 1167 2223 commemoratae,
1188 2186 1275 2224 quod
1298 2185 1380 2216 aliae
1402 2186 1560 2216 Romanis

882 2228 1085 2258 traderentur
1100 2229 1204 2266 urbes,
1221 2238 1280 2258 nec
1297 2228 1560 2266 nominarentur3

883 2270 966 2301 aliae
982 2270 1235 2308 nominarentur,
1248 2274 1280 2301 et
1295 2272 1364 2302 sine
1377 2273 1560 2309 traditione,

882 2313 913 2343 id
931 2317 989 2351 est,
1006 2323 1069 2343 non
1089 2313 1237 2351 traditae,
1256 2314 1424 2351 Romanis,
1441 2315 1561 2345 liberae

882 2366 950 2386 esse
967 2356 1164 2387 iuberentur.
1190 2357 1297 2387 Cum.

928 2408 943 2428 2
970 2400 1143 2429 Prae-sidia
1169 2410 1209 2429 eas·
1233 2400 1283 2429 ln's
1307 2400 1484 2439 Philippus
1509 2401 1559 2431 de-

883 2443 1013 2472 duceret
1030 2464 1036 2471 .
1052 2465 1059 2471 .
1073 2465 1080 2472 .
1097 2442 1158 2479 his,
1176 2452 1259 2482 quae
1275 2443 1310 2472 in
1329 2443 1411 2472 Asia
1435 2444 1556 2481 essent]

885 2484 1060 2523 Philippus
1076 2484 1250 2514 deduceret
1272 2484 1432 2524 praesidia
1453 2495 1492 2515 ex
1509 2496 1560 2515 ur-

883 2526 977 2556 bibus
1012 2526 1146 2556 Graecis
1180 2537 1263 2566 quae
1301 2532 1450 2566 parerent
1488 2527 1559 2565 sibi,

883 2572 980 2608 atque
1004 2568 1087 2599 inter
1110 2572 1232 2600 ceteras
1250 2569 1337 2600 hisce
1356 2570 1560 2607 nominatim,

883 2622 966 2650 quae
997 2611 1028 2641 in
1062 2612 1139 2642 Asia
1169 2616 1285 2649 essent,
1319 2613 1472 2651 Euromo,
1497 2617 1559 2644 etc.

884 2655 1037 2685 Ceterum
1069 2655 1248 2685 notandum
1280 2658 1328 2684 est
1355 2655 1500 2685 Thasum
1528 2659 1560 2686 et

886 2696 1091 2733 Perinthum,
1107 2707 1189 2736 quae
1211 2697 1263 2728 hic
1284 2697 1504 2735 nominantur,
1519 2698 1561 2728 ad

887 2739 1051 2778 Europam
1071 2740 1239 2778 pertinere.
1287 2740 1339 2770 De
1357 2740 1487 2780 Myrina
1503 2741 1560 2770 du-

885 2781 978 2811 bitari
997 2786 1112 2821 potest.
1160 2783 1256 2813 Duae
1273 2783 1357 2813 enim
1376 2784 1469 2813 urbes
1485 2786 1560 2813 sunt

885 2824 980 2854 huius
1003 2824 1152 2862 nominis,
1177 2826 1278 2856 altera
1303 2825 1334 2855 in
1363 2826 1487 2855 Lemno
1513 2825 1559 2855 in-

884 2867 965 2903 sula,
981 2878 1019 2897 ac
1041 2867 1175 2906 proinde
1196 2868 1227 2898 in
1246 2868 1390 2907 Europa,
1406 2869 1508 2898 altera
1528 2867 1559 2897 in

887 2909 1031 2940 Aeolide.
1058 2910 1164 2941 Cum.
