<?xml version="1.0" encoding="UTF-8"?>
<!DOCTYPE html PUBLIC "-//W3C//DTD XHTML 1.0 Transitional//EN"
    "http://www.w3.org/TR/xhtml1/DTD/xhtml1-transitional.dtd">
<html xmlns="http://www.w3.org/1999/xhtml" xml:lang="en" lang="en">
 <head>
  <title>
</title>
<meta http-equiv="Content-Type" content="text/html;charset=utf-8" />
  <meta name='ocr-system' content='tesseract 3.04.00' />
  <meta name='ocr-capabilities' content='ocr_page ocr_carea ocr_par ocr_line ocrx_word'/>
</head>
<body>
  <div class='ocr_page' id='page_1' title='image "./historiarumli03livyuoft_0089.png"; bbox 0 0 1960 3218; ppageno 0'>
   <div class='ocr_carea' id='block_1_1' title="bbox 539 142 1562 190">
    <p class='ocr_par' dir='ltr' id='par_1_1' title="bbox 539 142 1562 190">
     <span class='ocr_line' id='line_1_1' title="bbox 539 142 1562 190; baseline 0.006 -6"><span class='ocrx_word' id='word_1_1' title='bbox 539 143 664 185; x_wconf 83' lang='lat' dir='ltr'>LIB.</span> <span class='ocrx_word' id='word_1_2' title='bbox 700 142 898 185; x_wconf 80' lang='lat' dir='ltr'>XXXII.</span> <span class='ocrx_word' id='word_1_3' title='bbox 947 143 1093 185; x_wconf 85' lang='lat' dir='ltr'>CAP.</span> <span class='ocrx_word' id='word_1_4' title='bbox 1128 148 1195 186; x_wconf 70' lang='lat'>34.</span> <span class='ocrx_word' id='word_1_5' title='bbox 1510 150 1562 190; x_wconf 85' lang='lat'>79</span> 
     </span>
    </p>
   </div>
   <div class='ocr_carea' id='block_1_2' title="bbox 127 233 1564 2724">
    <p class='ocr_par' dir='ltr' id='par_1_2' title="bbox 159 233 1561 292">
     <span class='ocr_line' id='line_1_2' title="bbox 159 233 1561 292; baseline 0.004 -18"><span class='ocrx_word' id='word_1_6' title='bbox 159 233 224 274; x_wconf 86' lang='lat' dir='ltr'>nis</span> <span class='ocrx_word' id='word_1_7' title='bbox 245 247 390 274; x_wconf 88' lang='lat' dir='ltr'>eorum</span> <span class='ocrx_word' id='word_1_8' title='bbox 412 233 612 283; x_wconf 71' lang='lat' dir='ltr'>fuissent,</span> <span class='ocrx_word' id='word_1_9' title='bbox 646 234 814 290; x_wconf 82' lang='lat' dir='ltr'>excepit</span> <span class='ocrx_word' id='word_1_10' title='bbox 842 234 1074 275; x_wconf 87' lang='lat' dir='ltr'>orationem</span> <span class='ocrx_word' id='word_1_11' title='bbox 1096 235 1187 276; x_wconf 91' lang='lat' dir='ltr'>eius</span> <span class='ocrx_word' id='word_1_12' title='bbox 1208 235 1405 292; x_wconf 90' lang='lat' dir='ltr'>princeps</span> <span class='ocrx_word' id='word_1_13' title='bbox 1429 237 1561 279; x_wconf 77' lang='lat' dir='ltr'>Aeto—</span> 
     </span>
    </p>

    <p class='ocr_par' dir='ltr' id='par_1_3' title="bbox 127 291 1564 929">
     <span class='ocr_line' id='line_1_3' title="bbox 127 291 1560 343; baseline 0.003 -12"><span class='ocrx_word' id='word_1_14' title='bbox 127 291 295 332; x_wconf 88' lang='lat' dir='ltr'>4lorum</span> <span class='ocrx_word' id='word_1_15' title='bbox 327 291 586 342; x_wconf 80' lang='lat' dir='ltr'>Alexander,</span> <span class='ocrx_word' id='word_1_16' title='bbox 616 292 691 341; x_wconf 77' lang='lat' dir='ltr'>vir,</span> <span class='ocrx_word' id='word_1_17' title='bbox 722 301 769 333; x_wconf 86' lang='lat' dir='ltr'>ut</span> <span class='ocrx_word' id='word_1_18' title='bbox 799 292 911 333; x_wconf 87' lang='lat' dir='ltr'>inter</span> <span class='ocrx_word' id='word_1_19' title='bbox 940 292 1128 343; x_wconf 80' lang='lat' dir='ltr'>Aetolos,</span> <span class='ocrx_word' id='word_1_20' title='bbox 1161 292 1378 335; x_wconf 82' lang='lat' dir='ltr'>facundus.</span> <span class='ocrx_word' id='word_1_21' title='bbox 1443 295 1560 337; x_wconf 81' lang='lat' dir='ltr'>‘Iam</span> 
     </span>
     <span class='ocr_line' id='line_1_4' title="bbox 161 349 1561 408; baseline 0.003 -18"><span class='ocrx_word' id='word_1_22' title='bbox 161 354 174 372; x_wconf 83' lang='lat'>‘</span> <span class='ocrx_word' id='word_1_23' title='bbox 189 349 352 390; x_wconf 88' lang='lat' dir='ltr'>dudum</span> <span class='ocrx_word' id='word_1_24' title='bbox 373 364 416 390; x_wconf 90' lang='lat' dir='ltr'>se</span> <span class='ocrx_word' id='word_1_25' title='bbox 443 349 643 399; x_wconf 84' lang='lat' dir='ltr'>reticere,’</span> <span class='ocrx_word' id='word_1_26' title='bbox 665 350 735 399; x_wconf 85' lang='lat' dir='ltr'>ait,</span> <span class='ocrx_word' id='word_1_27' title='bbox 760 356 871 391; x_wconf 79' lang='lat' dir='ltr'>‘non</span> <span class='ocrx_word' id='word_1_28' title='bbox 895 365 980 406; x_wconf 91' lang='lat' dir='ltr'>quo</span> <span class='ocrx_word' id='word_1_29' title='bbox 1013 351 1241 407; x_wconf 88' lang='lat' dir='ltr'>quicquam</span> <span class='ocrx_word' id='word_1_30' title='bbox 1270 351 1337 407; x_wconf 83' lang='lat' dir='ltr'>agi</span> <span class='ocrx_word' id='word_1_31' title='bbox 1361 361 1482 408; x_wconf 86' lang='lat' dir='ltr'>putet</span> <span class='ocrx_word' id='word_1_32' title='bbox 1510 369 1561 395; x_wconf 89' lang='lat' dir='ltr'>eo</span> 
     </span>
     <span class='ocr_line' id='line_1_5' title="bbox 163 407 1558 466; baseline 0.003 -18"><span class='ocrx_word' id='word_1_33' title='bbox 163 407 410 463; x_wconf 80' lang='lat' dir='ltr'>‘colloquio,</span> <span class='ocrx_word' id='word_1_34' title='bbox 446 407 520 448; x_wconf 91' lang='lat' dir='ltr'>sed</span> <span class='ocrx_word' id='word_1_35' title='bbox 553 423 606 449; x_wconf 89' lang='lat' dir='ltr'>ne</span> <span class='ocrx_word' id='word_1_36' title='bbox 641 423 769 463; x_wconf 89' lang='lat' dir='ltr'>quem</span> <span class='ocrx_word' id='word_1_37' title='bbox 805 408 1012 449; x_wconf 89' lang='lat' dir='ltr'>sociorum</span> <span class='ocrx_word' id='word_1_38' title='bbox 1054 409 1266 450; x_wconf 86' lang='lat' dir='ltr'>dicentem</span> <span class='ocrx_word' id='word_1_39' title='bbox 1308 410 1558 466; x_wconf 87' lang='lat' dir='ltr'>interpellet.</span> 
     </span>
     <span class='ocr_line' id='line_1_6' title="bbox 162 464 1562 523; baseline 0.003 -17"><span class='ocrx_word' id='word_1_40' title='bbox 162 471 174 489; x_wconf 85' lang='lat'>‘</span> <span class='ocrx_word' id='word_1_41' title='bbox 188 464 342 521; x_wconf 87' lang='lat' dir='ltr'>Neque</span> <span class='ocrx_word' id='word_1_42' title='bbox 360 465 412 506; x_wconf 88' lang='lat' dir='ltr'>de</span> <span class='ocrx_word' id='word_1_43' title='bbox 429 480 531 522; x_wconf 89' lang='lat' dir='ltr'>pace</span> <span class='ocrx_word' id='word_1_44' title='bbox 546 481 643 507; x_wconf 90' lang='lat' dir='ltr'>cum</span> <span class='ocrx_word' id='word_1_45' title='bbox 664 466 748 507; x_wconf 84' lang='lat' dir='ltr'>fide</span> <span class='ocrx_word' id='word_1_46' title='bbox 766 466 1012 522; x_wconf 87' lang='lat' dir='ltr'>Philippum</span> <span class='ocrx_word' id='word_1_47' title='bbox 1031 482 1167 522; x_wconf 80' lang='lat' dir='ltr'>agere,</span> <span class='ocrx_word' id='word_1_48' title='bbox 1185 483 1325 523; x_wconf 88' lang='lat' dir='ltr'>neque</span> <span class='ocrx_word' id='word_1_49' title='bbox 1344 468 1452 509; x_wconf 90' lang='lat' dir='ltr'>bella</span> <span class='ocrx_word' id='word_1_50' title='bbox 1465 484 1562 510; x_wconf 82' lang='lat' dir='ltr'>vera</span> 
     </span>
     <span class='ocr_line' id='line_1_7' title="bbox 162 523 1558 583; baseline 0.003 -19"><span class='ocrx_word' id='word_1_51' title='bbox 162 528 174 546; x_wconf 83' lang='lat'>‘</span> <span class='ocrx_word' id='word_1_52' title='bbox 186 523 338 564; x_wconf 84' lang='lat' dir='ltr'>virtute</span> <span class='ocrx_word' id='word_1_53' title='bbox 357 539 543 579; x_wconf 90' lang='lat' dir='ltr'>unquam</span> <span class='ocrx_word' id='word_1_54' title='bbox 560 524 744 580; x_wconf 80' lang='lat' dir='ltr'>gessisse.</span> <span class='ocrx_word' id='word_1_55' title='bbox 808 523 859 565; x_wconf 88' lang='lat' dir='ltr'>In</span> <span class='ocrx_word' id='word_1_56' title='bbox 874 524 1094 581; x_wconf 86' lang='lat' dir='ltr'>colloquiis</span> <span class='ocrx_word' id='word_1_57' title='bbox 1110 525 1298 566; x_wconf 88' lang='lat' dir='ltr'>insidiari</span> <span class='ocrx_word' id='word_1_58' title='bbox 1312 535 1356 567; x_wconf 89' lang='lat' dir='ltr'>et</span> <span class='ocrx_word' id='word_1_59' title='bbox 1372 536 1558 583; x_wconf 88' lang='lat' dir='ltr'>captare:</span> 
     </span>
     <span class='ocr_line' id='line_1_8' title="bbox 161 581 1563 641; baseline 0.004 -20"><span class='ocrx_word' id='word_1_60' title='bbox 161 587 172 604; x_wconf 89' lang='lat'>‘</span> <span class='ocrx_word' id='word_1_61' title='bbox 188 581 232 621; x_wconf 87' lang='lat' dir='ltr'>in</span> <span class='ocrx_word' id='word_1_62' title='bbox 254 581 364 622; x_wconf 91' lang='lat' dir='ltr'>bello</span> <span class='ocrx_word' id='word_1_63' title='bbox 386 597 473 623; x_wconf 90' lang='lat' dir='ltr'>non</span> <span class='ocrx_word' id='word_1_64' title='bbox 502 582 702 638; x_wconf 81' lang='lat' dir='ltr'>congredi</span> <span class='ocrx_word' id='word_1_65' title='bbox 729 597 864 638; x_wconf 90' lang='lat' dir='ltr'>aequo</span> <span class='ocrx_word' id='word_1_66' title='bbox 891 598 1052 639; x_wconf 91' lang='lat' dir='ltr'>campo,</span> <span class='ocrx_word' id='word_1_67' title='bbox 1076 599 1216 640; x_wconf 86' lang='lat' dir='ltr'>neque</span> <span class='ocrx_word' id='word_1_68' title='bbox 1245 583 1405 625; x_wconf 88' lang='lat' dir='ltr'>collatis</span> <span class='ocrx_word' id='word_1_69' title='bbox 1434 585 1563 641; x_wconf 81' lang='lat' dir='ltr'>signis</span> 
     </span>
     <span class='ocr_line' id='line_1_9' title="bbox 161 639 1562 698; baseline 0.003 -18"><span class='ocrx_word' id='word_1_70' title='bbox 161 644 173 662; x_wconf 75' lang='lat'><strong><em>⁶</em></strong></span> <span class='ocrx_word' id='word_1_71' title='bbox 189 639 402 689; x_wconf 87' lang='lat' dir='ltr'>dimicare,</span> <span class='ocrx_word' id='word_1_72' title='bbox 425 640 499 681; x_wconf 91' lang='lat' dir='ltr'>sed</span> <span class='ocrx_word' id='word_1_73' title='bbox 528 640 807 697; x_wconf 78' lang='lat' dir='ltr'>refugientem</span> <span class='ocrx_word' id='word_1_74' title='bbox 837 640 1064 682; x_wconf 84' lang='lat' dir='ltr'>incendere</span> <span class='ocrx_word' id='word_1_75' title='bbox 1087 657 1133 683; x_wconf 89' lang='lat' dir='ltr'>ac</span> <span class='ocrx_word' id='word_1_76' title='bbox 1156 642 1336 698; x_wconf 85' lang='lat' dir='ltr'>diripere</span> <span class='ocrx_word' id='word_1_77' title='bbox 1359 643 1495 693; x_wconf 86' lang='lat' dir='ltr'>urbes,</span> <span class='ocrx_word' id='word_1_78' title='bbox 1520 652 1562 684; x_wconf 87' lang='lat' dir='ltr'>et</span> 
     </span>
     <span class='ocr_line' id='line_1_10' title="bbox 161 697 1563 755; baseline 0.003 -17"><span class='ocrx_word' id='word_1_79' title='bbox 161 697 446 739; x_wconf 87' lang='lat' dir='ltr'>‘vincentium</span> <span class='ocrx_word' id='word_1_80' title='bbox 467 699 654 754; x_wconf 85' lang='lat' dir='ltr'>praemia</span> <span class='ocrx_word' id='word_1_81' title='bbox 673 699 832 739; x_wconf 87' lang='lat' dir='ltr'>victum</span> <span class='ocrx_word' id='word_1_82' title='bbox 854 713 1133 755; x_wconf 88' lang='lat' dir='ltr'>corrumpere.</span> <span class='ocrx_word' id='word_1_83' title='bbox 1199 700 1259 741; x_wconf 84' lang='lat' dir='ltr'>At</span> <span class='ocrx_word' id='word_1_84' title='bbox 1275 716 1361 741; x_wconf 90' lang='lat' dir='ltr'>non</span> <span class='ocrx_word' id='word_1_85' title='bbox 1383 701 1440 742; x_wconf 88' lang='lat' dir='ltr'>sic</span> <span class='ocrx_word' id='word_1_86' title='bbox 1455 702 1563 742; x_wconf 85' lang='lat' dir='ltr'>anti-</span> 
     </span>
     <span class='ocr_line' id='line_1_11' title="bbox 160 755 1564 812; baseline 0.003 -16"><span class='ocrx_word' id='word_1_87' title='bbox 160 760 293 811; x_wconf 87' lang='lat' dir='ltr'>‘quos</span> <span class='ocrx_word' id='word_1_88' title='bbox 327 755 616 797; x_wconf 85' lang='lat' dir='ltr'>Macedonum</span> <span class='ocrx_word' id='word_1_89' title='bbox 645 772 777 812; x_wconf 79' lang='lat' dir='ltr'>regeS,</span> <span class='ocrx_word' id='word_1_90' title='bbox 807 757 881 798; x_wconf 89' lang='lat' dir='ltr'>sed</span> <span class='ocrx_word' id='word_1_91' title='bbox 910 757 999 798; x_wconf 90' lang='lat' dir='ltr'>acie</span> <span class='ocrx_word' id='word_1_92' title='bbox 1032 757 1183 799; x_wconf 86' lang='lat' dir='ltr'>bellare</span> <span class='ocrx_word' id='word_1_93' title='bbox 1211 758 1365 808; x_wconf 87' lang='lat' dir='ltr'>solitos,</span> <span class='ocrx_word' id='word_1_94' title='bbox 1390 759 1564 800; x_wconf 87' lang='lat' dir='ltr'>urbibus</span> 
     </span>
     <span class='ocr_line' id='line_1_12' title="bbox 160 815 1564 873; baseline 0.003 -19"><span class='ocrx_word' id='word_1_95' title='bbox 160 818 172 837; x_wconf 88' lang='lat'>‘</span> <span class='ocrx_word' id='word_1_96' title='bbox 184 828 366 870; x_wconf 83' lang='lat' dir='ltr'>parcere,</span> <span class='ocrx_word' id='word_1_97' title='bbox 386 824 592 870; x_wconf 88' lang='lat' dir='ltr'>quantum</span> <span class='ocrx_word' id='word_1_98' title='bbox 614 825 797 871; x_wconf 87' lang='lat' dir='ltr'>possent,</span> <span class='ocrx_word' id='word_1_99' title='bbox 821 830 905 871; x_wconf 90' lang='lat' dir='ltr'>quo</span> <span class='ocrx_word' id='word_1_100' title='bbox 927 815 1168 872; x_wconf 85' lang='lat' dir='ltr'>opulentius</span> <span class='ocrx_word' id='word_1_101' title='bbox 1188 816 1413 873; x_wconf 87' lang='lat' dir='ltr'>imperium</span> <span class='ocrx_word' id='word_1_102' title='bbox 1435 817 1564 858; x_wconf 85' lang='lat' dir='ltr'>habe-</span> 
     </span>
     <span class='ocr_line' id='line_1_13' title="bbox 159 871 1561 929; baseline 0.003 -17"><span class='ocrx_word' id='word_1_103' title='bbox 159 876 290 913; x_wconf 89' lang='lat' dir='ltr'>‘rent.</span> <span class='ocrx_word' id='word_1_104' title='bbox 354 871 467 913; x_wconf 88' lang='lat' dir='ltr'>Nam</span> <span class='ocrx_word' id='word_1_105' title='bbox 494 872 547 914; x_wconf 90' lang='lat' dir='ltr'>de</span> <span class='ocrx_word' id='word_1_106' title='bbox 577 888 757 929; x_wconf 89' lang='lat' dir='ltr'>quorum</span> <span class='ocrx_word' id='word_1_107' title='bbox 786 874 1045 929; x_wconf 84' lang='lat' dir='ltr'>possessione</span> <span class='ocrx_word' id='word_1_108' title='bbox 1074 874 1300 915; x_wconf 85' lang='lat' dir='ltr'>dimicetur</span> <span class='ocrx_word' id='word_1_109' title='bbox 1328 875 1561 925; x_wconf 90' lang='lat' dir='ltr'>tollentem,</span> 
     </span>
    </p>

    <p class='ocr_par' dir='ltr' id='par_1_4' title="bbox 127 930 1563 1434">
     <span class='ocr_line' id='line_1_14' title="bbox 127 930 1562 988; baseline 0.003 -18"><span class='ocrx_word' id='word_1_110' title='bbox 127 936 144 969; x_wconf 89' lang='lat'>5</span> <span class='ocrx_word' id='word_1_111' title='bbox 161 935 173 954; x_wconf 87' lang='lat'>‘</span> <span class='ocrx_word' id='word_1_112' title='bbox 187 930 295 971; x_wconf 91' lang='lat' dir='ltr'>nihil</span> <span class='ocrx_word' id='word_1_113' title='bbox 313 930 391 971; x_wconf 89' lang='lat' dir='ltr'>sibi</span> <span class='ocrx_word' id='word_1_114' title='bbox 412 940 579 986; x_wconf 89' lang='lat' dir='ltr'>praeter</span> <span class='ocrx_word' id='word_1_115' title='bbox 600 931 756 972; x_wconf 89' lang='lat' dir='ltr'>bellum</span> <span class='ocrx_word' id='word_1_116' title='bbox 781 932 1032 987; x_wconf 88' lang='lat' dir='ltr'>relinquere,</span> <span class='ocrx_word' id='word_1_117' title='bbox 1057 932 1172 988; x_wconf 88' lang='lat' dir='ltr'>quod</span> <span class='ocrx_word' id='word_1_118' title='bbox 1194 932 1416 974; x_wconf 88' lang='lat' dir='ltr'>consilium</span> <span class='ocrx_word' id='word_1_119' title='bbox 1442 935 1562 975; x_wconf 78' lang='lat' dir='ltr'>esse?</span> 
     </span>
     <span class='ocr_line' id='line_1_15' title="bbox 160 987 1561 1045; baseline 0.003 -17"><span class='ocrx_word' id='word_1_120' title='bbox 160 987 333 1029; x_wconf 88' lang='lat' dir='ltr'>‘Plures</span> <span class='ocrx_word' id='word_1_121' title='bbox 354 989 492 1045; x_wconf 89' lang='lat' dir='ltr'>priore</span> <span class='ocrx_word' id='word_1_122' title='bbox 515 1004 626 1030; x_wconf 90' lang='lat' dir='ltr'>anno</span> <span class='ocrx_word' id='word_1_123' title='bbox 654 989 861 1030; x_wconf 89' lang='lat' dir='ltr'>sociorum</span> <span class='ocrx_word' id='word_1_124' title='bbox 892 990 1015 1031; x_wconf 89' lang='lat' dir='ltr'>urbes</span> <span class='ocrx_word' id='word_1_125' title='bbox 1036 990 1081 1030; x_wconf 89' lang='lat' dir='ltr'>in</span> <span class='ocrx_word' id='word_1_126' title='bbox 1111 990 1328 1032; x_wconf 81' lang='lat' dir='ltr'>Thessalia</span> <span class='ocrx_word' id='word_1_127' title='bbox 1358 1001 1561 1033; x_wconf 82' lang='lat' dir='ltr'>evastasse</span> 
     </span>
     <span class='ocr_line' id='line_1_16' title="bbox 160 1045 1561 1104; baseline 0.003 -18"><span class='ocrx_word' id='word_1_128' title='bbox 160 1045 447 1102; x_wconf 81' lang='lat' dir='ltr'>‘Philippum,</span> <span class='ocrx_word' id='word_1_129' title='bbox 475 1062 602 1102; x_wconf 89' lang='lat' dir='ltr'>quam</span> <span class='ocrx_word' id='word_1_130' title='bbox 631 1063 790 1097; x_wconf 87' lang='lat' dir='ltr'>omncs,</span> <span class='ocrx_word' id='word_1_131' title='bbox 821 1048 895 1103; x_wconf 92' lang='lat' dir='ltr'>qui</span> <span class='ocrx_word' id='word_1_132' title='bbox 927 1063 1114 1104; x_wconf 85' lang='lat' dir='ltr'>unquam</span> <span class='ocrx_word' id='word_1_133' title='bbox 1146 1048 1286 1090; x_wconf 86' lang='lat' dir='ltr'>hostes</span> <span class='ocrx_word' id='word_1_134' title='bbox 1318 1049 1561 1090; x_wconf 80' lang='lat' dir='ltr'>Thessaliae</span> 
     </span>
     <span class='ocr_line' id='line_1_17' title="bbox 161 1104 1562 1163; baseline 0.003 -19"><span class='ocrx_word' id='word_1_135' title='bbox 161 1104 367 1145; x_wconf 78' lang='lat' dir='ltr'>‘fuerintz</span> <span class='ocrx_word' id='word_1_136' title='bbox 412 1105 510 1160; x_wconf 91' lang='lat' dir='ltr'>ipsis</span> <span class='ocrx_word' id='word_1_137' title='bbox 544 1121 713 1161; x_wconf 87' lang='lat' dir='ltr'>quoquc</span> <span class='ocrx_word' id='word_1_138' title='bbox 748 1105 913 1146; x_wconf 84' lang='lat' dir='ltr'>Aetolis</span> <span class='ocrx_word' id='word_1_139' title='bbox 949 1121 1045 1147; x_wconf 88' lang='lat' dir='ltr'>eum</span> <span class='ocrx_word' id='word_1_140' title='bbox 1078 1105 1200 1161; x_wconf 89' lang='lat' dir='ltr'>plura</span> <span class='ocrx_word' id='word_1_141' title='bbox 1229 1107 1401 1156; x_wconf 87' lang='lat' dir='ltr'>socium,</span> <span class='ocrx_word' id='word_1_142' title='bbox 1436 1123 1562 1163; x_wconf 87' lang='lat' dir='ltr'>quam</span> 
     </span>
     <span class='ocr_line' id='line_1_18' title="bbox 160 1162 1563 1220; baseline 0.003 -18"><span class='ocrx_word' id='word_1_143' title='bbox 160 1162 362 1211; x_wconf 83' lang='lat' dir='ltr'>‘hostem,</span> <span class='ocrx_word' id='word_1_144' title='bbox 386 1162 602 1203; x_wconf 85' lang='lat' dir='ltr'>ademisse.</span> <span class='ocrx_word' id='word_1_145' title='bbox 666 1163 992 1219; x_wconf 73' lang='lat' dir='ltr'>Lysimachiam,</span> <span class='ocrx_word' id='word_1_146' title='bbox 1016 1164 1137 1220; x_wconf 87' lang='lat' dir='ltr'>pulso</span> <span class='ocrx_word' id='word_1_147' title='bbox 1165 1174 1356 1220; x_wconf 85' lang='lat' dir='ltr'>praetore</span> <span class='ocrx_word' id='word_1_148' title='bbox 1379 1174 1420 1206; x_wconf 90' lang='lat' dir='ltr'>et</span> <span class='ocrx_word' id='word_1_149' title='bbox 1442 1181 1563 1219; x_wconf 88' lang='lat' dir='ltr'>prae-</span> 
     </span>
     <span class='ocr_line' id='line_1_19' title="bbox 161 1219 1563 1276; baseline 0.003 -16"><span class='ocrx_word' id='word_1_150' title='bbox 161 1219 291 1261; x_wconf 85' lang='lat' dir='ltr'>‘sidio</span> <span class='ocrx_word' id='word_1_151' title='bbox 315 1220 581 1269; x_wconf 82' lang='lat' dir='ltr'>Aetolorum,</span> <span class='ocrx_word' id='word_1_152' title='bbox 604 1235 829 1276; x_wconf 84' lang='lat' dir='ltr'>occupasse</span> <span class='ocrx_word' id='word_1_153' title='bbox 855 1236 965 1262; x_wconf 90' lang='lat' dir='ltr'>eum.</span> <span class='ocrx_word' id='word_1_154' title='bbox 1033 1221 1162 1262; x_wconf 87' lang='lat' dir='ltr'>Cium</span> <span class='ocrx_word' id='word_1_155' title='bbox 1185 1223 1285 1263; x_wconf 88' lang='lat' dir='ltr'>item</span> <span class='ocrx_word' id='word_1_156' title='bbox 1316 1237 1413 1263; x_wconf 83' lang='lat' dir='ltr'>suae</span> <span class='ocrx_word' id='word_1_157' title='bbox 1437 1223 1563 1264; x_wconf 90' lang='lat' dir='ltr'>ditio—</span> 
     </span>
     <span class='ocr_line' id='line_1_20' title="bbox 160 1277 1561 1322; baseline 0.004 -5"><span class='ocrx_word' id='word_1_158' title='bbox 160 1277 250 1318; x_wconf 82' lang='lat' dir='ltr'>‘nis</span> <span class='ocrx_word' id='word_1_159' title='bbox 281 1278 428 1319; x_wconf 87' lang='lat' dir='ltr'>urbem</span> <span class='ocrx_word' id='word_1_160' title='bbox 460 1278 651 1319; x_wconf 88' lang='lat' dir='ltr'>funditus</span> <span class='ocrx_word' id='word_1_161' title='bbox 682 1279 878 1319; x_wconf 86' lang='lat' dir='ltr'>evertisse</span> <span class='ocrx_word' id='word_1_162' title='bbox 911 1294 958 1320; x_wconf 87' lang='lat' dir='ltr'>ac</span> <span class='ocrx_word' id='word_1_163' title='bbox 989 1278 1160 1320; x_wconf 85' lang='lat' dir='ltr'>delesse.</span> <span class='ocrx_word' id='word_1_164' title='bbox 1226 1280 1388 1321; x_wconf 86' lang='lat' dir='ltr'>Eadem</span> <span class='ocrx_word' id='word_1_165' title='bbox 1416 1281 1561 1322; x_wconf 83' lang='lat' dir='ltr'>fraude</span> 
     </span>
     <span class='ocr_line' id='line_1_21' title="bbox 160 1335 1563 1388; baseline 0.003 -12"><span class='ocrx_word' id='word_1_166' title='bbox 160 1340 172 1358; x_wconf 76' lang='lat'><strong><em>⁶</em></strong></span> <span class='ocrx_word' id='word_1_167' title='bbox 184 1335 338 1377; x_wconf 88' lang='lat' dir='ltr'>habere</span> <span class='ocrx_word' id='word_1_168' title='bbox 356 1351 454 1377; x_wconf 90' lang='lat' dir='ltr'>eum</span> <span class='ocrx_word' id='word_1_169' title='bbox 479 1335 649 1378; x_wconf 86' lang='lat' dir='ltr'>Thebas</span> <span class='ocrx_word' id='word_1_170' title='bbox 666 1335 857 1387; x_wconf 85' lang='lat' dir='ltr'>Phthias,</span> <span class='ocrx_word' id='word_1_171' title='bbox 877 1336 1104 1387; x_wconf 87' lang='lat' dir='ltr'>Echinum,</span> <span class='ocrx_word' id='word_1_172' title='bbox 1123 1337 1346 1388; x_wconf 80' lang='lat' dir='ltr'>Larissam,</span> <span class='ocrx_word' id='word_1_173' title='bbox 1365 1348 1407 1379; x_wconf 89' lang='lat' dir='ltr'>et</span> <span class='ocrx_word' id='word_1_174' title='bbox 1429 1338 1563 1380; x_wconf 90' lang='lat' dir='ltr'>Phar-</span> 
     </span>
     <span class='ocr_line' id='line_1_22' title="bbox 160 1392 347 1434; baseline 0 0"><span class='ocrx_word' id='word_1_175' title='bbox 160 1398 172 1416; x_wconf 86' lang='lat'>‘</span> <span class='ocrx_word' id='word_1_176' title='bbox 187 1392 347 1434; x_wconf 84' lang='lat' dir='ltr'>salum.&#39;</span> 
     </span>
    </p>

    <p class='ocr_par' dir='ltr' id='par_1_5' title="bbox 158 1450 1564 2724">
     <span class='ocr_line' id='line_1_23' title="bbox 216 1450 1562 1510; baseline 0.003 -18"><span class='ocrx_word' id='word_1_177' title='bbox 216 1450 363 1493; x_wconf 89' lang='lat' dir='ltr'>Motus</span> <span class='ocrx_word' id='word_1_178' title='bbox 391 1451 579 1493; x_wconf 86' lang='lat' dir='ltr'>oratione</span> <span class='ocrx_word' id='word_1_179' title='bbox 610 1452 845 1494; x_wconf 79' lang='lat' dir='ltr'>Alexandri</span> <span class='ocrx_word' id='word_1_180' title='bbox 872 1453 1095 1510; x_wconf 86' lang='lat' dir='ltr'>Philippus</span> <span class='ocrx_word' id='word_1_181' title='bbox 1124 1469 1287 1505; x_wconf 84' lang='lat' dir='ltr'>navem,</span> <span class='ocrx_word' id='word_1_182' title='bbox 1311 1463 1358 1496; x_wconf 89' lang='lat' dir='ltr'>ut</span> <span class='ocrx_word' id='word_1_183' title='bbox 1387 1455 1562 1496; x_wconf 88' lang='lat' dir='ltr'>exaudi-</span> 
     </span>
     <span class='ocr_line' id='line_1_24' title="bbox 158 1510 1561 1567; baseline 0.003 -17"><span class='ocrx_word' id='word_1_184' title='bbox 158 1517 285 1559; x_wconf 86' lang='lat' dir='ltr'>retur,</span> <span class='ocrx_word' id='word_1_185' title='bbox 319 1510 491 1566; x_wconf 87' lang='lat' dir='ltr'>propius</span> <span class='ocrx_word' id='word_1_186' title='bbox 528 1518 680 1551; x_wconf 87' lang='lat' dir='ltr'>terram</span> <span class='ocrx_word' id='word_1_187' title='bbox 721 1510 935 1567; x_wconf 84' lang='lat' dir='ltr'>applicuit.</span> <span class='ocrx_word' id='word_1_188' title='bbox 1002 1512 1158 1553; x_wconf 89' lang='lat' dir='ltr'>Orsum</span> <span class='ocrx_word' id='word_1_189' title='bbox 1194 1527 1291 1553; x_wconf 90' lang='lat' dir='ltr'>eum</span> <span class='ocrx_word' id='word_1_190' title='bbox 1328 1513 1482 1563; x_wconf 87' lang='lat' dir='ltr'>dicere,</span> <span class='ocrx_word' id='word_1_191' title='bbox 1517 1513 1561 1554; x_wconf 91' lang='lat' dir='ltr'>in</span> 
     </span>
     <span class='ocr_line' id='line_1_25' title="bbox 160 1567 1560 1620; baseline 0.003 -12"><span class='ocrx_word' id='word_1_192' title='bbox 160 1567 336 1608; x_wconf 88' lang='lat' dir='ltr'>Aetolos</span> <span class='ocrx_word' id='word_1_193' title='bbox 367 1568 563 1617; x_wconf 89' lang='lat' dir='ltr'>maxime,</span> <span class='ocrx_word' id='word_1_194' title='bbox 597 1568 813 1618; x_wconf 89' lang='lat' dir='ltr'>violenter,</span> <span class='ocrx_word' id='word_1_195' title='bbox 843 1569 1062 1611; x_wconf 88' lang='lat' dir='ltr'>Phaeneas</span> <span class='ocrx_word' id='word_1_196' title='bbox 1090 1570 1323 1620; x_wconf 83' lang='lat' dir='ltr'>interfatus,</span> <span class='ocrx_word' id='word_1_197' title='bbox 1358 1570 1486 1612; x_wconf 81' lang='lat' dir='ltr'>‘Non</span> <span class='ocrx_word' id='word_1_198' title='bbox 1517 1571 1560 1612; x_wconf 92' lang='lat' dir='ltr'>in</span> 
     </span>
     <span class='ocr_line' id='line_1_26' title="bbox 161 1625 1563 1679; baseline 0.003 -13"><span class='ocrx_word' id='word_1_199' title='bbox 161 1630 173 1648; x_wconf 85' lang='lat'>‘</span> <span class='ocrx_word' id='word_1_200' title='bbox 189 1625 325 1666; x_wconf 89' lang='lat' dir='ltr'>verbis</span> <span class='ocrx_word' id='word_1_201' title='bbox 346 1640 434 1666; x_wconf 90' lang='lat' dir='ltr'>rem</span> <span class='ocrx_word' id='word_1_202' title='bbox 460 1626 592 1676; x_wconf 80' lang='lat' dir='ltr'>verti,&#39;</span> <span class='ocrx_word' id='word_1_203' title='bbox 614 1627 694 1668; x_wconf 89' lang='lat' dir='ltr'>ait:</span> <span class='ocrx_word' id='word_1_204' title='bbox 731 1633 828 1668; x_wconf 84' lang='lat' dir='ltr'>‘aut</span> <span class='ocrx_word' id='word_1_205' title='bbox 847 1627 959 1669; x_wconf 89' lang='lat' dir='ltr'>bello</span> <span class='ocrx_word' id='word_1_206' title='bbox 987 1628 1255 1679; x_wconf 84' lang='lat' dir='ltr'>vincendum,</span> <span class='ocrx_word' id='word_1_207' title='bbox 1279 1637 1352 1670; x_wconf 87' lang='lat' dir='ltr'>aut</span> <span class='ocrx_word' id='word_1_208' title='bbox 1380 1629 1563 1670; x_wconf 91' lang='lat' dir='ltr'>meliori-</span> 
     </span>
     <span class='ocr_line' id='line_1_27' title="bbox 162 1683 1561 1743; baseline 0.004 -20"><span class='ocrx_word' id='word_1_209' title='bbox 162 1688 173 1706; x_wconf 87' lang='lat'>‘</span> <span class='ocrx_word' id='word_1_210' title='bbox 186 1683 264 1724; x_wconf 89' lang='lat' dir='ltr'>bus</span> <span class='ocrx_word' id='word_1_211' title='bbox 280 1683 514 1740; x_wconf 88' lang='lat' dir='ltr'>parendum</span> <span class='ocrx_word' id='word_1_212' title='bbox 532 1699 632 1726; x_wconf 89' lang='lat' dir='ltr'>esse.</span> <span class='ocrx_word' id='word_1_213' title='bbox 686 1684 880 1742; x_wconf 89' lang='lat' dir='ltr'>Apparet</span> <span class='ocrx_word' id='word_1_214' title='bbox 897 1685 940 1726; x_wconf 89' lang='lat' dir='ltr'>id</span> <span class='ocrx_word' id='word_1_215' title='bbox 955 1686 1155 1742; x_wconf 87' lang='lat' dir='ltr'>quidem,’</span> <span class='ocrx_word' id='word_1_216' title='bbox 1168 1687 1308 1743; x_wconf 88' lang='lat' dir='ltr'>inquit</span> <span class='ocrx_word' id='word_1_217' title='bbox 1325 1687 1561 1743; x_wconf 90' lang='lat' dir='ltr'>Philippus,</span> 
     </span>
     <span class='ocr_line' id='line_1_28' title="bbox 161 1741 1559 1791; baseline 0.003 -9"><span class='ocrx_word' id='word_1_218' title='bbox 161 1746 173 1764; x_wconf 85' lang='lat'>‘</span> <span class='ocrx_word' id='word_1_219' title='bbox 189 1741 316 1782; x_wconf 83' lang='lat' dir='ltr'>etiam</span> <span class='ocrx_word' id='word_1_220' title='bbox 333 1742 501 1791; x_wconf 84' lang='lat' dir='ltr'>caeco;&#39;</span> <span class='ocrx_word' id='word_1_221' title='bbox 532 1742 690 1784; x_wconf 88' lang='lat' dir='ltr'>iocatus</span> <span class='ocrx_word' id='word_1_222' title='bbox 711 1743 756 1784; x_wconf 91' lang='lat' dir='ltr'>in</span> <span class='ocrx_word' id='word_1_223' title='bbox 776 1743 1062 1785; x_wconf 82' lang='lat' dir='ltr'>valetudinem</span> <span class='ocrx_word' id='word_1_224' title='bbox 1085 1744 1302 1786; x_wconf 88' lang='lat' dir='ltr'>oculorum</span> <span class='ocrx_word' id='word_1_225' title='bbox 1324 1745 1559 1787; x_wconf 85' lang='lat' dir='ltr'>Phaeneae.</span> 
     </span>
     <span class='ocr_line' id='line_1_29' title="bbox 160 1798 1564 1858; baseline 0.004 -18"><span class='ocrx_word' id='word_1_226' title='bbox 160 1798 218 1840; x_wconf 90' lang='lat' dir='ltr'>Et</span> <span class='ocrx_word' id='word_1_227' title='bbox 238 1808 327 1841; x_wconf 88' lang='lat' dir='ltr'>erat</span> <span class='ocrx_word' id='word_1_228' title='bbox 347 1799 529 1841; x_wconf 90' lang='lat' dir='ltr'>dicacior</span> <span class='ocrx_word' id='word_1_229' title='bbox 549 1810 711 1851; x_wconf 88' lang='lat' dir='ltr'>natura,</span> <span class='ocrx_word' id='word_1_230' title='bbox 727 1817 854 1857; x_wconf 88' lang='lat' dir='ltr'>quam</span> <span class='ocrx_word' id='word_1_231' title='bbox 876 1817 1019 1858; x_wconf 76' lang='lat' dir='ltr'>regem</span> <span class='ocrx_word' id='word_1_232' title='bbox 1041 1802 1175 1852; x_wconf 84' lang='lat' dir='ltr'>decet,</span> <span class='ocrx_word' id='word_1_233' title='bbox 1195 1811 1237 1844; x_wconf 87' lang='lat' dir='ltr'>et</span> <span class='ocrx_word' id='word_1_234' title='bbox 1257 1818 1311 1844; x_wconf 90' lang='lat' dir='ltr'>ne</span> <span class='ocrx_word' id='word_1_235' title='bbox 1333 1803 1444 1844; x_wconf 87' lang='lat' dir='ltr'>inter</span> <span class='ocrx_word' id='word_1_236' title='bbox 1457 1803 1564 1845; x_wconf 86' lang='lat' dir='ltr'>seria</span> 
     </span>
     <span class='ocr_line' id='line_1_30' title="bbox 160 1857 1564 1918; baseline 0.003 -20"><span class='ocrx_word' id='word_1_237' title='bbox 160 1857 333 1913; x_wconf 89' lang='lat' dir='ltr'>quidem</span> <span class='ocrx_word' id='word_1_238' title='bbox 350 1857 435 1899; x_wconf 89' lang='lat' dir='ltr'>risu</span> <span class='ocrx_word' id='word_1_239' title='bbox 449 1858 546 1900; x_wconf 89' lang='lat' dir='ltr'>satis</span> <span class='ocrx_word' id='word_1_240' title='bbox 563 1867 812 1916; x_wconf 88' lang='lat' dir='ltr'>temperans.</span> <span class='ocrx_word' id='word_1_241' title='bbox 876 1859 1096 1916; x_wconf 77' lang='lat' dir='ltr'>Indignari</span> <span class='ocrx_word' id='word_1_242' title='bbox 1113 1860 1211 1902; x_wconf 90' lang='lat' dir='ltr'>inde</span> <span class='ocrx_word' id='word_1_243' title='bbox 1230 1861 1382 1918; x_wconf 90' lang='lat' dir='ltr'>coepit,</span> <span class='ocrx_word' id='word_1_244' title='bbox 1403 1866 1415 1885; x_wconf 81' lang='lat'>‘</span> <span class='ocrx_word' id='word_1_245' title='bbox 1429 1861 1564 1903; x_wconf 86' lang='lat' dir='ltr'>Aeto-</span> 
     </span>
     <span class='ocr_line' id='line_1_31' title="bbox 161 1914 1563 1976; baseline 0.004 -21"><span class='ocrx_word' id='word_1_246' title='bbox 161 1914 261 1966; x_wconf 87' lang='lat' dir='ltr'>‘los,</span> <span class='ocrx_word' id='word_1_247' title='bbox 285 1923 485 1972; x_wconf 86' lang='lat' dir='ltr'>tanquam</span> <span class='ocrx_word' id='word_1_248' title='bbox 516 1916 743 1967; x_wconf 87' lang='lat' dir='ltr'>Romanos,</span> <span class='ocrx_word' id='word_1_249' title='bbox 768 1917 917 1959; x_wconf 90' lang='lat' dir='ltr'>decedi</span> <span class='ocrx_word' id='word_1_250' title='bbox 949 1917 1128 1960; x_wconf 88' lang='lat' dir='ltr'>Graecia</span> <span class='ocrx_word' id='word_1_251' title='bbox 1153 1919 1323 1960; x_wconf 89' lang='lat' dir='ltr'>iubere:</span> <span class='ocrx_word' id='word_1_252' title='bbox 1358 1919 1445 1975; x_wconf 91' lang='lat' dir='ltr'>qui,</span> <span class='ocrx_word' id='word_1_253' title='bbox 1469 1920 1563 1976; x_wconf 92' lang='lat' dir='ltr'>qui-</span> 
     </span>
     <span class='ocr_line' id='line_1_32' title="bbox 161 1973 1561 2034; baseline 0.003 -20"><span class='ocrx_word' id='word_1_254' title='bbox 161 1973 266 2014; x_wconf 89' lang='lat' dir='ltr'>‘bus</span> <span class='ocrx_word' id='word_1_255' title='bbox 286 1973 441 2015; x_wconf 91' lang='lat' dir='ltr'>finibus</span> <span class='ocrx_word' id='word_1_256' title='bbox 465 1973 646 2016; x_wconf 87' lang='lat' dir='ltr'>Graecia</span> <span class='ocrx_word' id='word_1_257' title='bbox 673 1975 738 2025; x_wconf 90' lang='lat' dir='ltr'>sit,</span> <span class='ocrx_word' id='word_1_258' title='bbox 762 1976 902 2017; x_wconf 86' lang='lat' dir='ltr'>dicere</span> <span class='ocrx_word' id='word_1_259' title='bbox 931 1992 1017 2018; x_wconf 90' lang='lat' dir='ltr'>non</span> <span class='ocrx_word' id='word_1_260' title='bbox 1046 1977 1218 2033; x_wconf 86' lang='lat' dir='ltr'>possint.</span> <span class='ocrx_word' id='word_1_261' title='bbox 1281 1977 1419 2034; x_wconf 87' lang='lat' dir='ltr'>Ipsius</span> <span class='ocrx_word' id='word_1_262' title='bbox 1447 1978 1561 2019; x_wconf 87' lang='lat' dir='ltr'>enim</span> 
     </span>
     <span class='ocr_line' id='line_1_33' title="bbox 161 2030 1560 2091; baseline 0.003 -19"><span class='ocrx_word' id='word_1_263' title='bbox 161 2030 380 2073; x_wconf 85' lang='lat' dir='ltr'>‘Aetoliae</span> <span class='ocrx_word' id='word_1_264' title='bbox 419 2032 620 2088; x_wconf 83' lang='lat' dir='ltr'>AgranS,</span> <span class='ocrx_word' id='word_1_265' title='bbox 659 2033 979 2090; x_wconf 87' lang='lat' dir='ltr'>Apodotosque,</span> <span class='ocrx_word' id='word_1_266' title='bbox 1016 2043 1058 2076; x_wconf 88' lang='lat' dir='ltr'>et</span> <span class='ocrx_word' id='word_1_267' title='bbox 1093 2034 1415 2090; x_wconf 87' lang='lat' dir='ltr'>Amphilochos,</span> <span class='ocrx_word' id='word_1_268' title='bbox 1453 2051 1560 2091; x_wconf 91' lang='lat' dir='ltr'>quae</span> 
     </span>
     <span class='ocr_line' id='line_1_34' title="bbox 162 2091 1561 2149; baseline 0.004 -20"><span class='ocrx_word' id='word_1_269' title='bbox 162 2093 415 2145; x_wconf 82' lang='lat' dir='ltr'>‘permagna</span> <span class='ocrx_word' id='word_1_270' title='bbox 435 2105 578 2131; x_wconf 89' lang='lat' dir='ltr'>eorum</span> <span class='ocrx_word' id='word_1_271' title='bbox 602 2106 696 2147; x_wconf 88' lang='lat' dir='ltr'>pars</span> <span class='ocrx_word' id='word_1_272' title='bbox 721 2092 786 2141; x_wconf 88' lang='lat' dir='ltr'>sit,</span> <span class='ocrx_word' id='word_1_273' title='bbox 813 2091 1036 2133; x_wconf 84' lang='lat' dir='ltr'>Graeciam</span> <span class='ocrx_word' id='word_1_274' title='bbox 1065 2107 1151 2133; x_wconf 89' lang='lat' dir='ltr'>non</span> <span class='ocrx_word' id='word_1_275' title='bbox 1173 2107 1272 2133; x_wconf 90' lang='lat' dir='ltr'>esse.</span> <span class='ocrx_word' id='word_1_276' title='bbox 1336 2093 1423 2142; x_wconf 88' lang='lat' dir='ltr'>An,</span> <span class='ocrx_word' id='word_1_277' title='bbox 1447 2093 1561 2149; x_wconf 88' lang='lat' dir='ltr'>quod</span> 
     </span>
     <span class='ocr_line' id='line_1_35' title="bbox 162 2147 1559 2206; baseline 0.004 -19"><span class='ocrx_word' id='word_1_278' title='bbox 162 2151 210 2187; x_wconf 87' lang='lat' dir='ltr'>‘a</span> <span class='ocrx_word' id='word_1_279' title='bbox 230 2147 352 2188; x_wconf 89' lang='lat' dir='ltr'>sociis</span> <span class='ocrx_word' id='word_1_280' title='bbox 380 2162 525 2188; x_wconf 88' lang='lat' dir='ltr'>eorum</span> <span class='ocrx_word' id='word_1_281' title='bbox 547 2164 633 2189; x_wconf 90' lang='lat' dir='ltr'>non</span> <span class='ocrx_word' id='word_1_282' title='bbox 662 2149 948 2199; x_wconf 84' lang='lat' dir='ltr'>abstinuerim,</span> <span class='ocrx_word' id='word_1_283' title='bbox 972 2150 1121 2191; x_wconf 88' lang='lat' dir='ltr'>iustam</span> <span class='ocrx_word' id='word_1_284' title='bbox 1145 2150 1360 2206; x_wconf 88' lang='lat' dir='ltr'>querelam</span> <span class='ocrx_word' id='word_1_285' title='bbox 1388 2151 1559 2200; x_wconf 88' lang='lat' dir='ltr'>habent,</span> 
     </span>
     <span class='ocr_line' id='line_1_36' title="bbox 162 2205 1563 2263; baseline 0.004 -18"><span class='ocrx_word' id='word_1_286' title='bbox 162 2209 318 2261; x_wconf 87' lang='lat' dir='ltr'>‘quum</span> <span class='ocrx_word' id='word_1_287' title='bbox 341 2205 420 2261; x_wconf 90' lang='lat' dir='ltr'>ipsi</span> <span class='ocrx_word' id='word_1_288' title='bbox 442 2221 516 2261; x_wconf 91' lang='lat' dir='ltr'>pro</span> <span class='ocrx_word' id='word_1_289' title='bbox 538 2206 630 2262; x_wconf 81' lang='lat' dir='ltr'>lege</span> <span class='ocrx_word' id='word_1_290' title='bbox 653 2206 765 2248; x_wconf 88' lang='lat' dir='ltr'>hunc</span> <span class='ocrx_word' id='word_1_291' title='bbox 788 2207 1021 2263; x_wconf 85' lang='lat' dir='ltr'>antiquitus</span> <span class='ocrx_word' id='word_1_292' title='bbox 1042 2223 1199 2249; x_wconf 86' lang='lat' dir='ltr'>morem</span> <span class='ocrx_word' id='word_1_293' title='bbox 1219 2217 1398 2258; x_wconf 79' lang='lat' dir='ltr'>servent,</span> <span class='ocrx_word' id='word_1_294' title='bbox 1421 2218 1467 2250; x_wconf 89' lang='lat' dir='ltr'>ut</span> <span class='ocrx_word' id='word_1_295' title='bbox 1489 2209 1563 2250; x_wconf 88' lang='lat' dir='ltr'>ad-</span> 
     </span>
     <span class='ocr_line' id='line_1_37' title="bbox 162 2263 1560 2323; baseline 0.004 -20"><span class='ocrx_word' id='word_1_296' title='bbox 162 2267 328 2304; x_wconf 85' lang='lat' dir='ltr'>‘versus</span> <span class='ocrx_word' id='word_1_297' title='bbox 350 2263 482 2304; x_wconf 87' lang='lat' dir='ltr'>socios</span> <span class='ocrx_word' id='word_1_298' title='bbox 504 2264 583 2320; x_wconf 89' lang='lat' dir='ltr'>ipsi</span> <span class='ocrx_word' id='word_1_299' title='bbox 605 2279 712 2314; x_wconf 89' lang='lat' dir='ltr'>suos,</span> <span class='ocrx_word' id='word_1_300' title='bbox 731 2265 899 2321; x_wconf 86' lang='lat' dir='ltr'>publica</span> <span class='ocrx_word' id='word_1_301' title='bbox 920 2274 1084 2307; x_wconf 87' lang='lat' dir='ltr'>tantum</span> <span class='ocrx_word' id='word_1_302' title='bbox 1107 2266 1353 2307; x_wconf 84' lang='lat' dir='ltr'>auctoritate</span> <span class='ocrx_word' id='word_1_303' title='bbox 1376 2267 1560 2323; x_wconf 88' lang='lat' dir='ltr'>dempta,</span> 
     </span>
     <span class='ocr_line' id='line_1_38' title="bbox 162 2319 1559 2381; baseline 0.003 -20"><span class='ocrx_word' id='word_1_304' title='bbox 162 2320 452 2362; x_wconf 82' lang='lat' dir='ltr'>‘iuventutem</span> <span class='ocrx_word' id='word_1_305' title='bbox 484 2337 600 2362; x_wconf 87' lang='lat' dir='ltr'>suam</span> <span class='ocrx_word' id='word_1_306' title='bbox 630 2319 809 2364; x_wconf 83' lang='lat' dir='ltr'>militare</span> <span class='ocrx_word' id='word_1_307' title='bbox 841 2323 993 2373; x_wconf 88' lang='lat' dir='ltr'>sinant,</span> <span class='ocrx_word' id='word_1_308' title='bbox 1023 2333 1065 2364; x_wconf 93' lang='lat' dir='ltr'>ct</span> <span class='ocrx_word' id='word_1_309' title='bbox 1097 2325 1328 2365; x_wconf 86' lang='lat' dir='ltr'>contrariae</span> <span class='ocrx_word' id='word_1_310' title='bbox 1361 2340 1559 2381; x_wconf 85' lang='lat' dir='ltr'>persaepe</span> 
     </span>
     <span class='ocr_line' id='line_1_39' title="bbox 162 2378 1560 2438; baseline 0.003 -19"><span class='ocrx_word' id='word_1_311' title='bbox 162 2378 296 2420; x_wconf 83' lang='lat' dir='ltr'>‘acies</span> <span class='ocrx_word' id='word_1_312' title='bbox 325 2379 369 2419; x_wconf 91' lang='lat' dir='ltr'>in</span> <span class='ocrx_word' id='word_1_313' title='bbox 396 2388 575 2435; x_wconf 87' lang='lat' dir='ltr'>utraque</span> <span class='ocrx_word' id='word_1_314' title='bbox 607 2389 724 2436; x_wconf 88' lang='lat' dir='ltr'>parte</span> <span class='ocrx_word' id='word_1_315' title='bbox 752 2380 948 2422; x_wconf 88' lang='lat' dir='ltr'>Aetolica</span> <span class='ocrx_word' id='word_1_316' title='bbox 976 2381 1133 2422; x_wconf 89' lang='lat' dir='ltr'>auxilia</span> <span class='ocrx_word' id='word_1_317' title='bbox 1160 2382 1373 2423; x_wconf 78' lang='lat' dir='ltr'>habeant?</span> <span class='ocrx_word' id='word_1_318' title='bbox 1407 2382 1560 2438; x_wconf 85' lang='lat' dir='ltr'>Neque</span> 
     </span>
     <span class='ocr_line' id='line_1_40' title="bbox 163 2435 1562 2496; baseline 0.004 -20"><span class='ocrx_word' id='word_1_319' title='bbox 163 2441 174 2459; x_wconf 85' lang='lat'>‘</span> <span class='ocrx_word' id='word_1_320' title='bbox 190 2451 268 2492; x_wconf 82' lang='lat' dir='ltr'>ego</span> <span class='ocrx_word' id='word_1_321' title='bbox 293 2435 421 2477; x_wconf 82' lang='lat' dir='ltr'>Cium</span> <span class='ocrx_word' id='word_1_322' title='bbox 444 2438 696 2494; x_wconf 82' lang='lat' dir='ltr'>expugnavi,</span> <span class='ocrx_word' id='word_1_323' title='bbox 720 2439 795 2480; x_wconf 90' lang='lat' dir='ltr'>sed</span> <span class='ocrx_word' id='word_1_324' title='bbox 819 2439 1010 2480; x_wconf 86' lang='lat' dir='ltr'>Prusiam</span> <span class='ocrx_word' id='word_1_325' title='bbox 1039 2439 1198 2480; x_wconf 88' lang='lat' dir='ltr'>socium</span> <span class='ocrx_word' id='word_1_326' title='bbox 1221 2450 1263 2481; x_wconf 92' lang='lat' dir='ltr'>et</span> <span class='ocrx_word' id='word_1_327' title='bbox 1284 2440 1466 2481; x_wconf 84' lang='lat' dir='ltr'>amicum</span> <span class='ocrx_word' id='word_1_328' title='bbox 1488 2456 1562 2496; x_wconf 91' lang='lat' dir='ltr'>op-</span> 
     </span>
     <span class='ocr_line' id='line_1_41' title="bbox 163 2495 1563 2553; baseline 0.004 -19"><span class='ocrx_word' id='word_1_329' title='bbox 163 2499 448 2550; x_wconf 83' lang='lat' dir='ltr'>‘pugnantcm</span> <span class='ocrx_word' id='word_1_330' title='bbox 477 2495 645 2537; x_wconf 89' lang='lat' dir='ltr'>adiuvi:</span> <span class='ocrx_word' id='word_1_331' title='bbox 680 2505 722 2537; x_wconf 90' lang='lat' dir='ltr'>ct</span> <span class='ocrx_word' id='word_1_332' title='bbox 751 2496 1064 2553; x_wconf 87' lang='lat' dir='ltr'>Lysimachiam</span> <span class='ocrx_word' id='word_1_333' title='bbox 1087 2498 1137 2538; x_wconf 90' lang='lat' dir='ltr'>ab</span> <span class='ocrx_word' id='word_1_334' title='bbox 1168 2497 1403 2539; x_wconf 90' lang='lat' dir='ltr'>Thracibus</span> <span class='ocrx_word' id='word_1_335' title='bbox 1424 2498 1563 2539; x_wconf 87' lang='lat' dir='ltr'>vindi-</span> 
     </span>
     <span class='ocr_line' id='line_1_42' title="bbox 164 2552 1563 2609; baseline 0.004 -18"><span class='ocrx_word' id='word_1_336' title='bbox 164 2552 301 2601; x_wconf 83' lang='lat' dir='ltr'>‘cavi3</span> <span class='ocrx_word' id='word_1_337' title='bbox 339 2552 425 2602; x_wconf 89' lang='lat' dir='ltr'>sed,</span> <span class='ocrx_word' id='word_1_338' title='bbox 458 2553 557 2609; x_wconf 86' lang='lat' dir='ltr'>quia</span> <span class='ocrx_word' id='word_1_339' title='bbox 588 2569 655 2594; x_wconf 92' lang='lat' dir='ltr'>me</span> <span class='ocrx_word' id='word_1_340' title='bbox 687 2555 910 2596; x_wconf 87' lang='lat' dir='ltr'>necessitas</span> <span class='ocrx_word' id='word_1_341' title='bbox 941 2555 995 2596; x_wconf 87' lang='lat' dir='ltr'>ad</span> <span class='ocrx_word' id='word_1_342' title='bbox 1026 2555 1105 2596; x_wconf 90' lang='lat' dir='ltr'>hoc</span> <span class='ocrx_word' id='word_1_343' title='bbox 1136 2555 1294 2597; x_wconf 88' lang='lat' dir='ltr'>bellum</span> <span class='ocrx_word' id='word_1_344' title='bbox 1319 2571 1343 2597; x_wconf 89' lang='lat' dir='ltr'>a</span> <span class='ocrx_word' id='word_1_345' title='bbox 1373 2556 1563 2597; x_wconf 88' lang='lat' dir='ltr'>custodia</span> 
     </span>
     <span class='ocr_line' id='line_1_43' title="bbox 165 2608 1562 2660; baseline 0.004 -11"><span class='ocrx_word' id='word_1_346' title='bbox 165 2608 278 2650; x_wconf 90' lang='lat' dir='ltr'>‘eius</span> <span class='ocrx_word' id='word_1_347' title='bbox 309 2610 468 2660; x_wconf 79' lang='lat' dir='ltr'>avertit,</span> <span class='ocrx_word' id='word_1_348' title='bbox 502 2611 687 2652; x_wconf 81' lang='lat' dir='ltr'>Thraces</span> <span class='ocrx_word' id='word_1_349' title='bbox 719 2612 887 2653; x_wconf 84' lang='lat' dir='ltr'>habent.</span> <span class='ocrx_word' id='word_1_350' title='bbox 952 2612 1009 2654; x_wconf 89' lang='lat' dir='ltr'>Et</span> <span class='ocrx_word' id='word_1_351' title='bbox 1040 2613 1204 2654; x_wconf 88' lang='lat' dir='ltr'>Aetolis</span> <span class='ocrx_word' id='word_1_352' title='bbox 1235 2613 1350 2655; x_wconf 89' lang='lat' dir='ltr'>haec.</span> <span class='ocrx_word' id='word_1_353' title='bbox 1415 2613 1562 2655; x_wconf 87' lang='lat' dir='ltr'>Attalo</span> 
     </span>
     <span class='ocr_line' id='line_1_44' title="bbox 166 2666 1563 2724; baseline 0.004 -17"><span class='ocrx_word' id='word_1_354' title='bbox 166 2671 330 2707; x_wconf 88' lang='lat' dir='ltr'>‘autem</span> <span class='ocrx_word' id='word_1_355' title='bbox 356 2666 619 2724; x_wconf 88' lang='lat' dir='ltr'>Rhodiisque</span> <span class='ocrx_word' id='word_1_356' title='bbox 641 2669 747 2710; x_wconf 89' lang='lat' dir='ltr'>nihil</span> <span class='ocrx_word' id='word_1_357' title='bbox 770 2671 859 2711; x_wconf 87' lang='lat' dir='ltr'>iure</span> <span class='ocrx_word' id='word_1_358' title='bbox 882 2670 1029 2712; x_wconf 90' lang='lat' dir='ltr'>debeo.</span> <span class='ocrx_word' id='word_1_359' title='bbox 1094 2670 1195 2712; x_wconf 90' lang='lat' dir='ltr'>Non</span> <span class='ocrx_word' id='word_1_360' title='bbox 1213 2671 1327 2712; x_wconf 89' lang='lat' dir='ltr'>enim</span> <span class='ocrx_word' id='word_1_361' title='bbox 1345 2687 1369 2712; x_wconf 92' lang='lat' dir='ltr'>a</span> <span class='ocrx_word' id='word_1_362' title='bbox 1389 2687 1469 2721; x_wconf 88' lang='lat' dir='ltr'>me,</span> <span class='ocrx_word' id='word_1_363' title='bbox 1488 2671 1563 2712; x_wconf 90' lang='lat' dir='ltr'>sed</span> 
     </span>
    </p>
   </div>
   <div class='ocr_carea' id='block_1_3' title="bbox 164 2792 1564 2879">
    <p class='ocr_par' dir='ltr' id='par_1_6' title="bbox 164 2792 1564 2879">
     <span class='ocr_line' id='line_1_45' title="bbox 206 2792 1561 2836; baseline 0.002 -13"><span class='ocrx_word' id='word_1_364' title='bbox 206 2803 225 2829; x_wconf 89' lang='lat'>4</span> <span class='ocrx_word' id='word_1_365' title='bbox 254 2793 296 2823; x_wconf 77' lang='lat' dir='ltr'>Ut</span> <span class='ocrx_word' id='word_1_366' title='bbox 320 2792 406 2821; x_wconf 77' lang='lat' dir='ltr'>inter</span> <span class='ocrx_word' id='word_1_367' title='bbox 429 2793 572 2830; x_wconf 77' lang='lat' dir='ltr'>Aetolos]</span> <span class='ocrx_word' id='word_1_368' title='bbox 613 2793 634 2823; x_wconf 86' lang='lat' dir='ltr'>i.</span> <span class='ocrx_word' id='word_1_369' title='bbox 651 2804 677 2824; x_wconf 86' lang='lat' dir='ltr'>e.</span> <span class='ocrx_word' id='word_1_370' title='bbox 702 2794 768 2829; x_wconf 79' lang='lat' dir='ltr'>Qui</span> <span class='ocrx_word' id='word_1_371' title='bbox 797 2794 840 2824; x_wconf 81' lang='lat' dir='ltr'>fa-</span> <span class='ocrx_word' id='word_1_372' title='bbox 887 2795 944 2832; x_wconf 86' lang='lat' dir='ltr'>lat,</span> <span class='ocrx_word' id='word_1_373' title='bbox 965 2794 984 2825; x_wconf 84' lang='lat' dir='ltr'>i.</span> <span class='ocrx_word' id='word_1_374' title='bbox 1008 2805 1035 2825; x_wconf 85' lang='lat' dir='ltr'>c.</span> <span class='ocrx_word' id='word_1_375' title='bbox 1059 2796 1183 2834; x_wconf 76' lang='lat' dir='ltr'>perdat,</span> <span class='ocrx_word' id='word_1_376' title='bbox 1206 2806 1244 2826; x_wconf 81' lang='lat' dir='ltr'>ea</span> <span class='ocrx_word' id='word_1_377' title='bbox 1271 2795 1340 2835; x_wconf 84' lang='lat' dir='ltr'>ipsa</span> <span class='ocrx_word' id='word_1_378' title='bbox 1367 2797 1407 2826; x_wconf 89' lang='lat' dir='ltr'>de</span> <span class='ocrx_word' id='word_1_379' title='bbox 1426 2807 1561 2836; x_wconf 84' lang='lat' dir='ltr'>quorum</span> 
     </span>
     <span class='ocr_line' id='line_1_46' title="bbox 164 2834 1564 2879; baseline 0.004 -16"><span class='ocrx_word' id='word_1_380' title='bbox 164 2834 300 2864; x_wconf 86' lang='lat' dir='ltr'>cundiae</span> <span class='ocrx_word' id='word_1_381' title='bbox 317 2834 413 2864; x_wconf 85' lang='lat' dir='ltr'>laude</span> <span class='ocrx_word' id='word_1_382' title='bbox 430 2844 493 2864; x_wconf 87' lang='lat' dir='ltr'>non</span> <span class='ocrx_word' id='word_1_383' title='bbox 511 2840 688 2867; x_wconf 85' lang='lat' dir='ltr'>censentur.</span> <span class='ocrx_word' id='word_1_384' title='bbox 714 2837 828 2867; x_wconf 64' lang='lat' dir='ltr'>Dalm.</span> <span class='ocrx_word' id='word_1_385' title='bbox 888 2837 1084 2877; x_wconf 87' lang='lat' dir='ltr'>possessione</span> <span class='ocrx_word' id='word_1_386' title='bbox 1114 2838 1296 2877; x_wconf 82' lang='lat' dir='ltr'>dimicetur,</span> <span class='ocrx_word' id='word_1_387' title='bbox 1326 2839 1406 2869; x_wconf 87' lang='lat' dir='ltr'>nihil</span> <span class='ocrx_word' id='word_1_388' title='bbox 1439 2843 1564 2879; x_wconf 83' lang='lat' dir='ltr'>praeter</span> 
     </span>
    </p>
   </div>
   <div class='ocr_carea' id='block_1_4' title="bbox 166 2878 1427 2959">
    <p class='ocr_par' dir='ltr' id='par_1_7' title="bbox 166 2878 1427 2959">
     <span class='ocr_line' id='line_1_47' title="bbox 209 2878 1427 2920; baseline 0.007 -15"><span class='ocrx_word' id='word_1_389' title='bbox 209 2887 225 2915; x_wconf 82' lang='lat'>5</span> <span class='ocrx_word' id='word_1_390' title='bbox 251 2878 342 2914; x_wconf 75' lang='lat' dir='ltr'>Quod</span> <span class='ocrx_word' id='word_1_391' title='bbox 367 2878 535 2907; x_wconf 67' lang='lat' dir='ltr'>consilium</span> <span class='ocrx_word' id='word_1_392' title='bbox 561 2879 643 2916; x_wconf 81' lang='lat' dir='ltr'>esse]</span> <span class='ocrx_word' id='word_1_393' title='bbox 675 2879 784 2914; x_wconf 77' lang='lat' dir='ltr'>Quale</span> <span class='ocrx_word' id='word_1_394' title='bbox 811 2889 840 2910; x_wconf 89' lang='lat' dir='ltr'>e-</span> <span class='ocrx_word' id='word_1_395' title='bbox 889 2880 1009 2911; x_wconf 88' lang='lat' dir='ltr'>bellum</span> <span class='ocrx_word' id='word_1_396' title='bbox 1028 2880 1086 2911; x_wconf 84' lang='lat' dir='ltr'>sibi</span> <span class='ocrx_word' id='word_1_397' title='bbox 1104 2881 1273 2920; x_wconf 84' lang='lat' dir='ltr'>relinquat.</span> <span class='ocrx_word' id='word_1_398' title='bbox 1299 2882 1427 2913; x_wconf 50' lang='lat' dir='ltr'>Rlscn.</span> 
     </span>
     <span class='ocr_line' id='line_1_48' title="bbox 166 2918 840 2959; baseline 0.006 -12"><span class='ocrx_word' id='word_1_399' title='bbox 166 2918 230 2949; x_wconf 86' lang='lat' dir='ltr'>nim</span> <span class='ocrx_word' id='word_1_400' title='bbox 258 2919 422 2949; x_wconf 59' lang='lat' dir='ltr'>consilium</span> <span class='ocrx_word' id='word_1_401' title='bbox 443 2930 509 2950; x_wconf 53' lang='lat' dir='ltr'>esse</span> <span class='ocrx_word' id='word_1_402' title='bbox 526 2920 604 2957; x_wconf 62' lang='lat' dir='ltr'>eius,</span> <span class='ocrx_word' id='word_1_403' title='bbox 621 2921 673 2959; x_wconf 79' lang='lat' dir='ltr'>qui</span> <span class='ocrx_word' id='word_1_404' title='bbox 692 2932 764 2952; x_wconf 80' lang='lat' dir='ltr'>cum</span> <span class='ocrx_word' id='word_1_405' title='bbox 783 2923 840 2951; x_wconf 83' lang='lat' dir='ltr'>tol-</span> 
     </span>
    </p>
   </div>
   <div class='ocr_carea' id='block_1_5' title="bbox 1573 247 1774 501">
    <p class='ocr_par' dir='ltr' id='par_1_8' title="bbox 1573 247 1774 501">
     <span class='ocr_line' id='line_1_49' title="bbox 1578 247 1774 287; baseline 0.005 -9"><span class='ocrx_word' id='word_1_406' title='bbox 1578 247 1620 278; x_wconf 83' lang='lat' dir='ltr'>U.</span> <span class='ocrx_word' id='word_1_407' title='bbox 1638 247 1676 278; x_wconf 85' lang='lat' dir='ltr'>C.</span> <span class='ocrx_word' id='word_1_408' title='bbox 1700 256 1774 287; x_wconf 79' lang='lat'>555.</span> 
     </span>
     <span class='ocr_line' id='line_1_50' title="bbox 1576 290 1772 330; baseline 0.01 -10"><span class='ocrx_word' id='word_1_409' title='bbox 1576 291 1613 320; x_wconf 77' lang='lat' dir='ltr'>A.</span> <span class='ocrx_word' id='word_1_410' title='bbox 1639 290 1677 321; x_wconf 89' lang='lat' dir='ltr'>C.</span> <span class='ocrx_word' id='word_1_411' title='bbox 1704 301 1772 330; x_wconf 83' lang='lat'>197.</span> 
     </span>
     <span class='ocr_line' id='line_1_51' title="bbox 1574 333 1752 364; baseline 0 -1"><span class='ocrx_word' id='word_1_412' title='bbox 1574 333 1752 364; x_wconf 81' lang='lat' dir='ltr'>Alexandri</span> 
     </span>
     <span class='ocr_line' id='line_1_52' title="bbox 1575 376 1772 406; baseline 0.005 -1"><span class='ocrx_word' id='word_1_413' title='bbox 1575 376 1683 406; x_wconf 79' lang='lat' dir='ltr'>Aetoli</span> <span class='ocrx_word' id='word_1_414' title='bbox 1706 387 1772 406; x_wconf 88' lang='lat' dir='ltr'>ora-</span> 
     </span>
     <span class='ocr_line' id='line_1_53' title="bbox 1573 418 1763 449; baseline 0.005 -1"><span class='ocrx_word' id='word_1_415' title='bbox 1573 419 1618 448; x_wconf 72' lang='lat' dir='ltr'>tio</span> <span class='ocrx_word' id='word_1_416' title='bbox 1635 418 1668 448; x_wconf 89' lang='lat' dir='ltr'>in</span> <span class='ocrx_word' id='word_1_417' title='bbox 1687 419 1763 449; x_wconf 84' lang='lat' dir='ltr'>Phi-</span> 
     </span>
     <span class='ocr_line' id='line_1_54' title="bbox 1575 461 1712 501; baseline 0.007 -10"><span class='ocrx_word' id='word_1_418' title='bbox 1575 461 1712 501; x_wconf 80' lang='lat' dir='ltr'>lippum.</span> 
     </span>
    </p>
   </div>
   <div class='ocr_carea' id='block_1_6' title="bbox 1575 1460 1722 1555">
    <p class='ocr_par' dir='ltr' id='par_1_9' title="bbox 1575 1460 1722 1555">
     <span class='ocr_line' id='line_1_55' title="bbox 1640 1460 1705 1498; baseline 0.015 -1"><span class='ocrx_word' id='word_1_419' title='bbox 1640 1460 1705 1498; x_wconf 79' lang='lat'>34.</span> 
     </span>
     <span class='ocr_line' id='line_1_56' title="bbox 1575 1516 1722 1555; baseline -0.007 -9"><span class='ocrx_word' id='word_1_420' title='bbox 1575 1516 1722 1555; x_wconf 86' lang='lat' dir='ltr'>Respon-</span> 
     </span>
    </p>
   </div>
   <div class='ocr_carea' id='block_1_7' title="bbox 1574 1559 1739 1589">
    <p class='ocr_par' dir='ltr' id='par_1_10' title="bbox 1574 1559 1739 1589">
     <span class='ocr_line' id='line_1_57' title="bbox 1574 1559 1739 1589; baseline -0.006 0"><span class='ocrx_word' id='word_1_421' title='bbox 1574 1569 1645 1589; x_wconf 85' lang='lat' dir='ltr'>sum</span> <span class='ocrx_word' id='word_1_422' title='bbox 1666 1559 1739 1589; x_wconf 70' lang='lat' dir='ltr'>Phi-</span> 
     </span>
    </p>
   </div>
   <div class='ocr_carea' id='block_1_8' title="bbox 1576 1602 1668 1641">
    <p class='ocr_par' dir='ltr' id='par_1_11' title="bbox 1576 1602 1668 1641">
     <span class='ocr_line' id='line_1_58' title="bbox 1576 1602 1668 1641; baseline 0 -9"><span class='ocrx_word' id='word_1_423' title='bbox 1576 1602 1668 1641; x_wconf 84' lang='lat' dir='ltr'>lippi.</span> 
     </span>
    </p>
   </div>
  </div>
 </body>
</html>
