1960 3218
565 144 692 186 LIB.
726 144 948 186 XXXIII.
997 144 1144 187 CAP,
1182 149 1246 186 12.
1549 146 1600 186 95

175 250 314 292 2quae
345 235 528 277 vanitate
560 251 634 277 sua
665 236 853 277 omnium
888 251 1008 277 aures
1038 235 1302 277 offendebat:
1339 242 1382 276 et
1403 234 1515 275 Phili

1518 249 1603 291 ppo
1618 243 1662 274 U.
1679 243 1718 274 C.
1742 250 1814 282 555.

205 292 382 343 sublato,
404 293 544 334 fractis
566 294 716 350 opibus
738 293 1010 335 Macedonici
1031 293 1163 349 regni,
1189 292 1365 334 Aetolos
1386 292 1603 333 habendos
1616 287 1656 318 A.
1680 287 1719 318 C.
1745 292 1814 327 Ι97·

209 350 413 392 Graeciae
441 351 634 392 dominos
665 355 877 393 cernebat.
943 351 1011 393 Ob
1034 367 1102 393 eas
1123 366 1266 392 causas
1287 350 1420 391 multa
1441 350 1601 399 sedulo,

205 418 253 450 ut
273 409 438 450 viliores
459 409 718 466 levioresque
740 410 854 466 apud
875 425 1020 451 omnes
1042 418 1181 451 essent
1201 417 1244 450 et
1265 408 1521 458 viderentur,
1543 408 1604 449 fa-

206 467 353 508 ciebat.

264 524 461 566 Indutiae
493 525 737 581 quindecim
774 525 939 567 dierum
972 525 1094 566 datae
1127 525 1237 566 hosti
1271 532 1402 574 erant,
1432 533 1475 565 et
1505 538 1603 564 cum

205 582 296 639 ipso
326 598 423 639 rege
455 583 731 625 constitutum
763 583 1044 640 colloquium:
1077 583 1196 625 cuius
1223 583 1468 639 priusquam
1497 591 1603 623 tem-

175 656 284 696 3pus
309 641 483 691 veniret,
516 641 559 682 in
591 641 813 683 consilium
845 642 1062 683 advocavit
1092 642 1235 683 socios.
1300 640 1477 690 Retulit,
1500 655 1603 695 quas

206 698 320 755 leges
355 699 468 756 pacis
508 699 695 756 placeret
730 700 825 741 dici.

206 757 350 813 paucis
366 758 618 799 sententiam
636 758 834 807 absolvit3
870 764 881 782 ‘
897 758 956 799 ita
972 757 1309 814 componendam
1331 772 1479 813 pacem
1501 771 1602 806 esse,

208 819 284 856 ‘ut
318 815 510 866 Graecia,
545 816 672 858 etiam
704 816 944 857 absentibus
978 816 1194 865 Romanis,
1227 815 1324 856 satis
1353 824 1504 871 potens
1537 822 1604 855 tu-

208 873 370 915 ‘endae
401 874 526 915 simul
555 875 669 931 pacis
699 874 988 930 libertatisque
1019 874 1154 916 esset.’
1213 873 1465 914 Aetolorum
1487 888 1605 929 aspe-

205 930 290 972 rior
310 932 442 973 oratio
462 932 555 982 fuit,
580 933 653 989 qui
679 948 813 989 pauca
834 932 1022 989 praefati,
1047 938 1057 955 ί
1074 940 1186 973 recte
1209 940 1335 988 atque
1358 931 1505 972 ordine
1527 931 1606 971 im-

208 993 471 1046 ‘peratorem
502 990 747 1032 Romanum
776 991 926 1040 facere,
949 990 1076 1047 quod,
1100 1005 1206 1046 quos
1235 989 1337 1031 belli
1368 989 1501 1030 socios
1531 989 1606 1029 ha-

209 1051 221 1069 ‘
236 1048 406 1098 buisset,
429 1064 526 1090 cum
557 1049 607 1090 iis
637 1049 968 1090 communicaret
987 1048 1101 1105 pacis
1123 1048 1320 1089 consilia:
1354 1047 1442 1088 falli
1463 1055 1604 1088 autem

210 1109 222 1127 ‘
237 1121 335 1147 eum
364 1115 452 1148 tota
471 1122 528 1156 re,
552 1107 585 1147 si
607 1116 679 1148 aut
703 1106 906 1148 Romanis
931 1122 1091 1163 pacem,
1115 1114 1187 1147 aut
1211 1105 1415 1147 Graeciae
1436 1105 1606 1146 liberta-

209 1167 324 1205 ‘tem
355 1164 453 1205 satis
483 1165 646 1206 firmam
679 1180 722 1205 se
754 1165 898 1206 credat
928 1164 1187 1213 relicturum,
1210 1164 1290 1205 nisi
1312 1163 1512 1219 Philippo
1534 1171 1607 1204 aut

210 1222 386 1272 ‘occiso,
413 1232 485 1263 aut
514 1238 645 1279 regno
676 1223 820 1278 pulso:
856 1237 964 1278 quae
996 1231 1174 1278 utraque
1205 1221 1408 1278 proclivia
1438 1236 1539 1270 esse,
1572 1220 1607 1261 si

209 1279 404 1321 ‘fortuna
424 1281 487 1321 uti
508 1281 660 1322 vellet.’
720 1281 793 1322 Ad
819 1281 924 1321 haec
949 1280 1178 1329 Quinctius
1208 1295 1375 1336 negare,
1401 1285 1412 1302 ⁶
1431 1278 1606 1320 Aetolos

209 1341 310 1379 ‘aut
339 1338 466 1380 moris
499 1339 789 1380 Romanorum
825 1354 1070 1388 memorem,
1107 1347 1180 1379 aut
1210 1338 1289 1379 sibi
1325 1337 1424 1393 ipsis
1455 1351 1608 1378 conve-

209 1396 426 1437 ‘nientem
459 1397 711 1438 sententiam
745 1397 926 1446 dixisse3
970 1406 1012 1438 et
1044 1396 1137 1437 illos
1171 1396 1380 1453 prioribus
1414 1394 1609 1436 omnibus

210 1457 223 1476 ‘
237 1453 425 1495 conciliis
446 1455 751 1511 colloquiisque
773 1455 826 1496 de
848 1454 1162 1496 conditionibus
1187 1454 1301 1511 pacis
1322 1468 1500 1510 semper,
1522 1467 1610 1493 non

210 1516 223 1535 ⁶
238 1521 286 1553 ut
316 1512 370 1553 ad
400 1512 735 1554 internecionem
767 1513 1007 1563 bellaretur,
1031 1513 1287 1562 disseruisse,
1311 1521 1354 1553 et
1380 1512 1608 1560 Romanos,

211 1574 223 1593 ‘
237 1579 404 1626 praeter
423 1571 753 1612 vetustissimum
775 1587 934 1613 morem
956 1571 1077 1612 victis
1097 1571 1312 1627 parcendi,
1335 1570 1610 1627 praecipuum

211 1632 224 1651 ⁶
239 1627 488 1670 clementiae
521 1629 825 1671 documentum
854 1629 1033 1679 dedisse,
1055 1644 1158 1685 pace
1182 1628 1418 1671 Hannibali
1440 1637 1482 1669 et
1506 1627 1612 1669 Car-

211 1690 224 1709 ‘
239 1686 573 1742 thaginiensibus
594 1688 703 1729 data.
759 1687 967 1729 Omittere
990 1703 1032 1728 se
1057 1686 1441 1743 Carthaginienses.
1498 1685 1610 1727 Cum

211 1743 441 1801 ‘Philippo
480 1745 570 1802 ipso
604 1746 770 1802 quoties
804 1754 980 1787 ventum
1016 1746 1061 1786 in
1097 1745 1386 1801 colloquium?
1423 1759 1501 1785 nec
1533 1759 1612 1784 un-

212 1805 225 1824 ⁶
239 1817 380 1858 quam,
403 1811 450 1844 ut
471 1803 641 1845 cederet
671 1819 815 1861 regno,
839 1812 980 1845 actum
1003 1804 1122 1845 esse?
1171 1803 1257 1853 An,
1281 1803 1381 1859 quia
1401 1803 1536 1843 victus
1566 1802 1611 1842 in

212 1860 399 1915 ‘proelio
429 1861 549 1911 foret,
584 1862 840 1918 inexpiabile
878 1861 1038 1903 bellum
1069 1862 1256 1902 factum?
1310 1860 1422 1902 Cum
1451 1869 1611 1901 armato

178 1935 199 1963 4
213 1921 225 1940 ‘
239 1917 359 1959 hoste
381 1918 543 1960 infestis
565 1920 715 1961 animis
736 1920 929 1961 concurri
951 1919 1129 1961 debere:
1163 1919 1360 1961 adversus
1381 1919 1512 1959 victos
1534 1918 1612 1958 mi—

213 1980 226 1999 ‘
241 1975 448 2017 tissimum
470 1992 683 2034 quemque
705 1978 893 2018 animum
915 1978 1148 2018 maximum
1169 1978 1337 2018 habere.
1404 1975 1611 2017 Libertati

214 2038 226 2057 ‘
244 2032 449 2075 Graeciae
485 2035 618 2076 videri
658 2051 803 2091 graves
845 2035 1134 2077 Macedonum
1174 2050 1314 2091 reges:
1363 2035 1397 2075 si
1433 2048 1613 2089 regnum

180 2103 198 2135 5
214 2096 226 2115 ‘
241 2106 429 2148 gensque
462 2092 644 2142 tollatur,
668 2093 867 2142 Thracas,
892 2093 1071 2150 Illyrios,
1098 2092 1244 2134 Gallos
1272 2091 1442 2141 deinde,
1464 2099 1612 2147 gentes

214 2154 226 2173 ‘
240 2150 347 2191 feras
367 2159 410 2191 et
431 2150 669 2200 indomitas,
693 2150 737 2192 in
760 2150 1060 2192 Macedoniam
1088 2166 1130 2192 se
1159 2160 1202 2192 et
1233 2151 1277 2191 in
1302 2149 1526 2191 Graeciam
1552 2148 1612 2190 ef-

256 2285 273 2306 2
299 2277 389 2314 Quae
423 2278 568 2313 vanitate
598 2278 676 2315 sua]
717 2287 760 2308 sc.
792 2277 889 2313 Quae
933 2277 1076 2308 tissimus
1102 2277 1142 2308 sit
1166 2277 1199 2308 in
1226 2277 1370 2315 victoria,
1394 2277 1440 2306 ita
1470 2276 1614 2306 maximo

211 2320 393 2358 arrogantia
416 2320 606 2350 Aetolorum
636 2331 718 2350 vana
743 2320 889 2359 falsaque

212 2361 367 2393 iactantia
387 2373 445 2393 sua
468 2362 613 2393 omnium
637 2374 731 2394 aures
749 2363 888 2394 offende-

213 2405 292 2442 bat;
314 2405 360 2435 ita
383 2411 419 2436 ut
439 2405 595 2436 Gronovii
618 2405 802 2436 coniectura
826 2416 889 2436 non

213 2457 296 2487 opus
311 2448 351 2478 sit
367 2459 431 2489 qua
448 2450 594 2479 vanitate
610 2472 617 2479 .
632 2473 638 2480 .
653 2473 660 2480 .
677 2450 890 2489 offendebant.

259 2499 276 2529 3
300 2491 435 2528 Retulit,
459 2502 540 2531 quas
566 2492 666 2530 leqes]
709 2492 807 2522 Iussit
837 2503 892 2523 eos

214 2533 402 2570 deliberare,
429 2534 621 2573 quibusnam
653 2534 892 2566 conditionibus

215 2581 383 2607 censerent
407 2587 521 2616 pacem
543 2577 607 2616 regi
629 2578 764 2609 concedi
788 2588 890 2617 posse.

216 2618 323 2649 Cluzv.

259 2671 279 2698 4
316 2662 527 2693 [Mitissimum
563 2674 718 2704 quemque
747 2665 890 2694 animum

215 2705 390 2734 maximum
413 2705 546 2743 habere]
576 2706 649 2735 Vox
667 2708 811 2736 animum
828 2717 892 2736 non

216 2747 364 2776 exstabat
380 2746 413 2776 in
430 2747 561 2787 scripto.
609 2748 692 2779 Eam
711 2749 893 2780 Gronovius

217 2792 325 2819 censet
340 2789 441 2828 repeti
457 2800 548 2829 posse
564 2801 603 2821 ex
617 2791 780 2831 superiore
792 2802 892 2822 mem-

217 2831 286 2869 bro,
302 2831 356 2861 ubi
372 2831 472 2862 habes
486 2834 613 2871 infestis
629 2836 755 2865 animis.
788 2835 892 2865 Mitis-

217 2873 335 2904 simum
352 2884 514 2914 quemque
530 2876 697 2914 hominem,
713 2877 893 2908 maximum

218 2918 359 2947 animum
377 2917 495 2948 habere
510 2930 516 2948 :
542 2918 620 2955 sive,
636 2920 819 2959 utquisque
835 2921 893 2951 mi-

933 2321 1042 2351 animo
1059 2331 1137 2351 esse.
1184 2320 1338 2357 Horrion,
1352 2320 1407 2359 qui
1424 2319 1508 2349 notis
1525 2319 1613 2349 illus-

934 2363 1030 2394 travit
1043 2368 1147 2394 totum
1165 2363 1226 2394 hoc
1242 2363 1515 2399 additamentum,
1527 2362 1613 2401 quod

936 2417 975 2437 ex
992 2407 1223 2446 Bambergensi
1238 2406 1348 2436 codice
1359 2405 1492 2436 accessit
1509 2405 1614 2441 Livio,

937 2450 1082 2489 legebat:
1112 2451 1313 2480 mitissimum
1334 2459 1490 2489 quemque
1513 2449 1613 2478 maa'i-

936 2504 1019 2523 mum
1038 2493 1157 2523 haberi.
1183 2492 1290 2523 CREV.

980 2544 996 2575 5
1023 2536 1148 2573 Gallos]
1178 2535 1413 2575 Intelligendos
1430 2533 1614 2565 Gronovius

936 2582 1031 2618 putat
1054 2578 1248 2615 Scordiscos,
1270 2579 1310 2608 de
1335 2587 1470 2617 quorum
1494 2576 1615 2616 origine

936 2621 981 2652 sic
1003 2626 1161 2651 memorat
1186 2620 1342 2658 Iustinus,
1364 2619 1463 2650 xxxii.
1488 2629 1514 2658 3.
1560 2620 1616 2649 Eoe

936 2665 986 2694 his
1002 2663 1138 2705 (Gallis,
1155 2664 1209 2703 qui
1226 2664 1348 2693 bellum
1367 2664 1519 2693 adversus
1536 2662 1615 2692 Del-

939 2707 1019 2747 phos
1035 2707 1206 2737 infeliciter
1225 2710 1398 2745 gesserant,
1414 2706 1496 2736 duce
1514 2705 1615 2735 Bren-

938 2748 996 2790 no)
1010 2761 1126 2780 manus
1136 2750 1293 2790 quaedam
1306 2750 1341 2778 z'n
1353 2751 1534 2788 confluente
1548 2748 1616 2777 Da-

937 2794 1028 2823 nubii
1050 2798 1081 2823 et
1106 2794 1184 2823 Sani
1205 2793 1356 2829 consedit,
1376 2792 1617 2830 Scordiscosque

937 2846 970 2866 se
985 2836 1148 2875 appellari
1164 2836 1274 2866 voluit.
1294 2835 1400 2865 Cassv.
1425 2833 1464 2864 cf.
1481 2832 1616 2863 Nicbhr.

939 2877 969 2909 ii.
987 2889 1018 2908 n.
1040 2887 1129 2918 ¹¹43-
1148 2877 1292 2917 Appian.
1311 2877 1402 2916 Illyr.
1420 2875 1463 2906 iii.
1482 2886 1512 2915 p.
1529 2875 1601 2913 832.

1684 524 1734 562 19

1710 551 1747 562 -ιι

889 699 1170 757 Amynander
1201 699 1492 740 Athamanum
1528 713 1603 739 rex
1615 703 1806 787 ἓὲιὲῗιὲτέἐθ
