1960 3218
521 156 648 199 LIB.
684 157 950 202 XXXVIII.
996 157 1143 201 CAP.
1177 163 1245 202 51.
1497 164 1579 203 369

177 259 474 287 racusanorum
490 246 776 297 hibernorum,
787 256 829 289 et
843 248 990 290 Locris
1003 248 1315 291 Pleminianum
1332 249 1573 301 tumultum,
1591 265 1635 296 U.
1653 265 1691 296 c,
1714 265 1786 304 565-

177 317 311 358 quum
343 304 396 344 ad
426 304 554 346 fidem
582 306 865 361 praesentium
888 306 1111 348 criminum
1142 307 1404 357 retulissent3
1438 308 1690 364 suspi-A·,C·
1716 309 1784 347 187.

176 360 368 402 cionibus
394 362 538 418 magis,
571 377 698 418 quam
733 364 1003 419 argumentis,
1038 365 1241 420 pecuniae
1275 375 1420 421 captae
1451 381 1569 407 reum
1582 350 1773 424 Ξιᾞξιζὲῗᾙί

176 428 437 460 accusarunt.
500 419 678 460 ‘Filium
705 430 874 476 captum
903 421 992 462 sine
1024 422 1161 477 pretio
1186 422 1411 473 redditum,
1435 424 1571 465 omni-
1582 436 1740 467 nationes.

178 480 190 498 ‘
207 475 368 531 busque
390 476 479 518 aliis
500 477 624 518 rebus
643 476 897 534 Scipionem,
914 487 1113 535 tanquam
1129 479 1172 520 in
1191 480 1280 521 eius
1297 481 1421 521 unius
1442 496 1571 522 manu

178 538 190 556 ‘
205 548 289 589 pax
307 533 500 575 Romana
520 534 763 591 bellumque
785 544 906 586 esset,
930 537 980 578 ab
1004 537 1220 579 Antiocho
1241 537 1413 579 cultum.
1468 538 1572 580 Dic-

178 595 190 614 ‘
206 599 381 632 tatorem
412 606 510 633 eum
543 593 718 642 consuli,
750 608 837 634 non
866 593 1066 650 legatum,
1100 595 1144 635 in
1175 595 1391 651 provincia
1419 596 1569 645 fuisse3

178 652 191 671 ‘
205 663 283 689 nec
305 648 357 689 ad
378 649 501 690 aliam
530 665 617 691 rem
640 665 689 691 eo
711 650 959 707 profectum,
982 667 1109 708 quam
1132 661 1179 693 ut
1199 652 1256 702 id,
1279 653 1394 709 quod
1417 653 1572 710 Hispa-

178 711 190 729 ‘
205 706 313 756 niae,
339 705 516 757 Galliae,
543 706 723 757 Siciliae,
747 708 915 750 Africae
943 709 1026 750 iam
1058 709 1222 766 pridem
1243 725 1485 766 persuasum
1509 727 1572 753 es-

178 769 190 786 ‘
204 773 279 813 set,
302 764 381 805 hoc
404 763 606 806 Graeciae
629 765 842 822 Asiaeque
864 776 906 808 et
928 767 1122 808 omnibus
1142 767 1196 808 ad
1217 768 1421 809 orientem
1444 769 1573 810 versis

177 826 189 844 ‘
205 821 372 877 regibus
392 823 674 878 gentibusque
696 833 937 879 appareret3
969 840 1100 865 unum
1123 825 1339 867 hominem
1356 835 1483 882 caput
1503 841 1574 867 co-

177 877 434 935 ‘lumenque
476 880 640 936 imperii
679 880 863 922 Romani
904 897 992 923 esse
1010 898 1018 923 :
1063 882 1139 924 sub
1179 883 1328 924 umbra
1366 883 1573 940 Scipionis

177 942 189 960 ‘
205 936 415 978 civitatem
438 937 652 978 dominam
675 939 786 979 orbis
812 948 1015 980 terrarum
1047 939 1188 989 latere,
1212 949 1363 982 nutum
1385 941 1474 982 eius
1495 957 1572 997 pro

148 1003 160 1023 1
177 999 188 1018 ‘
205 993 382 1035 decretis
399 994 586 1044 Patrum,
601 1011 676 1051 pro
697 996 843 1052 populi
864 996 985 1037 iussis
1006 998 1120 1038 esse.'
1166 998 1345 1039 Infamia
1366 998 1571 1040 intactum

174 1051 346 1101 invidia,
370 1068 453 1108 qua
473 1063 659 1108 possunt,
683 1063 845 1110 urgent.
912 1054 1185 1096 Orationibus
1212 1056 1256 1096 in
1288 1065 1455 1097 noctem
1477 1072 1569 1112 per-

174 1109 324 1159 ductis,
347 1110 538 1166 prodicta
566 1110 655 1151 dies
680 1121 752 1152 est.
818 1112 905 1152 Ubi
927 1127 975 1153 ea
996 1113 1124 1163 venit,
1148 1113 1306 1154 tribuni
1335 1114 1379 1154 in
1408 1114 1571 1155 Rostris

173 1167 309 1223 prima
328 1167 421 1208 luce
444 1168 737 1210 consederunt.
804 1169 969 1210 Citatus
991 1185 1085 1211 reus
1108 1186 1260 1226 magno
1280 1172 1446 1227 agmine
1469 1172 1572 1212 ami-

174 1240 319 1265 corum
360 1225 662 1282 clientiumque
704 1242 780 1282 per
820 1227 1001 1268 mediam
1043 1228 1291 1269 concionem
1328 1229 1380 1269 ad
1420 1229 1573 1270 Rostra

174 1283 611 1339 subnt:sflenfioque
640 1284 1746 1342 fiuffo,‘I{0Q'inqust,‘<he,tflbuni1sse-Sfflpmnss

176 1346 188 1364 ‘
201 1340 275 1390 bis,
298 1356 454 1396 vosque
481 1340 681 1390 Quirites,
704 1357 800 1383 cum
825 1342 1064 1383 Hannibale
1087 1352 1129 1384 et
1152 1342 1573 1399 Carthaginiensibus
1585 1340 1626 1399 ac}
1643 1349 1719 1387 pop.

177 1398 329 1454 ‘signis
351 1398 509 1439 collatis
531 1398 573 1438 in
599 1399 743 1440 Africa
764 1400 870 1440 bene
893 1415 940 1440 ac
961 1399 1138 1441 feliciter
1158 1402 1353 1457 pugnavi.
1408 1401 1571 1458 Itaque,
1585 1387 1696 1412 mano.

176 1461 331 1511 ‘quum
354 1455 479 1497 hodie
501 1456 644 1497 litibus
673 1466 715 1498 et
746 1457 890 1513 iurgiis
918 1458 1181 1513 supersederi
1202 1474 1384 1514 aequum
1407 1459 1471 1509 sit,
1495 1475 1573 1517 ego

177 1514 300 1555 ‘hinc
329 1514 541 1570 extemplo
570 1514 614 1554 in
640 1514 897 1571 Capitolium
931 1515 985 1556 ad
1015 1515 1159 1557 Iovem
1186 1516 1408 1572 Optimum
1431 1517 1574 1558 Maxi-

178 1577 316 1612 ‘mum
339 1571 633 1627 Iunonemque
655 1581 697 1613 et
721 1572 959 1613 Minervam
984 1581 1229 1630 ceterosque
1252 1574 1366 1624 deos,
1391 1575 1464 1630 qui
1489 1575 1573 1616 Ca-

177 1628 348 1685 ‘pitolio
374 1638 500 1685 atque
527 1629 610 1670 arci
641 1630 893 1685 praesident,
919 1630 1160 1672 salutandos
1182 1632 1273 1672 ibo:
1308 1632 1457 1688 hisque
1479 1649 1573 1688 gra-

177 1692 188 1710 ‘
202 1687 278 1727 tias
300 1702 432 1742 agam,
457 1687 572 1742 quod
603 1687 705 1727 mihi
728 1697 770 1728 et
791 1687 870 1728 hoc
892 1688 982 1744 ipso
1004 1688 1086 1737 die,
1110 1698 1151 1729 et
1173 1704 1295 1745 saepe
1318 1690 1429 1739 alias,
1453 1706 1572 1746 egre-

177 1750 189 1768 ‘
200 1744 267 1798 gie
290 1744 542 1800 reipublicae
563 1745 773 1801 gerendae
795 1754 981 1786 mentem
1002 1746 1329 1802 facultatemque
1348 1747 1568 1789 dederunt.

177 1808 188 1826 ‘
203 1801 401 1843 Vestrum
424 1818 593 1858 quoque
617 1803 770 1858 quibus
792 1803 1060 1844 commodum
1084 1812 1158 1853 est,
1182 1804 1238 1845 ite
1262 1820 1441 1855 mecum,
1464 1806 1572 1854 Qui-

145 1875 161 1895 2
178 1859 312 1909 ‘rites,
336 1869 377 1901 et
399 1869 511 1901 orate
534 1860 647 1910 deos,
667 1870 713 1901 ut
734 1861 817 1901 mei
838 1860 993 1902 similes
1014 1861 1225 1918 prIncipes
1247 1862 1444 1904 habeatis.
1491 1863 1569 1913 Ita,

144 1917 235 1958 3‘si
266 1918 317 1959 ab
345 1918 465 1958 anrns
496 1918 781 1974 septendecim]
815 1918 867 1959 ad
896 1928 1342 1976 senectutenisernper
1364 1936 1436 1961 vos
1458 1930 1571 1962 aeta-

177 1981 286 2016 ‘tem
309 1991 442 2016 meam
466 1976 694 2017 honoribus
714 1976 860 2016 vestris
889 1977 1087 2026 anteistis,
1112 1992 1189 2032 ego
1210 1986 1367 2018 vestros
1390 1978 1570 2020 honores

144 2050 163 2077 4
177 2034 325 2074 ‘rebus
364 2033 559 2089 gerendis
599 2034 829 2089 p1·aecessi.'
905 2034 974 2074 Ab
1019 2034 1181 2075 Rostris
1221 2035 1265 2075 in
1309 2035 1567 2091 Capitolium
1582 2044 1790 2092 Concio'eum

176 2091 374 2132 aseendit.
441 2090 574 2132 Simul
606 2106 648 2131 se
681 2091 874 2132 universa
904 2092 1051 2132 concio
1073 2092 1234 2141 avertit,
1253 2102 1295 2133 et
1315 2103 1457 2135 secuta
1482 2094 1615 2135 Sci-¹¹¹
1633 2088 1777 2160 Catpitol.

145 2157 161 2187 5
176 2149 346 2205 pionem
368 2156 450 2189 est:
485 2148 603 2198 adeo,
623 2157 667 2189 ut
689 2158 899 2204 postremo
921 2149 1078 2190 scribae
1096 2149 1358 2206 viatoresque
1381 2152 1571 2193 tribunos
1583 2140 1670 2169 sequ]
1690 2140 1736 2161 ur.

176 2205 477 2261 relinquerent,
510 2221 588 2246 nec
619 2221 713 2247 cum
747 2206 808 2255 iis,
841 2215 1006 2262 praeter
1033 2207 1223 2247 servilem
1253 2209 1498 2250 comitatum
1529 2220 1570 2251 et

176 2279 441 2320 praeconem,
469 2263 542 2319 qui
572 2279 688 2304 reum
721 2279 773 2303 ex
810 2264 971 2304 Rostris
1002 2264 1167 2313 citabat,
1195 2265 1418 2321 quisquam
1450 2277 1569 2309 esset.

131 2351 135 2353 -
180 2320 320 2377 Scipio
342 2336 428 2361 non
456 2321 499 2361 in
525 2320 738 2377 Capitolio
761 2321 899 2371 modo,
922 2321 994 2362 sed
1016 2336 1091 2378 per
1111 2331 1241 2363 totam
1264 2323 1408 2364 urbem
1432 2325 1573 2366 omnia

217 2459 228 2479 1
248 2450 392 2489 Infamia
405 2451 558 2479 intactum
575 2451 716 2487 invidia]
740 2449 853 2485 Quum

178 2502 241 2521 non
260 2497 388 2531 possent
404 2492 569 2522 infamiam
588 2492 615 2522 ei
635 2502 779 2522 verorum
797 2492 853 2523 cri·

179 2534 300 2564 minum
328 2534 516 2573 impingere,
540 2534 692 2565 invidiam
719 2535 751 2565 in
777 2545 851 2565 culn

899 2451 1004 2480 bimus
1030 2450 1170 2481 militurn
1200 2456 1265 2481 erat
1294 2451 1324 2481 in
1354 2462 1460 2491 pugna
1488 2453 1572 2483 Can-

899 2492 1002 2530 nensi,
1032 2504 1095 2532 quo
1131 2498 1275 2533 tempore
1309 2495 1396 2525 haud
1431 2497 1570 2526 multum

898 2546 1040 2575 egressus
1079 2541 1145 2566 erat
1191 2548 1291 2567 annos
1328 2538 1570 2576 septendecim:

179 2577 361 2607 concitant:
383 2578 467 2615 quod
487 2581 520 2607 ut
539 2582 679 2616 possent,
693 2577 748 2607 viri
767 2588 851 2617 mag*

181 2619 295 2649 nitudo
311 2619 459 2649 faciebat.
484 2620 591 2651 Citm'.

224 2672 239 2692 2
265 2663 329 2698 Ita,
353 2663 397 2700 si]
434 2662 534 2697 Quod
565 2662 695 2701 quidem
724 2673 779 2693 vos
808 2663 853 2693 ita

180 2704 301 2743 precari
319 2704 424 2741 decet,
437 2704 461 2733 si
479 2728 485 2735 .
497 2727 504 2735 .
517 2728 523 2734 .
541 2715 604 2735 non
618 2704 712 2735 aliter
725 2706 853 2745 postulo

180 2751 216 2777 ut
232 2747 263 2776 id
281 2746 376 2776 oretis
392 2747 479 2783 deos‚
496 2757 590 2785 quam
609 2747 633 2777 si
652 2771 658 2777 .
677 2771 684 2778 .
702 2772 708 2778 .
734 2749 840 2779 Cum.

223 2798 240 2827 3
265 2791 316 2819 Al)
333 2790 429 2819 annis
443 2791 671 2828 septendecim]
700 2791 750 2819 Ab
769 2801 854 2820 anno

179 2832 294 2862 aetatis
325 2831 450 2861 decimo
481 2831 628 2870 septimo.
675 2833 770 2862 Anno
801 2834 853 2863 ‹le-

180 2884 268 2904 mum
293 2875 408 2904 aetatis
433 2873 583 2913 vigesimo
603 2878 717 2912 quarto
742 2875 856 2905 missus

180 2917 212 2947 in
240 2917 433 2955 Hispaniam
462 2917 520 2946 fuit
548 2917 665 2955 Scipio.
713 2917 774 2948 Sed
801 2918 853 2947 tri—

239 2972 334 2999 νου.
360 2972 420 2998 111.

897 2589 934 2608 ac
951 2578 1067 2608 deinde
1084 2579 1194 2615 etiam,
1210 2584 1382 2618 antequam
1402 2580 1433 2610 in
1453 2581 1571 2621 Hispa-

898 2621 984 2651 niam
1007 2621 1078 2657 iret,
1094 2622 1207 2651 aedilis
1230 2623 1350 2652 curulis
1369 2633 1496 2653 summa
1517 2634 1571 2663 po-

899 2663 966 2702 puli
985 2664 1162 2701 voluntate,
1176 2674 1275 2703 quum
1294 2665 1470 2703 legitimam
1487 2671 1572 2697 aeta-

898 2711 963 2736 tem
990 2707 1132 2736 nondum
1159 2707 1304 2745 haberet,
1328 2709 1433 2738 factus
1458 2708 1572 2739 fuerat.

899 2749 938 2779 cf.
955 2759 1040 2788 supr.
1058 2749 1135 2779 xxii.
1154 2758 1203 2788 53.
1221 2754 1251 2779 et
1269 2761 1342 2781 xxv.
1362 2760 1388 2781 2.
1414 2752 1520 2781 Cltrtv.

943 2803 961 2828 4
985 2793 1026 2821 ln
1044 2792 1237 2831 (leitolinm
1256 2793 1414 2830 aseendit]
1442 2795 1480 2823 cf.
1498 2794 1573 2823 Aul.

900 2834 987 2864 Gell.
1006 2833 1045 2864 iv.
1069 2836 1114 2865 ιδ.
1142 2834 1216 2865 val.
1237 2836 1326 2865 Max.
1344 2835 1386 2865 iii.
1408 2844 1433 2872 7.

944 2886 959 2913 5
992 2876 1150 2916 Viatores]
1179 2878 1217 2907 cf.
1236 2878 1328 2915 Snpr.
1347 2877 1377 2906 ii.
1397 2876 1444 2914 56.

1272 2961 1344 3000 Bb
