1960 3218
407 162 489 201 258
919 160 1066 202 ΤΙΤΙ
1103 161 1281 203 LIVII

204 260 248 292 U.
265 260 303 291 C.
325 259 398 299 561.
412 251 515 292 ‘bus
544 251 738 307 potuisse.
801 250 929 293 Nunc
961 252 1014 292 ad
1045 252 1304 317 triumphum
1332 252 1685 309 frequentandum
1714 253 1788 294 dc-

204 303 244 335 A·
268 304 306 335 C·
330 313 398 345 ¹9¹·
414 314 425 332 ‘
441 309 588 350 ductos
609 324 696 350 esse
722 309 886 359 milites,
910 310 983 365 qui
1004 310 1211 366 egregiam
1242 326 1320 352 nav
1324 326 1391 352 are
1423 326 1591 367 operam
1623 311 1788 367 reipub-

415 367 543 408 ‘licae
568 367 821 423 potuissent:
855 378 1024 423 possent
1028 344 1191 418 C’etiaim
1214 368 1248 409 si
1278 379 1455 419 senatus,
1480 368 1594 425 quod
1620 369 1789 410 festina-

415 429 426 447 ‘
443 425 554 466 tione
570 425 769 481 triumphi
786 426 1119 481 praetermissum
1135 435 1254 476 esset,
1269 427 1313 468 id
1325 428 1541 468 restituele
1556 426 1789 468 differendo

415 490 425 506 ‘
442 483 653 539 triumpho
674 483 809 524 vellet.
873 483 1083 533 Iuberent,
1106 484 1318 526 consulem
1340 500 1435 526 cum
1463 485 1696 537 legionibus
1725 500 1790 525 re-

415 545 426 564 ‘
443 541 569 582 dire
559 557 602 581 m
633 542 912 597 provinciam3
945 542 1042 583 dare
1065 558 1244 598 operam,
1268 551 1314 583 ut
1335 543 1512 598 Ligures
1532 543 1787 598 subigantur.

415 603 427 622 ‘
444 598 538 639 Nisi
564 599 623 639 illi
651 609 851 655 cogantur
881 600 925 640 in
952 600 1015 640 ius
1043 600 1327 656 iudiciumque
1353 601 1496 656 populi
1520 600 1713 650 Romam,
1736 611 1821 641 1168

415 661 427 680 ‘
444 656 570 698 Boios
591 657 762 712 quidem
784 658 1022 713 quieturos:
1059 667 1129 698 aut
1156 673 1314 714 pacem,
1348 667 1418 699 aut
1449 658 1602 699 bellum
1634 658 1792 699 utrobi-

416 719 524 770 ‘que
560 714 763 756 habenda.
826 715 1012 756 Devictis
1045 715 1283 771 Liguribus,
1315 730 1470 771 paucos
1505 725 1599 771 post
1630 730 1791 756 menses

416 773 731 828 ‘proconsulem
748 773 795 814 P.
815 772 1059 814 Cornelium
1081 773 1305 814 multorum
1327 773 1532 829 exemplo,
1548 773 1621 829 qui
1641 773 1684 813 in
1706 787 1793 813 ma-

267 830 336 869 40.
416 831 615 887 ‘gistratu
646 846 730 871 non
761 831 1132 886 triumphaverunt,
1164 831 1517 896 triumphatuium
1547 830 1661 872 esse?
1720 830 1824 874 Ad9

207 886 405 959 goslconee-
414 904 464 930 ea
492 888 649 939 consul,
684 888 864 944 ‘Neque
896 904 938 929 se
968 888 1144 944 Ligures
1173 889 1429 944 provinciam
1459 889 1649 930 sortitum
1680 888 1793 953 esse,'

208 929 359 1012 Ρὲζὲὲῗέῒ
415 947 483 996 ait,
512 952 672 1002 ‘neque
701 962 796 987 cum
826 946 1050 1002 Liguribus
1077 946 1233 987 bellum
1261 947 1446 1002 gessisse,
1478 962 1615 1002 neque
1648 946 1793 987 trium-

417 979 575 1060 ‘phum
611 1004 663 1045 de
699 1004 748 1045 iis
783 1004 1003 1060 postulare.
1075 1004 1127 1052 Q.
1148 1004 1385 1045 Minucium
1421 1004 1631 1045 confidere
1663 1004 1791 1054 brevi,

417 1067 429 1086 ‘
443 1062 647 1103 subactis
638 1062 699 1111 1is,
715 1062 909 1103 melitum
926 1062 1183 1118 triumphum
1200 1062 1504 1118 postulaturum
1518 1071 1643 1118 atque
1660 1062 1794 1119 impe-

417 1125 429 1144 ‘
445 1128 648 1161 traturum
670 1135 767 1162 esse.
833 1119 885 1161 Se
908 1120 959 1160 de
986 1119 1116 1161 Gallis
1139 1120 1253 1161 Boiis
1280 1120 1487 1176 postulare
1519 1120 1791 1176 triumphum,

418 1183 550 1235 ‘quos
581 1178 667 1219 acie
692 1178 849 1227 vicerit,
871 1178 1012 1219 castris
1037 1178 1221 1219 exuerit:
1255 1193 1433 1234 quorum
1464 1188 1634 1234 gentem
1665 1178 1792 1220 biduo

418 1241 539 1292 ‘post
573 1251 757 1292 pugnam
793 1245 920 1277 totam
956 1236 1163 1292 acceperit
1197 1236 1242 1276 in
1277 1236 1558 1277 deditionem:
1593 1252 1617 1276 a
1643 1236 1794 1292 quibus

419 1299 431 1317 ‘
447 1293 610 1335 obsides
631 1293 861 1343 abduxerit,
879 1294 991 1349 pacis
1010 1294 1172 1334 futurae
1194 1294 1356 1350 pignus.
1401 1293 1561 1335 Verum
1583 1294 1793 1335 enimvero

419 1351 552 1392 ‘illud
579 1352 709 1392 multo
738 1352 869 1392 maius
890 1367 990 1400 esse,
1013 1351 1126 1407 quod
1148 1360 1310 1392 tantum
1331 1366 1552 1392 numerum
1577 1351 1795 1393 Gallorum

419 1409 681 1451 ‘occiderit
671 1425 715 1450 111
745 1409 845 1459 acie,
875 1409 990 1465 quod
1021 1424 1115 1450 cum
1148 1418 1208 1450 tot
1240 1409 1420 1450 millibus
1451 1419 1561 1450 celte
1594 1409 1795 1450 Boiorum

419 1473 570 1508 ‘nemo
598 1476 693 1508 ante
725 1482 766 1508 se
800 1467 1023 1523 imperat01
1049 1467 1318 1523 pugnaverit:
1361 1467 1453 1523 plus
1483 1476 1642 1523 partem
1673 1467 1796 1508 dimi-

419 1525 559 1566 ‘diam
588 1540 640 1566 ex
671 1525 976 1581 quinquaginta
1005 1525 1186 1565 millibus
1214 1525 1432 1566 hominum
1465 1540 1637 1574 caesam,
1666 1524 1797 1565 multa

420 1583 575 1624 ‘millia
605 1592 749 1638 capta:
792 1598 910 1623 senes
944 1597 1177 1638 puerosque
1212 1582 1326 1623 Boiis
1361 1597 1584 1638 superesse.
1646 1582 1795 1638 Itaque

420 1640 490 1681 ‘id
522 1656 777 1706 quemquam
812 1640 951 1681 miraii
986 1656 1117 1705 posse,
1149 1655 1223 1681 cur
1249 1641 1381 1681 victor
1415 1640 1633 1690 exeicitus,
1665 1655 1796 1696 quum

420 1704 431 1722 ‘
445 1698 638 1739 hostem
628 1714 673 1738 m
693 1698 905 1754 provincia
926 1713 1138 1739 neminem
1164 1697 1411 1754 leliquisset,
1435 1698 1615 1739 Romam
1635 1698 1797 1739 venerit

419 1762 432 1780 ‘
447 1756 500 1797 ad
521 1756 815 1797 celebrandurn
837 1756 1015 1797 consulis
1043 1756 1331 1811 t1iumphum?
1395 1756 1585 1804 Quorum
1616 1755 1796 1796 militum

421 1813 483 1855 ‘si
511 1822 554 1854 et
583 1814 628 1854 in
658 1813 738 1854 alia
766 1813 979 1869 provincia
1008 1828 1134 1869 opera
1161 1813 1221 1854 uti
1250 1822 1416 1854 senatus
1434 1813 1558 1862 velit,
1591 1822 1684 1854 utro
1706 1822 1797 1854 tan-

422 1871 545 1912 ‘dem
580 1871 704 1912 modo
740 1871 1012 1927 promptiores
1052 1871 1104 1912 ad
1139 1870 1253 1911 aliud
1292 1870 1523 1926 periculum
1556 1885 1795 1926 novumque

422 1928 632 1970 ‘laborem
663 1929 791 1970 ituros
821 1929 973 1978 credat,
1000 1929 1033 1969 si
1057 1927 1267 1984 persoluta
1295 1929 1344 1969 iis
1377 1928 1464 1970 sine
1496 1928 1796 1969 detrectatione

423 1987 596 2043 ‘prioris
626 1986 801 2043 periculi
829 1986 1061 2042 laborisque
1091 2001 1247 2027 merces
1274 1987 1338 2035 sit,
1362 2002 1413 2027 an
1445 1987 1478 2027 si
1509 2001 1625 2042 spem
1648 2001 1724 2042 pro
1752 2000 1796 2026 re

423 2044 629 2086 ‘ferentes
661 2044 886 2094 dimittant,
919 2044 1002 2085 iam
1037 2043 1165 2085 semel
1204 2044 1247 2084 in
1288 2044 1421 2100 prima
1459 2059 1530 2100 spe
1567 2043 1797 2099 deceptos?

423 2108 435 2126 ‘
452 2102 579 2152 Nam,
602 2102 716 2158 quod
746 2102 798 2143 ad
828 2117 870 2143 se
896 2102 1081 2151 attineat,
1108 2102 1185 2142 sibi
1214 2101 1368 2156 gloriae
1399 2102 1444 2142 in
1473 2116 1640 2142 omnem
1670 2101 1798 2142 vitam

424 2160 521 2201 ‘illo
547 2160 614 2201 die
640 2160 734 2201 satis
756 2159 988 2215 quaesitum
1017 2174 1117 2208 esse,
1140 2175 1224 2215 quo
1245 2174 1287 2200 se
1309 2159 1444 2200 virum
1465 2159 1669 2214 optimum
1689 2158 1798 2199 iudi-

424 2223 589 2259 ‘catum
617 2217 671 2258 ad
700 2217 984 2273 accipiendam
1010 2217 1192 2258 Matrem
1214 2216 1382 2258 Idaeam
1413 2217 1589 2257 misisset
1619 2224 1795 2257 senatus.

425 2281 436 2299 ‘
454 2275 549 2317 Hoc
580 2275 714 2325 titulo,
745 2275 821 2316 etsi
854 2290 932 2315 nec
963 2274 1197 2315 consulatus
1224 2290 1302 2315 nec
1331 2274 1565 2330 triumphus
1592 2273 1796 2322 adiicitur,

426 2339 437 2357 ‘
453 2333 549 2374 satIS
569 2333 785 2374 honestam
813 2332 1140 2388 honoratamque
1166 2332 1209 2373 P.
1229 2331 1432 2396 Scipionis
1455 2331 1631 2373 Nasicae
1653 2330 1799 2387 imagi·
1815 2346 1826 2366 1

220 2403 263 2433 Et
278 2403 376 2443 impe
426 2397 549 2431 ‘nem
570 2391 668 2432 fore
673 2391 682 2407 ³
742 2390 971 2431 Univeisus
995 2399 1162 2431 senatus
1189 2404 1275 2430 non
1302 2404 1388 2453 lpse
1418 2389 1541 2430 modo
1572 2389 1625 2430 ad
1655 2388 1798 2430 decer-

218 2449 290 2477 trat.
425 2448 609 2489 nendum
641 2447 898 2504 triumphum
924 2447 1143 2495 consensit,
1172 2447 1243 2487 sed
1269 2447 1393 2487 etiam
1422 2447 1634 2487 tribunum
1666 2445 1798 2501 plebis

425 2506 666 2546 auctoritate
699 2520 772 2546 sua
804 2504 1004 2560 compulit
1036 2504 1088 2545 ad
1123 2503 1415 2545 remittendam
1448 2503 1795 2545 intercessionem.

468 2634 486 2663 8
509 2634 551 2663 In
581 2634 631 2663 ius
659 2633 890 2671 iudiciumque]
938 2632 1090 2661 Fui-mula
1134 2630 1192 2666 nis,
1208 2640 1290 2669 quae
1306 2631 1423 2670 pendet
1441 2641 1458 2660 e
1474 2631 1616 2667 relativo,
1632 2630 1664 2660 in
1680 2630 1798 2660 indica-

426 2676 504 2706 haec
521 2675 551 2704 in
568 2675 638 2705 aliis
654 2674 730 2704 locis
745 2675 831 2713 apud
847 2678 988 2703 nostruin
1004 2684 1088 2703 usur·
1133 2673 1198 2703 tivo
1219 2677 1353 2712 ponunt,
1369 2674 1456 2712 quusi
1478 2674 1619 2712 ipsorum
1642 2673 1800 2703 sententia

426 2721 529 2758 patur.
552 2719 590 2748 cf.
608 2717 676 2747 infr.
694 2717 803 2747 xxxix.
822 2726 870 2753 24.
894 2716 948 2747 xli.
967 2725 1015 2746 22.
1134 2715 1173 2745 sit
1189 2719 1219 2745 et
1236 2716 1295 2754 ipsi
1313 2720 1448 2746 narrent.
1474 2716 1598 2747 RAscn.

468 2770 487 2801 9
505 2760 813 2799 Triumphaverunt]
828 2758 1089 2798 Exspectandum
1186 2767 1197 2787 1
1223 2759 1262 2788 Ι).
1278 2760 1435 2798 Scipionis
1450 2761 1589 2789 Nasicae
1612 2759 1796 2797 iniayinem]

426 2807 494 2834 erat
514 2803 792 2842 triumphaverint,
808 2802 860 2831 sed
882 2811 977 2840 saepe
995 2801 1089 2840 scrip·
1137 2800 1333 2839 Imaginibus
1345 2802 1500 2831 clarorum
1517 2801 1652 2831 virorum
1669 2800 1798 2831 subscri-

427 2852 520 2883 tores,
546 2845 569 2875 si
598 2856 672 2884 prae
700 2845 811 2874 ceteris
835 2844 1010 2883 significare
1041 2854 1089 2873 vo·
1135 2844 1290 2874 bebantur
1312 2844 1397 2874 tituli
1422 2844 1575 2874 honorum
1593 2854 1671 2883 quos
1692 2843 1799 2882 gessis-

428 2890 497 2918 lunt
527 2888 646 2927 aliquid
676 2897 783 2917 revera
808 2888 928 2917 factum
955 2897 1032 2921 esse,
1058 2886 1089 2916 in
1135 2890 1214 2923 sent,
1239 2890 1271 2916 et
1295 2887 1319 2916 si
1344 2887 1419 2925 quid
1447 2887 1510 2916 illis
1535 2887 1576 2917 ad
1599 2886 1730 2925 gloriam
1754 2885 1798 2915 in-

427 2931 568 2961 oratione
595 2930 724 2969 obliqua
748 2930 877 2961 verbum
902 2929 1090 2959 enuntiatio-
1135 2928 1220 2967 signo.
1237 2929 1427 2969 contigisset.
1450 2930 1555 2961 szv.
