1960 3218
386 139 409 176 8
898 134 1046 177 ΤΙΤΙ
1083 133 1262 177 LIVII

181 235 225 267 U.
242 235 280 266 C.
303 243 374 275 552-
389 232 401 251 ‘
416 226 749 285 exercitibusque
785 228 935 268 nostris
974 228 1080 269 bene
1121 242 1168 268 ac
1207 226 1384 268 feliciter
1422 226 1619 276 eveniret,
1660 225 1767 267 laeta

179 279 219 309 A.
243 278 282 310 C.
304 287 374 309 ²00·
389 290 402 309 ⁶
417 285 557 327 omnia
575 300 853 342 prosperaque
873 285 1150 342 portendere.’

258 351 295 389 8.
446 343 517 385 Ab
536 343 614 385 hac
641 343 826 385 oratione
847 343 891 384 in
916 343 1158 399 suffragium
1178 342 1303 392 missi,
1324 342 1387 384 uti
1411 349 1586 398 rogarat,
1608 341 1765 382 bellum

181 406 219 436 P.
236 406 279 454 R·
296 406 361 437 bel·
387 401 604 442 iusserunt.
669 401 924 457 Supplicatio
958 400 1056 442 inde
1089 416 1113 441 a
1144 399 1381 441 consulibus
1414 400 1460 440 in
1495 399 1680 441 triduum
1714 413 1767 440 ex

179 449 247 521 ¹5¹¹?
262 450 361 522 Ἒξὲξ·
388 459 744 500 senatusconsulto
764 459 921 500 indicta
941 468 1016 508 est,
1038 458 1322 514 obsecratique
1344 458 1453 500 eirca
1472 457 1612 499 omnia
1631 457 1767 513 pulvi-

179 502 370 573 tiolifidietQ
387 517 502 558 naria
522 517 594 566 dii,
616 526 674 566 ut,
698 516 811 572 quod
838 516 994 558 bellum
1019 531 1114 558 cum
1142 515 1339 572 Philippo
1364 515 1543 572 populus
1570 515 1765 565 iussisset,

179 578 219 606 0¹>
234 578 355 608 bellum
386 574 431 615 id
450 574 557 616 bene
579 590 625 616 ac
641 574 816 616 feliciter
835 574 1041 616 eveniret:
1075 573 1335 630 consultique
1352 573 1510 614 fetiales
1531 573 1582 614 ab
1597 572 1765 614 consule

179 620 352 693 ἓξξξξιξῗῖῗῖ
391 631 588 688 Sulpicio,
624 632 791 682 bellum,
826 632 940 688 quod
972 632 1226 673 indiceretur
1257 632 1344 688 regi
1379 631 1588 687 Philippo,
1625 639 1766 671 utrum

177 686 310 737 fetiailes.
387 690 465 746 ipsi
486 690 630 746 utique
647 690 829 731 nuntiari
846 690 1060 739 iuberent3
1094 705 1146 730 an
1167 689 1263 730 satis
1279 698 1397 739 esset,
1415 689 1458 729 in
1475 689 1628 730 finibus
1647 687 1767 744 regni

387 747 502 803 quod
540 748 776 804 proximum
812 748 1063 804 praesidium
1095 756 1214 797 esset,
1251 763 1301 789 eo
1331 747 1547 788 nuntiari?
1589 745 1766 787 Fetiales

387 805 672 856 decreverunt,
695 815 835 847 utrum
862 820 1006 846 eorum
1033 805 1208 855 fecisset,
1230 814 1341 847 recte
1369 805 1586 846 facturum.
1650 803 1767 845 Con-

388 862 467 904 suli
493 879 517 904 a
543 863 737 905 Patribus
761 864 1019 919 permissum,
1048 871 1107 913 ut,
1130 878 1257 919 quem
1284 863 1506 912 videretur,
1529 877 1581 904 ex
1608 862 1669 912 iis,
1692 861 1767 917 qui

388 930 506 962 extra
532 930 720 962 senatum
750 931 899 970 essent,
921 921 1103 976 legatum
1130 920 1315 962 mitteret
1335 920 1388 961 ad
1414 920 1570 962 bellum
1593 920 1681 976 regi
1701 919 1766 960 in-

179 981 348 1014 Exercitus
388 978 625 1020 dicendum.
689 979 800 1019 Tum
833 978 885 1019 de
916 978 1166 1019 exercitibus
1195 977 1413 1019 consulum
1444 986 1765 1033 praetorumque

178 1036 365 1098 {ffinpaffin'
387 1045 537 1078 aetum.
601 1036 805 1078 Consules
824 1036 941 1077 binas
961 1035 1146 1092 legiones
1170 1035 1346 1077 scribere
1369 1035 1491 1084 iussi3
1523 1043 1682 1076 veteres
1703 1035 1766 1075 di-

232 1092 239 1100 '
386 1094 551 1135 mittere
573 1094 790 1136 exercitus.
855 1093 1052 1150 Sulpicio,
1074 1094 1142 1134 cui
1169 1108 1323 1134 novum
1344 1108 1391 1134 ac
1418 1093 1560 1149 magni
1585 1092 1767 1133 nominis

385 1151 541 1193 bellum
563 1151 778 1193 decretum
799 1160 898 1201 erat,
920 1151 1178 1208 permissum,
1201 1160 1248 1192 ut
1268 1151 1320 1192 de
1342 1151 1540 1200 exercitu,
1564 1165 1690 1206 quem
1715 1149 1762 1190 P.

388 1208 527 1266 Scipio
555 1225 607 1251 ex
630 1209 772 1251 Africa
801 1209 1069 1266 deportasset,
1090 1208 1356 1258 voluntarios,
1379 1224 1482 1264 quos
1509 1216 1658 1264 posset,
1687 1207 1766 1248 du-

385 1276 518 1308 ceret:
561 1267 739 1308 invitum
778 1282 831 1308 ne
873 1282 999 1323 quem
1038 1266 1214 1307 militem
1253 1274 1438 1307 veterem
1478 1265 1661 1307 ducendi
1700 1265 1764 1307 ius
1779 1280 1795 1312 5

384 1334 502 1367 esset.
570 1325 835 1366 Praetoribus
875 1324 924 1366 L.
948 1324 1072 1366 Furio
1112 1324 1375 1380 Purpureoni
1410 1333 1452 1365 et
1495 1323 1547 1372 Q.
1572 1323 1764 1364 Minucio

386 1383 499 1424 Rufo
521 1383 649 1439 quina
676 1383 805 1424 millia
828 1383 985 1424 socium
1008 1382 1150 1424 Latini
1178 1382 1358 1423 nominis
1379 1381 1567 1423 eonsules
1588 1381 1759 1422 darent:
1777 1392 1796 1424 6

385 1441 536 1497 quibus
566 1440 779 1497 praesidiis
810 1440 912 1482 alter
940 1439 1134 1490 Galliam,
1160 1439 1262 1481 alter
1292 1439 1479 1480 Bruttios
1508 1439 1763 1496 provinciam

384 1499 600 1540 obtineret.
665 1498 717 1547 Q„
737 1498 905 1539 Fulvius
930 1497 1042 1539 Gillo
1070 1506 1113 1539 et
1139 1498 1226 1554 ipse
1254 1498 1386 1538 iussus
1413 1513 1466 1538 ex
1487 1512 1536 1538 eo
1565 1497 1763 1546 exercitu,

384 1571 510 1612 quem
531 1556 577 1597 P.
598 1556 745 1598 Aelius
766 1556 909 1597 consul
930 1556 1153 1605 habuisset,
1175 1564 1222 1596 ut
1242 1555 1418 1612 quisque
1441 1554 1611 1595 minime
1633 1554 1765 1595 multa

383 1614 590 1670 stipendia
629 1614 811 1663 haberet,
845 1614 995 1670 legere,
1030 1613 1164 1655 donec
1200 1621 1242 1654 et
1279 1613 1367 1669 ipse
1408 1613 1594 1669 quinque
1635 1612 1764 1653 millia

383 1672 540 1713 socium
569 1687 615 1713 ae
646 1672 825 1713 nominis
856 1671 998 1713 Latini
1028 1671 1253 1712 effecisset:
1286 1670 1330 1711 id
1359 1670 1564 1727 praesidio
1598 1669 1762 1712 Siciliae

383 1730 619 1786 provinciae
657 1738 773 1771 esset.
837 1729 897 1770 M.
921 1728 1090 1770 Valerio
1122 1728 1298 1778 Faltoni,
1330 1729 1403 1785 qui
1433 1737 1597 1784 praetor
1626 1727 1761 1784 priore

382 1803 492 1829 anno
517 1786 790 1844 Campaniam
816 1787 1071 1844 provinciam
1095 1787 1308 1836 habuerat,
1330 1794 1595 1842 prorogatum
1616 1786 1661 1826 in
1688 1801 1762 1826 an-

382 1860 485 1886 num
505 1846 726 1902 imperium
748 1855 832 1893 est3
865 1845 924 1886 uti
945 1854 1186 1901 propraetor
1206 1845 1250 1885 in
1274 1844 1504 1885 Sardiniam
1528 1843 1758 1884 traiiceret:

383 1903 418 1943 is
439 1918 605 1959 quoque
628 1903 679 1944 de
702 1903 899 1952 exercitu,
922 1903 992 1959 qui
1021 1903 1079 1943 ibi
1100 1912 1218 1951 esset,
1240 1902 1426 1958 quinque
1454 1900 1583 1941 millia
1603 1901 1760 1942 socium

383 1961 563 2002 nominis
580 1961 734 2010 Latini,
750 1961 822 2016 qui
836 1976 978 2002 eorum
996 1960 1167 2001 minime
1182 1959 1313 2000 multa
1324 1959 1532 2015 stipendia
1546 1959 1759 2008 haberent,

381 2018 550 2074 legeret.
613 2018 667 2060 Et
693 2018 882 2060 consules
902 2018 1004 2059 duas
1025 2018 1201 2059 urbanas
1228 2017 1411 2073 legiones
1432 2016 1608 2058 scribere
1635 2016 1759 2057 iussi:

383 2091 503 2131 quae,
521 2077 553 2117 si
575 2092 658 2132 quo
679 2092 744 2118 res
764 2085 964 2132 posceret,
987 2075 1127 2116 multis
1148 2075 1192 2115 in
1213 2074 1334 2116 Italia
1349 2075 1548 2116 contactis
1568 2074 1762 2131 gentibus

383 2133 535 2175 Punici
554 2134 652 2175 belli
673 2134 881 2183 societate,
904 2134 1046 2190 iraque
1068 2133 1165 2174 inde
1194 2133 1463 2182 tumentibus,
1486 2132 1758 2173 mitterentur.

176 2198 331 2239 Legiones
341 2198 369 2230 6.
386 2191 469 2233 Sex
490 2191 721 2247 legionibus
745 2192 946 2232 Romanis
967 2207 1016 2233 eo
1037 2207 1146 2232 anno
1167 2206 1290 2231 usura
1310 2190 1540 2246 respublica
1560 2198 1658 2230 erat.

255 2256 290 2293 9.
440 2249 492 2290 In
512 2249 601 2305 ipso
622 2258 820 2305 apparatu
840 2249 938 2290 belli
958 2249 1082 2304 legati
1098 2249 1148 2289 ab
1170 2264 1265 2304 rege
1288 2247 1529 2289 Ptolemaeo
1542 2256 1758 2296 venerunt.

177 2310 288 2350 Legati
346 2354 352 2359 ¹
384 2307 455 2362 qui
487 2307 743 2356 nuntiarunt,
775 2306 1083 2347 ‘Athenienses
1113 2305 1306 2346 adversus
1336 2304 1577 2360 Philippum
1608 2304 1759 2359 petisse

178 2353 363 2385 Ptolemaffl.
383 2365 461 2405 ‘ab
496 2380 592 2420 rege
629 2364 840 2405 auxilium.
905 2363 1118 2412 Ceterum,
1151 2363 1224 2403 etsi
1262 2377 1503 2403 communes
1533 2362 1631 2402 socii
1663 2361 1756 2411 sint,

383 2428 394 2445 ⁶
412 2430 563 2471 tamen,
587 2422 664 2462 nisi
685 2437 737 2462 ex
763 2421 1005 2462 auctoritate
1027 2420 1170 2476 populi
1200 2420 1392 2468 Romani,
1416 2434 1552 2474 neque
1574 2419 1756 2469 classem,
1958 2430 1960 2476 4

383 2485 546 2535 ‘neque
578 2479 806 2520 exercitum
835 2478 1088 2520 defendendi
1117 2486 1188 2519 aut
1218 2477 1487 2533 oppugnandi
1512 2477 1756 2532 cuiusquam
1959 2477 1960 2489 ³

1777 1978 1792 2009 *5

424 2623 441 2653 5
466 2615 605 2644 nlililem
625 2613 774 2649 veterem]
810 2612 884 2642 Non
906 2622 970 2647 eos,
991 2611 1044 2650 qui
1130 2612 1148 2641 6
1171 2614 1294 2642 Soc-ium
1320 2614 1430 2642 Latini
1458 2612 1610 2652 nominis]
1654 2613 1758 2644 Vetus

382 2656 524 2695 legitima
552 2665 708 2685 annorum
742 2654 847 2693 viginti
885 2654 1043 2693 stipendia
1089 2654 1245 2684 scribendi
1262 2655 1501 2685 modusomissa
1515 2655 1669 2694 particula
1683 2667 1755 2686 con-

381 2700 594 2733 confecerant,
606 2697 735 2736 sed‚qui
748 2696 779 2726 in
791 2696 1044 2736 quattuordecim
1089 2697 1240 2730 iunctim,
1260 2702 1293 2727 ut
1312 2699 1454 2736 populns
1469 2699 1632 2729 Romanus
1649 2700 1755 2736 Quiri-

382 2741 492 2780 prioris
507 2741 581 2771 anni
599 2740 774 2779 legionibus
791 2744 981 2774 nwruemm,
994 2739 1045 2769 hic
1089 2741 1179 2770 timu.
1210 2741 1249 2770 cf.
1267 2739 1399 2770 Niebhr.
1417 2740 1459 2771 iii.
1477 2751 1505 2770 n.
1524 2751 1594 2781 935.

380 2783 514 2821 intelligi
544 2782 766 2813 aninuulvcrtit
800 2782 921 2812 Duker.
974 2782 1043 2811 llos
1137 2790 1151 2820 7
1177 2784 1238 2818 Qui
1264 2793 1371 2813 eornm
1395 2807 1401 2813 .
1420 2807 1426 2813 .
1445 2807 1451 2813 .
1469 2808 1476 2814 ,
1497 2784 1666 2821 haberent]
1702 2783 1753 2813 Ita

380 2826 525 2856 consules
548 2825 619 2855 iussi
643 2829 716 2854 suut
739 2824 910 2857 dimittere,
931 2828 963 2853 ut
987 2823 1041 2853 uli·
1088 2825 1234 2856 Muretus
1263 2825 1443 2856 emendavit
1475 2837 1531 2866 pro
1556 2827 1638 2867 vulg,
1661 2827 1753 2856 Imbe-

381 2868 453 2907 quid
473 2867 643 2899 laxamenti
660 2878 677 2897 a
694 2867 844 2898 continua
860 2865 1039 2897 militiaha-
1088 2872 1143 2899 ret⁴

382 2913 502 2942 herent.
