1960 3218
342 139 423 177 346
860 138 1010 181 ΤΙΤΙ
1052 138 1230 182 LIVII

136 231 177 263 U.
195 231 233 263 C.
257 226 518 282 563.quidem
538 227 744 283 impetum
762 235 805 269 et
821 229 1047 271 clamorem
1064 230 1353 272 Romanorum
1376 229 1576 272 tulerunt.
1625 229 1742 285 Fuga.

132 276 172 306 A.
198 276 235 307 C.
261 276 396 325 ¹89·ad
418 293 551 326 castra
570 285 811 336 inclinavit3
846 287 919 328 sed
944 288 1067 344 pauci
1094 289 1204 330 intra
1234 288 1498 330 munimenta
1517 303 1605 329 sese
1627 302 1741 328 rece—

209 1617 276 1654 28.

138 1672 302 1703 Censurae

138 1720 221 1747 acta.

343 357 469 398 pere:
510 358 602 399 pars
632 344 777 393 maior,
801 344 949 386 dextra
979 345 1179 402 laevaque
1211 346 1398 402 praelati,
1423 362 1507 402 qua
1528 359 1740 401 quemque
1757 361 1771 382 1

344 400 527 456 impetus
549 400 658 450 tulit,
681 401 892 457 fugerunt.
955 403 1160 453 Victores,
1184 419 1317 460 usque
1349 404 1402 445 ad
1433 415 1566 445 castra
1596 402 1741 452 secuti,

345 457 590 499 ceciderunt
612 467 749 516 terga:
784 460 938 501 deinde
960 461 1004 502 in
1026 462 1168 503 castris
1190 462 1421 518 cupiditate
1443 461 1622 518 praedae
1644 460 1742 501 hae-

345 524 502 565 serunt,
535 531 614 557 nec
645 518 900 573 sequebatur
921 519 1156 575 quisquam.
1220 519 1272 560 In
1294 520 1490 561 cornibus
1514 519 1627 560 Galli
1649 518 1744 559 diu-

346 573 428 614 tius
449 583 667 624 steterunt,
691 575 791 631 quia
812 577 941 617 serius
963 577 1015 617 ad
1038 592 1108 618 eos
1130 587 1378 633 perventum
1401 586 1473 618 est.
1539 576 1743 618 Ceterum

346 647 399 672 ne
421 631 603 687 primum
626 633 799 688 quidem
828 634 1066 675 coniectum
1098 635 1277 682 telorum
1302 635 1500 676 tulerunt.
1567 633 1741 683 Consul,

346 689 420 745 qui
450 689 657 745 ingressos
688 690 731 730 in
760 700 893 732 castra
924 692 975 732 ab
1004 692 1239 748 direptione
1281 693 1519 734 abstrahere
1551 707 1637 734 non
1668 707 1776 747 po-2

346 755 466 796 terat,
496 762 578 796 eos,
605 748 677 804 qui
707 748 749 788 in
782 749 977 790 cornibus
1009 749 1185 799 fuerant,
1208 750 1399 806 protinus
1430 750 1483 791 ad
1507 749 1744 806 sequendos

346 804 486 845 hostes
518 805 639 846 misit.
703 805 786 847 Per
807 806 1068 862 aliquantum
1091 808 1271 863 spatium
1293 808 1438 857 secuti,
1461 823 1545 848 non
1568 807 1661 863 plus
1683 815 1744 848 ta-

346 877 445 903 men
474 871 568 903 octo
597 863 727 903 millia
758 863 979 904 hominum
1010 865 1053 905 in
1082 865 1181 921 fuga
1202 865 1319 920 (nam
1341 881 1484 921 pugna
1511 865 1625 905 nulla
1644 864 1744 919 fuit)

346 919 614 961 ceciderunt:
652 920 803 977 reliqui
834 922 992 963 flumen
1023 922 1166 979 Halyn
1200 923 1465 964 traiecerunt.
1530 922 1746 963 Romano-

346 992 439 1017 rum
462 992 614 1033 magna
634 993 728 1034 pars
750 994 800 1020 ea
827 989 950 1021 nocte
979 980 1023 1020 in
1052 980 1236 1022 hostium
1259 981 1401 1022 castris
1423 980 1598 1029 mansit3
1632 988 1745 1021 cete-

346 1050 413 1075 ros
434 1035 478 1076 in
500 1049 573 1076 sua
595 1044 727 1077 eastra
748 1037 893 1078 consul
914 1037 1095 1079 reduxit.
1142 1038 1317 1080 Postero
1334 1039 1402 1080 die
1420 1038 1604 1094 captivos
1624 1053 1745 1094 prae-

347 1092 529 1148 damque
570 1094 803 1135 recensuit:
844 1111 951 1150 quae
990 1104 1106 1137 tanta
1140 1096 1232 1146 fuit,
1267 1105 1466 1152 quantam
1509 1096 1746 1136 avidissima

348 1151 539 1206 rapiendi
567 1167 683 1206 gens,
707 1167 837 1208 quum
861 1153 919 1194 cis
941 1163 1126 1195 montem
1152 1154 1341 1195 Taurum
1364 1154 1505 1195 omnia
1526 1154 1650 1194 armis
1671 1168 1746 1209 per

347 1208 503 1249 multos
535 1209 737 1250 tenuisset
758 1226 901 1260 annos,
925 1227 1166 1253 coacervare
1188 1212 1337 1268 potuit.
1404 1211 1530 1261 Galli,
1553 1227 1606 1252 ex
1627 1211 1746 1252 dissi-

347 1275 444 1322 pata
475 1267 627 1322 passim
658 1267 758 1323 fuga
787 1269 830 1309 in
864 1284 994 1310 unum
1027 1269 1165 1311 locum
1199 1270 1453 1326 congregati,
1477 1284 1628 1325 magna
1652 1283 1746 1325 pars

348 1324 477 1365 saucii
500 1333 572 1365 aut
593 1325 786 1375 inermes,
810 1326 958 1367 nudati
980 1328 1175 1368 omnibus
1205 1329 1340 1376 rebus,
1365 1336 1547 1376 oratores
1569 1326 1620 1368 de
1642 1341 1745 1383 pace

348 1382 402 1423 ad
423 1381 638 1423 consulem
666 1383 880 1425 miserunt.
944 1384 1029 1426 Eos
1051 1384 1238 1426 Manlius
1262 1385 1477 1441 Ephesum
1498 1385 1640 1425 venire
1663 1384 1747 1425 ius-

349 1439 413 1480 sit.
477 1439 586 1496 Ipse,
609 1441 712 1496 (iam
735 1442 848 1482 enim
872 1442 1058 1483 medium
1091 1443 1307 1484 auctumni
1339 1444 1446 1498 erat)
1467 1442 1568 1483 locis
1598 1441 1747 1498 gelidis

349 1497 664 1554 propinquitate
697 1499 827 1539 Tauri
859 1501 1013 1541 montis
1045 1501 1248 1542 excedere
1279 1516 1519 1556 properans,
1547 1500 1747 1541 victorem

351 1556 582 1596 exercitum
606 1556 648 1596 in
670 1556 846 1598 hiberna
868 1558 1100 1599 maritimae
1123 1574 1219 1600 orae
1241 1558 1420 1599 reduxit.

409 1613 527 1653 Dum
556 1613 659 1655 haee
684 1614 728 1654 in
754 1615 859 1655 Asia
885 1625 1101 1670 geruntur,
1125 1617 1167 1656 in
1200 1617 1349 1657 ceteris
1379 1615 1604 1672 provinciis
1636 1624 1749 1656 tran-

351 1670 505 1726 quillae
542 1686 607 1712 res
639 1671 820 1713 fuerunt.
887 1673 1095 1715 Censores
1128 1674 1289 1715 Romae
1320 1674 1370 1714 T.
1397 1673 1624 1722 Quinctius
1656 1673 1749 1713 Fla-

351 1729 535 1769 mininus
569 1738 611 1770 et
642 1729 704 1770 M.
732 1729 941 1771 Claudius
973 1731 1201 1772 Marcellus
1237 1740 1427 1772 senatum
1465 1731 1747 1787 perlegerunt.

350 1786 554 1842 Princeps
595 1787 636 1827 in
680 1796 827 1828 senatu
866 1789 1035 1829 tertium
1072 1789 1204 1830 lectus
1237 1789 1285 1830 P.
1316 1789 1457 1844 Scipio
1497 1789 1745 1830 Africanus:

351 1852 550 1900 quattuor
571 1844 646 1885 soli
666 1846 879 1900 praeteriti
902 1856 1011 1895 sunt,
1035 1862 1160 1888 nemo
1182 1846 1317 1887 curuli
1340 1862 1437 1887 usus
1458 1847 1628 1887 honore.
1693 1845 1749 1887 Et
1763 1856 1779 1886 3

350 1902 394 1941 in
416 1902 608 1957 equitatu
630 1903 889 1944 recensendo
912 1904 1024 1945 mitis
1045 1905 1273 1945 admodum
1296 1920 1471 1945 censura
1490 1904 1580 1945 fuit.
1642 1903 1782 1945 Sub-4

350 1960 624 2000 structionem
666 1975 792 2016 super
828 1961 1171 2017 Aequimaelium
1213 1962 1256 2002 in
1297 1962 1522 2018 Capitolio,
1561 1970 1604 2002 et
1638 1962 1780 2003 viam5

350 2016 464 2057 silice
501 2018 772 2058 sternendam
808 2034 832 2059 a
866 2028 986 2075 porta
1021 2019 1196 2076 Capena
1227 2020 1279 2060 ad
1312 2019 1463 2061 Martis
1494 2019 1747 2060 locaverunt.

353 2073 576 2130 Campani,
610 2076 681 2116 ubi
714 2086 996 2127 censerentur,
1024 2086 1215 2119 senatum
1242 2077 1565 2118 consuluerunt:
1605 2077 1783 2118 decre-6

351 2141 454 2182 tum,
494 2133 553 2173 uti
590 2133 751 2174 Romae
785 2144 1067 2176 censerentur.
1144 2136 1295 2191 Aquae
1327 2136 1521 2191 ingentes
1554 2151 1604 2176 eo
1639 2149 1749 2176 anno

400 2319 410 2338 1
441 2310 604 2347 Praelaei]
634 2310 765 2349 Impetu
786 2310 880 2349 fugae
902 2313 1030 2348 praeter

353 2358 455 2381 eastra
473 2352 586 2381 ablati.
611 2353 717 2382 CREV.

398 2403 413 2423 2
440 2396 503 2430 Qui
523 2396 697 2433 illyres-sos]
726 2396 811 2431 Quia
835 2405 892 2433 pro
913 2396 980 2434 qui,
998 2394 1029 2424 id

354 2437 440 2474 quod
457 2437 596 2467 Crevier.
620 2438 756 2475 mavult,
778 2437 921 2476 reposuit
944 2438 1028 2467 Bek-

354 2479 420 2508 ker.

400 2531 416 2559 3
443 2523 619 2551 l’raeleriti
635 2522 729 2561 sunt]
758 2522 796 2552 ef.
814 2523 907 2561 Supr.
922 2522 964 2552 ix.
981 2532 1029 2560 30.

399 2575 417 2601 4
440 2565 712 2594 ,suavo-metionem
727 2576 825 2604 snper
841 2567 867 2594 A
874 2566 1031 2604 (quintae-

356 2607 452 2643 lium]
475 2606 635 2636 Lot-avere
647 2617 791 2637 censores
802 2608 1031 2636 exstruendum

357 2648 539 2677 aediticium
559 2648 589 2677 in
610 2649 845 2687 Aequimaelio.
858 2660 940 2687 quae
957 2659 1031 2679 area

357 2691 445 2720 nuda
472 2695 631 2720 manserat
659 2692 698 2721 al)
725 2702 762 2721 eo
787 2695 944 2730 tempore,
968 2702 1031 2730 quo

357 2734 453 2763 aedes
471 2733 581 2763 Maelii
596 2734 721 2763 dirutae
735 2735 871 2764 fueraut.
895 2734 932 2764 cf.
947 2744 1031 2772 supr.

358 2775 399 2805 iv.
420 2775 465 2806 16.
496 2777 539 2805 In
556 2775 713 2815 Capitulio
729 2776 872 2814 intellige
896 2776 927 2806 in
950 2777 1033 2807 cliro

358 2818 558 2857 Capitolino„
575 2829 637 2848 non
656 2818 686 2848 in
703 2829 775 2849 aree
792 2819 870 2858 ipsa.

402 2869 418 2898 5
452 2862 539 2891 Viam
572 2885 578 2891 .
597 2885 604 2891 .
623 2885 629 2891 .
647 2872 666 2891 (ι
696 2867 791 2901 porta.
822 2864 955 2900 (saluum
992 2863 1035 2892 ad

358 2904 498 2942 Martis]
526 2905 622 2940 Quae
643 2914 762 2944 nempe
778 2904 1034 2935 committeretur

1073 2309 1101 2339 ei
1134 2309 1203 2339 riae
1231 2319 1314 2347 quae
1344 2319 1363 2339 a
1390 2308 1506 2338 Martis
1536 2309 1577 2338 ad
1606 2307 1751 2337 Bovillas

1073 2356 1173 2382 strata
1197 2356 1276 2389 erat,
1301 2362 1385 2390 supr.
1412 2362 1442 2381 x.
1463 2358 1513 2389 47.
1560 2350 1750 2389 Antiquitus

1074 2395 1221 2424 semitam
1248 2406 1266 2424 a
1292 2398 1383 2433 porta
1409 2395 1543 2432 Capena
1569 2394 1609 2423 ad
1636 2393 1750 2423 Martis

1074 2448 1151 2466 saxo
1179 2438 1335 2475 quadrato
1365 2440 1495 2465 stratam
1528 2436 1625 2465 fuisse
1656 2436 1750 2465 docet

1077 2480 1188 2509 Livius
1218 2489 1306 2517 supr.
1336 2489 1367 2509 x.
1399 2488 1446 2517 23.
1494 2478 1559 2508 llic
1590 2479 1653 2508 iam
1685 2489 1750 2508 non

1076 2522 1201 2559 semita,
1232 2522 1286 2551 sed
1319 2521 1379 2558 via,
1409 2522 1581 2551 sternenda
1616 2522 1751 2558 locatur,

1077 2564 1166 2594 silice
1211 2568 1331 2599 tamen,
1368 2574 1431 2593 non
1469 2574 1547 2593 saxo
1584 2565 1750 2602 quadrato.

1080 2606 1194 2637 Martis
1215 2608 1310 2636 aedes
1327 2610 1416 2636 extra
1440 2610 1564 2645 portam
1584 2608 1751 2645 Capenam

1076 2653 1155 2686 erat,
1172 2653 1310 2678 testante
1328 2649 1396 2688 ipso
1415 2650 1506 2679 Livio
1523 2659 1607 2688 supr.
1626 2649 1677 2679 vii.
1696 2658 1745 2686 23.

1120 2690 1138 2721 6
1163 2692 1333 2731 (summani,
1360 2694 1411 2721 aba·
1436 2693 1660 2729 censerentur]
1699 2691 1751 2721 Ex

1078 2745 1141 2773 quo
1166 2736 1281 2773 Capua
1302 2746 1321 2764 a
1339 2735 1496 2764 Romanis
1517 2738 1612 2773 capta
1635 2735 1751 2771 fuerat,

1079 2777 1205 2806 nullum
1232 2781 1297 2807 erat
1324 2777 1353 2806 in
1382 2788 1420 2807 ea
1440 2778 1517 2807 urbe
1541 2787 1656 2816 eorpus
1677 2776 1751 2806 eivi-

1079 2820 1165 2853 talis,
1183 2820 1262 2849 nulli
1280 2820 1491 2857 magistratus.
1513 2820 1551 2850 ef.
1566 2830 1649 2858 supr.
1664 2818 1750 2849 xxvi.

1084 2862 1129 2892 16.
1163 2862 1251 2892 lliuc
1266 2863 1392 2893 videtur
1409 2863 1481 2892 oriri
1498 2863 1554 2892 illa
1567 2862 1752 2898 difficultas,

1077 2905 1208 2936 ubinam
1227 2905 1346 2936 censeri
1363 2906 1517 2936 deberent
1533 2903 1703 2944 Campani.
