1960 3218
556 139 562 149 ²
595 143 722 185 LIB.
756 141 950 184 XXXV.
997 141 1145 184 CAP.
1180 145 1247 183 28.
1528 143 1611 181 203

215 234 356 292 ignem
376 234 480 276 casis
501 234 552 276 ab
574 234 689 276 omni
713 241 830 290 parte
852 241 1082 274 castrorum
1114 231 1270 272 iniecit.
1334 229 1465 270 Multi
1495 229 1612 286 prius
1627 240 1670 271 U.
1687 238 1725 270 O.
1749 237 1822 279 560.

215 292 413 334 incendio
449 292 658 348 absumpti
689 299 800 341 sunt,
833 306 958 347 quam
996 290 1181 331 hostium
1218 288 1446 329 adventum
1483 287 1612 328 senti-
1626 284 1664 315 Α·
1688 283 1726 314 C·
1752 291 1822 322 ¹9²·

215 360 335 392 rent:
383 359 438 400 et,
476 350 550 406 qui
589 358 817 399 senserant,
854 348 1014 389 nullam
1055 362 1179 403 opem
1220 346 1327 387 ferre
1368 354 1609 401 potuerunt.

216 408 342 449 Ferro
363 409 614 463 flammaque
632 407 774 448 omnia
794 408 1031 462 absumpta:
1066 404 1265 461 perpauci
1288 412 1429 444 tamen
1451 418 1504 443 ex
1527 411 1611 444 tam

215 466 389 522 ancipiti
419 474 535 521 peste
567 465 620 506 ad
654 464 864 522 Gythium
896 464 940 504 in
972 463 1130 504 maiora
1159 470 1292 503 castra
1321 461 1610 517 perfugerunt.

216 522 281 564 Ita
310 522 510 579 perculsis
540 522 742 572 hostibus,
775 521 1082 577 Philopoemen
1118 519 1307 576 protinus
1339 518 1392 559 ad
1423 518 1612 574 depopu-

183 580 383 622 Slandam
412 580 619 636 Tripolim
648 579 849 621 Laconici
880 579 979 635 agri,
1004 578 1077 634 qui
1107 577 1324 634 proximus
1355 576 1483 617 finem
1516 575 1613 616 Me-

214 638 534 695 galopolitarum
556 647 630 688 est,
653 638 797 679 duxit:
832 645 887 687 et,
910 652 1063 692 magna
1082 636 1123 677 vi
1144 650 1343 692 pecorum
1371 634 1614 675 hominum-

215 712 297 752 que
321 696 418 737 inde
440 697 624 752 abrepta,
642 696 885 752 priusquam
907 711 931 736 a
950 693 1112 750 Gythio
1134 703 1336 750 tyrannus
1357 691 1613 748 praesidium

214 754 323 811 angS
350 754 547 804 mitteret,
570 754 771 794 discessit.
834 752 940 793 Inde
964 752 1151 808 Tegeam
1173 750 1362 792 exercitu
1384 758 1612 799 contracto,

214 811 478 868 concilioque
508 811 658 853 eodem
690 820 733 852 et
762 810 945 852 Achaeis
976 819 1018 851 et
1049 809 1170 851 sociis
1202 808 1375 857 indicto,
1398 808 1441 848 in
1465 823 1550 864 quo
1572 815 1615 848 et

217 870 485 926 Epirotarum
505 877 548 910 et
565 869 837 910 Acarnanum
858 868 974 909 fuere
996 867 1220 924 principes,
1239 866 1396 915 statuit,
1412 865 1614 921 quoniam

215 928 313 969 satis
346 936 388 968 et
423 942 593 968 suorum
629 942 653 968 a
685 926 846 983 pudore
878 926 1112 967 maritimae
1144 924 1399 980 ignominiae
1432 922 1614 964 restituti

216 985 358 1035 animi,
381 994 424 1026 et
444 985 628 1026 hostium
650 984 866 1026 conterriti
897 993 1048 1032 essent,
1072 983 1125 1024 ad
1147 981 1513 1023 Lacedaemonem
1535 980 1616 1021 du-

216 1059 336 1085 cere:
375 1058 424 1084 eo
447 1042 573 1084 modo
600 1058 685 1083 uno
706 1051 819 1084 ratus
845 1042 895 1083 ab
924 1041 1142 1083 obsidione
1168 1040 1318 1097 Gythii
1350 1039 1514 1080 hostem
1542 1039 1615 1079 ab-

216 1101 315 1142 duci
345 1116 477 1157 posse.
541 1100 614 1141 Ad
641 1100 800 1156 Caryas
830 1100 1015 1155 primum
1047 1099 1091 1139 in
1122 1098 1305 1140 hostium
1335 1105 1444 1139 terra
1473 1096 1615 1152 posuit

215 1168 358 1200 castra.
423 1158 487 1200 Eo
509 1158 599 1214 ipso
621 1158 689 1199 die
715 1158 924 1215 Gythium
946 1165 1235 1213 expugnatum
1258 1164 1331 1197 est.
1398 1154 1532 1196 Cuius
1554 1154 1614 1195 rei
1629 1159 1789 1201 Gythium

215 1217 384 1273 ignarus
414 1216 735 1272 Philopoemen,
765 1224 899 1256 castra
930 1215 982 1256 ad
1016 1214 1349 1255 Barbosthenem
1381 1213 1522 1269 (mons
1552 1221 1614 1254 est
1628 1209 1797 1279 ᾯΡζέἰῖηθ

215 1275 362 1316 decem
385 1274 515 1315 millia
535 1289 732 1329 passuum
753 1274 804 1314 ab
822 1272 1165 1327 Lacedaemone)
1185 1271 1406 1328 promovit.
1454 1270 1510 1311 Et
1525 1267 1642 1312 Na-*
1664 1259 1683 1278 a
1707 1259 1716 1279 ¹
1742 1260 1771 1285 θ’

213 1332 289 1382 bis,
313 1341 481 1388 recepto
506 1331 680 1388 Gythio,
703 1346 800 1372 cum
822 1330 1023 1386 expedito
1044 1330 1233 1371 exercitu
1262 1329 1362 1370 inde
1388 1328 1613 1384 profectus,

183 1405 348 1446 9quum
395 1402 561 1446 praeter
602 1389 969 1430 Lacedaemonem
1011 1388 1163 1444 raptim
1204 1387 1405 1437 duxisset,
1447 1386 1614 1443 Pyrrhi,

216 1463 323 1504 quae
340 1457 503 1498 vocant,
520 1456 651 1488 castra
669 1447 911 1503 occupavit:
937 1461 1064 1503 quem
1086 1445 1173 1501 peti
1194 1445 1334 1486 locum
1351 1445 1402 1486 ab
1418 1444 1614 1494 Achaeis,

215 1521 301 1547 non
318 1505 547 1547 dubitabat.
601 1504 708 1546 Inde
730 1505 919 1546 hostibus
940 1504 1132 1546 occurrit.
1188 1503 1451 1547 Obtinebant
1472 1510 1613 1544 autem

215 1563 341 1619 longo
365 1564 531 1619 agmine
562 1571 734 1620 propter
764 1562 975 1618 angustias
996 1562 1087 1603 viae
1108 1576 1239 1617 prope
1262 1561 1451 1617 quinque
1483 1560 1616 1601 millia.

188 1637 423 1678 1passuum.
490 1620 733 1677 Cogebatur
768 1635 918 1677 agmen
952 1620 1003 1661 ab
1037 1619 1262 1675 equitibus,
1296 1627 1339 1659 et
1372 1618 1554 1659 maxime
1591 1634 1615 1661 a

215 1688 332 1736 parte
364 1678 638 1720 auxiliorum:
676 1678 791 1734 quod
822 1678 1086 1719 existimabat
1117 1676 1438 1732 Philopoemen,
1471 1685 1615 1733 tyran-

215 1753 318 1778 num
355 1736 622 1778 mercenariis
658 1736 872 1785 militibus,
906 1736 1059 1792 quibus
1095 1734 1323 1791 plurimum
1360 1734 1523 1783 fideret,
1562 1734 1614 1775 ab

216 1804 333 1851 tergo
355 1810 450 1835 suos
471 1809 774 1851 aggressurum.
838 1793 960 1834 Duae
992 1809 1057 1834 res
1088 1792 1211 1833 simul
1245 1792 1486 1848 inopinatae
1518 1807 1614 1848 per-

215 1853 410 1894 culerunt
443 1868 562 1894 eum:
603 1868 699 1902 una,
728 1860 1070 1908 praeoccupatus,
1101 1866 1226 1906 quem
1262 1850 1445 1906 petebat,
1470 1849 1610 1891 locus:

216 1910 358 1961 altera,
381 1910 497 1966 quod
524 1910 660 1966 primo
681 1909 839 1965 agmini
861 1909 1086 1950 occurrisse
1108 1909 1273 1949 hostem
1295 1909 1504 1957 cernebat,
1526 1907 1612 1957 ubi,

216 1984 347 2024 quum
378 1983 453 2024 per
484 1968 575 2009 loca
603 1968 845 2024 confragosa
872 1968 952 2008 iter
979 1974 1099 2015 esset,
1129 1967 1217 2007 sine
1249 1966 1352 2006 levis
1380 1974 1612 2006 armaturae

215 2026 424 2081 praesidio
453 2025 572 2081 signa
595 2026 693 2066 ferri
724 2040 810 2066 non
831 2024 1002 2065 videbat
1029 2039 1160 2080 posse.
1226 2023 1328 2064 Erat
1349 2031 1488 2064 autem
1512 2022 1615 2063 Phi-
1692 2023 1758 2062 28.

216 2083 438 2138 lopoemen
460 2083 708 2139 praeCIpuae
726 2083 770 2123 in
787 2082 984 2123 ducendo
1002 2082 1168 2137 agmine
1192 2081 1377 2137 locisque
1399 2080 1614 2137 capiendis
1630 2078 1803 2126 Philopoe-

216 2141 422 2182 sollertiae
460 2150 585 2196 atquc
623 2156 743 2181 usus:
787 2155 866 2181 nec
898 2139 996 2180 belli
1033 2148 1195 2180 tantum
1235 2138 1505 2194 temporibuS,
1540 2123 1806 2195 sedfflfffflsess'l'

217 2198 342 2239 ctiam
365 2199 409 2239 in
431 2214 545 2254 pace,
569 2198 621 2239 ad
644 2198 687 2238 id
709 2197 890 2238 maxime
914 2197 1101 2238 animum
1123 2205 1379 2238 exercuerat.
1427 2196 1514 2237 Ubi
1536 2196 1616 2237 iter
1628 2217 1704 2237 usus
1720 2207 1752 2237 in
1769 2208 1814 2237 lo-

217 2256 415 2312 quopiam
448 2256 615 2305 faceret,
639 2264 681 2296 et
709 2255 762 2296 ad
793 2255 1005 2296 difficilem
1035 2255 1212 2295 transitu
1243 2253 1394 2295 saltum
1419 2254 1612 2304 venisset,
1628 2249 1673 2297 ‘³55³‘
1689 2250 1817 2290 capien-

217 2314 523 2369 contemplatus
546 2314 597 2354 ab
619 2313 734 2353 omni
756 2321 873 2368 parte
900 2312 980 2353 loci
1006 2320 1211 2361 naturam,
1235 2327 1366 2368 quum
1389 2311 1499 2352 solus
1521 2312 1613 2362 iret,
1628 2293 1686 2325 ὼε·

217 2386 358 2412 seeum
389 2372 476 2427 ipse
509 2372 691 2427 agitabat
720 2371 883 2420 animo;
918 2385 1050 2427 quum
1079 2370 1252 2411 comites
1281 2369 1467 2419 haberet,
1491 2369 1542 2410 ab
1564 2370 1614 2411 iis

218 2429 457 2484 quaerebat,
483 2435 493 2452 ‘
513 2428 557 2470 Si
580 2429 709 2470 hostis
731 2444 780 2469 eo
802 2428 894 2469 loco
916 2428 1187 2484 apparuisset,
1211 2427 1329 2483 quid,
1353 2427 1385 2467 si
1412 2443 1436 2468 a
1462 2427 1614 2478 fronte,

221 2492 231 2510 ‘
245 2487 361 2542 quid,
385 2487 417 2527 si
440 2487 491 2527 ab
512 2486 640 2527 latere
662 2486 742 2527 hoc
763 2495 834 2527 aut
856 2485 940 2535 illo,
960 2485 1076 2541 quid,
1099 2485 1132 2525 si
1155 2485 1206 2525 ab
1229 2494 1345 2541 tergo
1367 2484 1614 2535 adoriretur,

221 2544 496 2599 ‘capiendum
532 2543 695 2586 consilii
730 2544 870 2585 foret?
931 2543 1058 2584 Posse
1101 2543 1327 2584 instructos
1363 2551 1477 2584 recta
1512 2543 1614 2593 acie,

263 2699 282 2728 8
306 2701 418 2730 Finem
429 2700 753 2739 Meyalopolitarum]
773 2698 893 2730 Merito
982 2708 1001 2739 9
1026 2700 1161 2737 Pyrrhi,
1205 2709 1288 2738 qnae
1338 2702 1451 2729 vocant
1490 2699 1614 2735 castra]

221 2741 283 2781 legi
308 2741 397 2772 iubet
421 2742 605 2773 Gronovius
620 2744 724 2782 finem
747 2743 892 2781 Megalo-
941 2741 1071 2772 Nomen
1090 2741 1162 2772 loci.
1190 2742 1297 2771 Cmcv.

217 2785 410 2824 politanum.
456 2784 508 2816 Sic
525 2785 609 2815 enim
632 2789 720 2815 amat
737 2784 823 2823 loqui
842 2783 894 2816 Li·
987 2794 997 2814 1
1025 2785 1070 2814 Et
1086 2785 1222 2814 marim&
1242 2794 1261 2813 (ι
1282 2787 1377 2822 parle
1399 2782 1614 2821 (murdim-nm]

224 2826 299 2857 vius.
319 2827 390 2857 infr.
408 2827 449 2858 ix.
467 2826 495 2858 6.
513 2828 664 2866 adfinem
681 2827 892 2866 Campanum.
941 2825 1127 2863 chcntlum
1142 2826 1230 2855 iubet
1244 2825 1428 2855 Perizonius
1438 2830 1468 2855 el
1479 2826 1618 2858 murima

222 2879 252 2899 x.
270 2879 286 2907 3
292 2877 320 2907 5.
344 2871 495 2908 adfinem
512 2871 720 2907 Lucerinum.
757 2870 801 2909 Et
817 2869 894 2904 alibi
937 2874 1032 2909 parte
1048 2870 1258 2907 auxiliorum,
1269 2868 1355 2908 quod
1370 2867 1510 2899 Bekker.
1529 2877 1617 2906 repo-

221 2912 357 2951 saepius.
383 2914 488 2944 CnEv.
941 2911 1012 2947 suit.
