1960 3218
583 149 710 191 LIB.
744 148 966 190 XXXIX.
1015 148 1162 191 CAP.
1195 153 1234 191 4.
1531 152 1611 190 381

180 242 469 299 5permiserat,
501 256 654 297 magno
685 240 914 282 certamine
948 255 1045 281 cum
1078 249 1272 297 praetore
1306 240 1465 290 habito,
1493 248 1616 282 tenu-
1631 248 1675 280 U.
1693 248 1731 280 C.
1755 246 1828 286 565·

212 308 337 341 erunt
368 315 546 341 causam.
612 300 744 339 Arma
773 297 951 339 reddere
984 297 1257 348 Cenomanis,
1281 298 1488 340 decedere
1520 313 1616 355 pro·
1630 292 1670 323 A.
1695 291 1732 323 C.
1759 292 1828 330 ¹87·

212 358 351 399 vincia
371 366 540 414 praetor
560 357 706 397 iussus.

274 415 444 471 Legatis
472 414 626 456 deinde
657 413 864 454 sociorum
888 413 1033 454 Latini
1063 414 1261 463 nominis,
1286 414 1359 469 qui
1382 422 1470 455 toto
1493 414 1619 455 undi-

214 489 297 529 que
329 488 381 514 ex
414 473 538 513 Latio
570 472 811 527 frequentes
847 479 1144 520 convenerant,
1181 480 1350 512 senatus
1382 471 1504 512 datus
1541 481 1616 513 est.

216 530 297 572 His
333 530 619 586 querentibus,
657 544 852 585 magnam
895 528 1213 570 multitudinem
1251 529 1406 570 civium
1447 544 1619 570 suorum

217 588 399 629 Romam
427 588 733 643 commigrasse,
757 596 799 627 et
824 586 882 627 ibi
911 601 1058 627 censos
1080 602 1182 637 esse,
1210 586 1263 635 Q.
1284 587 1488 627 Terentio
1514 586 1620 627 Cul-

214 645 328 687 leoni
358 645 540 702 praetori
571 644 788 701 negotium
817 644 963 685 datum
992 653 1067 694 est,
1091 653 1138 685 ut
1159 659 1230 685 eos
1255 644 1538 700 conquireret,
1562 654 1618 694 et,

216 718 343 759 quem
364 702 414 745 C.
434 702 630 752 Claudio,
649 701 711 743 M.
730 702 853 743 Livio
875 702 1128 752 censoribus,
1151 711 1296 758 postve
1319 717 1388 743 eos
1410 717 1618 751 censoreS,

216 761 355 817 ipsum
387 770 657 817 parentemve
690 760 779 801 eius
810 760 924 816 apud
955 775 999 801 se
1031 775 1206 801 censum
1237 775 1340 809 esse,
1372 760 1620 816 probassent

217 819 332 868 socii,
355 828 402 859 ut
428 818 563 860 redire
587 834 636 859 eo
659 827 839 874 cogeret,
862 818 935 859 ubi
965 818 1080 858 censi
1111 826 1260 859 essent.
1325 817 1420 858 Hac
1442 817 1621 873 conqui-

218 876 368 917 sitione
400 876 627 917 duodecim
658 875 789 916 millia
820 875 1072 916 Latinorum
1104 875 1251 917 domos
1281 875 1514 925 redierunt,
1537 875 1621 915 iam

220 943 310 975 tum
332 934 604 975 multitudine
627 933 958 989 alienigenarum
981 934 1129 974 urbem
1152 941 1366 974 onerante.

278 991 531 1047 Priusquam
562 991 752 1031 consules
783 990 970 1031 redirent
1001 992 1198 1040 Romam,
1235 991 1297 1031 M.
1318 991 1491 1032 Fulvius
1525 1006 1622 1047 pro-

1714 995 1754 1032 4.

220 1049 366 1090 consul
403 1064 454 1089 ex
490 1048 660 1089 Aetolia
691 1048 842 1088 rediit:
890 1049 1021 1103 isque,
1056 1048 1109 1089 ad
1145 1048 1295 1089 aedem
1327 1048 1540 1104 Apollinis
1577 1048 1620 1088 in
1636 1049 1835 1089 Fulviuspe-

221 1115 370 1148 senatu
400 1121 531 1162 quum
565 1106 617 1146 de
654 1106 778 1146 rebus
814 1106 857 1145 in
895 1106 1063 1147 Aetolia
1099 1105 1463 1162 Cephalleniaque
1496 1107 1547 1147 ab
1579 1121 1621 1147 se

220 1164 347 1220 gestis
372 1164 645 1211 disseruisset,
670 1163 791 1218 petiit
816 1178 840 1203 a
861 1163 1071 1213 Patribus,
1095 1173 1142 1204 ut
1173 1179 1356 1219 aequum
1388 1173 1622 1214 censerent,

222 1222 275 1263 ob
298 1221 601 1277 rempublicam
629 1221 736 1261 bene
770 1236 816 1261 ac
847 1220 1025 1262 feliciter
1045 1231 1221 1276 gestam,
1244 1230 1286 1262 et
1308 1222 1387 1262 diis
1409 1222 1626 1262 immorta-

221 1279 331 1320 libus
356 1279 559 1320 honorem
581 1279 725 1319 haberi
750 1278 908 1327 iubere,
933 1287 975 1319 et
997 1279 1075 1319 sibi
1097 1279 1359 1334 triumphum
1382 1279 1623 1320 decernere.

224 1336 287 1378 M.
305 1336 493 1378 Aburius
525 1336 717 1377 tribunus
748 1335 893 1391 plebis,
917 1336 950 1376 si
973 1335 1075 1391 quid
1105 1336 1157 1377 de
1187 1352 1237 1377 ea
1266 1352 1309 1377 re
1337 1345 1434 1377 ante
1458 1337 1520 1378 M.
1538 1337 1627 1378 Ae-

223 1394 329 1434 milii
370 1393 551 1435 eonsulis
592 1393 821 1434 adventum
862 1393 1172 1443 decerneretur,
1213 1394 1542 1435 intercessurum
1584 1409 1627 1435 se

169 1482 177 1488 .
225 1451 434 1493 ostendit:
481 1457 606 1492 ‘eum
642 1450 929 1492 contradicere
964 1451 1085 1501 velle,
1123 1451 1546 1507 proficiscentemque
1583 1452 1627 1492 in

228 1509 510 1565 ‘provinciam
532 1509 590 1549 ita
610 1509 688 1549 sibi
719 1508 952 1558 mandasse,
975 1518 1022 1549 ut
1044 1525 1093 1550 ea
1114 1509 1362 1565 disceptatio
1389 1510 1554 1566 integra
1584 1510 1629 1550 in

194 1567 481 1610 6‘adventum
507 1581 629 1607 suum
661 1574 905 1606 servaretur.
969 1566 1163 1607 Fulvium
1195 1567 1396 1623 temporis
1426 1567 1629 1608 iacturam

229 1624 387 1665 ‘faeere
405 1640 414 1664 t
451 1633 644 1665 senatum
667 1624 792 1664 etiam
814 1633 1033 1679 praesente
1057 1624 1240 1673 consule,
1260 1625 1375 1680 quod
1396 1624 1536 1674 vellet,
1555 1625 1629 1665 de-

230 1682 493 1723 ‘creturum.'
553 1681 615 1722 M.
633 1681 826 1721 Fulvius:
864 1680 934 1722 ‘Si
964 1690 1036 1722 aut
1067 1681 1255 1722 simultas
1278 1682 1340 1722 M.
1363 1681 1536 1722 Aemilii
1565 1697 1630 1723 se-

230 1745 351 1781 ‘cum
379 1739 525 1795 ignota
552 1739 794 1780 hominibus
823 1747 943 1788 esset,
968 1749 1039 1779 aut
1062 1754 1189 1795 quam
1222 1739 1255 1779 is
1287 1755 1355 1781 eas
1387 1740 1628 1780 inimicitias

231 1797 480 1853 ‘impotenti
512 1812 558 1837 ac
590 1811 720 1852 prope
742 1796 857 1852 regia
877 1796 937 1836 ira
959 1806 1198 1845 exerceret3
1233 1806 1374 1839 tamen
1396 1813 1482 1838 non
1505 1797 1629 1838 fuisse

231 1854 490 1903 ‘ferendum,
528 1854 744 1895 absentem
780 1853 998 1895 consulem
1035 1863 1077 1895 et
1113 1854 1287 1895 deorum
1330 1854 1631 1895 immortalium

231 1912 406 1954 ‘honori
437 1913 613 1961 obstare,
637 1921 679 1952 et
709 1912 907 1952 meritum
938 1911 1216 1968 debitumque
1248 1912 1510 1968 triumphum
1542 1927 1632 1953 mo-

232 1976 244 1994 ‘
257 1970 364 2011 rari:
398 1969 709 2026 imperatorem,
732 1970 856 2010 rebus
887 1969 1053 2025 egregie
1085 1969 1226 2025 gestiS,
1248 1970 1535 2026 victoremque
1558 1985 1632 2011 ex-

233 2027 434 2069 ‘ercitum
466 2042 563 2068 cum
594 2026 749 2083 praeda
779 2042 826 2068 ac
858 2027 1031 2082 captivis
1057 2036 1154 2067 ante
1181 2036 1320 2082 portas
1351 2036 1472 2076 stare,
1496 2027 1631 2068 donec

233 2091 245 2110 ⁶
258 2085 431 2134 consuli,
469 2085 522 2125 ob
555 2084 635 2125 hoc
672 2084 808 2139 ipsum
845 2084 1040 2133 moranti,
1078 2084 1214 2125 redire
1252 2085 1433 2125 Romam
1466 2084 1632 2126 libitum

234 2149 246 2167 ⁶
259 2151 378 2184 esset.
437 2141 599 2182 Verum
621 2142 848 2190 enimvero,
872 2157 1005 2197 quum
1027 2141 1111 2182 sint
1131 2142 1413 2183 nobilissimae
1436 2142 1514 2183 sibi
1536 2158 1633 2183 cum

235 2199 429 2242 <consule
463 2199 720 2248 inimicitiae,
756 2199 861 2254 quid
894 2200 944 2239 ab
979 2214 1028 2240 eo
1063 2214 1320 2255 quemquam
1354 2215 1474 2255 posse
1509 2200 1633 2255 aequi

235 2264 516 2314 ‘exspectare,
546 2257 620 2312 qui
655 2271 731 2312 per
762 2256 1087 2312 infrequentiam
1119 2257 1264 2297 furtim
1298 2257 1635 2298 senatusconsul-

203 2324 222 2353 8
237 2322 247 2340 ⁶
261 2325 350 2357 tum
371 2315 528 2355 facturn
551 2314 604 2355 ad
626 2313 831 2354 aerarium
853 2314 1079 2364 detulerit,’
1100 2314 1371 2355 Ambraciam
1394 2331 1479 2356 non
1501 2315 1634 2355 videri

234 2374 275 2415 vi
296 2382 485 2428 captam3
521 2378 653 2427 ‘quae
675 2387 824 2428 aggere
852 2387 898 2412 ac
922 2371 1053 2412 vineis
1082 2381 1326 2429 oppugnata
1352 2373 1427 2421 sit3
1462 2373 1547 2421 ubi,
1571 2373 1635 2412 in-

237 2437 248 2455 ‘
262 2430 396 2473 censis
418 2430 626 2486 operibuS,
641 2429 721 2470 alia
737 2429 788 2470 de
812 2429 976 2484 integro
998 2429 1107 2470 facta
1128 2429 1235 2479 sint3
1269 2429 1342 2470 ubi
1363 2430 1474 2470 circa
1495 2445 1635 2471 muros

202 2041 218 2074 ΝΪ

282 2581 298 2611 5
322 2573 509 2603 Tenuerwzt
525 2573 672 2610 causam]
700 2573 841 2603 Causam
859 2572 913 2600 ob-
959 2572 1045 2610 quod
1058 2570 1217 2610 integrum
1229 2570 1346 2601 servari
1358 2571 1496 2601 debebat
1507 2571 1547 2600 ad
1562 2580 1636 2600 eum

238 2614 417 2651 tinuerunt,
437 2614 469 2645 h.
486 2625 513 2645 e.
532 2615 685 2645 vicerunt.
712 2615 751 2645 cf.
774 2624 860 2653 supr.
880 2613 913 2645 ii.
960 2613 1045 2644 diem
1061 2624 1124 2652 quo
1141 2614 1400 2653 triumphaturus
1416 2617 1509 2644 esset.
1530 2614 1637 2643 szv.

240 2667 289 2694 4²·
336 2656 404 2688 Cic.
436 2667 503 2696 pro.
535 2657 667 2688 Cae-cin.
697 2667 746 2695 24·
781 2657 915 2687 Sueton.
1004 2658 1022 2685 8
1046 2658 1100 2686 Ad
1115 2658 1279 2687 aerarium
1297 2657 1463 2693 detulerit]
1491 2656 1637 2694 cfiSupr.

242 2698 366 2730 Domit.
384 2709 412 2739 9.
962 2699 1094 2729 xxxviii.
1124 2710 1174 2736 44.
1222 2699 1319 2738 Apud
1351 2698 1521 2734 aerarium,
1552 2698 1638 2736 quod

284 2740 303 2771 6
330 2742 490 2781 Temporis
507 2742 808 2780 iacturamsacere]
842 2741 916 2771 Per·
962 2741 995 2771 in
1029 2742 1110 2772 aede
1149 2741 1279 2772 Saturni
1316 2745 1395 2777 erat,
1433 2745 1638 2770 senatuscon-

240 2784 316 2815 inde
332 2788 432 2814 estne
454 2783 478 2813 si
498 2783 628 2821 diceret,
641 2784 736 2814 unius
753 2784 918 2823 temporis,
963 2784 1048 2814 suita
1078 2794 1097 2814 a
1123 2783 1345 2822 quaestoribus
1375 2782 1526 2813 asservari
1559 2783 1639 2811 sole—

242 2831 298 2857 aut
315 2826 437 2856 nullius
453 2826 497 2856 rei
515 2826 573 2856 nisi
590 2826 755 2865 temporis
781 2827 891 2857 GuoN.
964 2827 1060 2856 bant:
1090 2826 1166 2856 olim
1185 2826 1315 2865 quidem
1336 2826 1367 2855 in
1384 2827 1497 2855 aedem
1515 2824 1640 2855 Cereris

288 2878 303 2909 7
327 2871 415 2899 Ante
440 2874 552 2908 portas
581 2870 685 2906 stare]
725 2869 778 2899 Ne
807 2870 919 2899 urbem
964 2870 1004 2899 ad
1016 2868 1137 2899 aediles
1148 2869 1292 2908 plebeios
1303 2868 1541 2901 deferebantur,
1553 2877 1640 2906 supr.

242 2912 452 2952 ingrediendo
491 2911 662 2950 imperium
708 2911 918 2946 minueretur,
966 2911 1008 2941 iii.
1029 2920 1078 2949 55.

1634 1093 1674 1124 tit
1690 1093 1801 1123 trium-

1636 1136 1750 1176 phum.
