1960 3218
547 154 674 196 LIB.
709 153 905 196 XXXV.
954 153 1101 196 CAP.
1136 157 1203 195 38.
1493 157 1576 195 213

174 263 268 305 pars
290 247 491 304 Tegeam,
514 261 651 303 pars
632 245 938 303 Megalopolim
959 245 1217 302 perfugiunt.
1281 244 1360 295 Ibi,
1383 260 1577 302 compre·
1590 257 1634 289 U.
1652 258 1690 290 C.
1713 256 1786 297 560.

173 306 295 347 hensi
312 321 335 347 a
356 283 676 361 magistratibus,
692 304 768 345 sub
782 319 936 345 corona
951 304 1186 345 venierunt.
1249 302 1572 359 Philopoemen,
1587 302 1627 332 A.
1651 302 1688 332 C·
1715 310 1785 341 19²·

174 364 318 405 audita
357 363 485 404 caede
534 362 716 419 tyranni,
758 362 968 418 profectus
1016 361 1397 427 Lacedaemonem,
1441 377 1572 417 quum
1642 401 1648 407 ,
1709 375 1718 384 ·

175 422 317 463 omnia
357 422 521 462 turbata
561 429 678 461 metu
718 420 958 469 invenisset,
997 419 1178 460 evocatis
1218 419 1492 475 principibus,
1531 402 1775 475 61111ζξζ11ῗξέ0

175 480 362 521 oratione
384 479 538 528 habita,
557 478 691 533 qualis
712 477 906 518 habenda
923 452 974 518 ab
993 477 1258 518 Alexameno
1275 477 1424 525 fuerat
1443 477 1573 518 socie·
1587 498 1644 517 nas
1659 487 1756 518 socie-

174 537 250 578 tati
269 537 538 578 Achaeorum
562 536 921 577 Lacedaemonios
938 535 1150 576 adiunxit:
1185 550 1235 576 eo
1253 535 1379 575 etiam
1396 534 1571 583 facilius,
1586 530 1645 560 tati
1662 530 1785 560 Achae-

174 594 289 660 quod
309 595 414 635 forte
441 594 495 635 ad
516 593 628 634 idem
653 602 817 649 tempus
844 594 896 633 A.
918 593 1076 633 Atilius
1097 608 1194 633 cum
1222 602 1423 649 quattuo1
1450 600 1493 633 et
1513 592 1574 633 vi-
1561 566 1749 656 Ξὲζέᾗῆᾶ

172 653 281 709 ginti
303 652 678 717 quinqueremibus
700 651 754 692 ad
778 650 848 704 Gy
853 651 989 691 thium
1011 651 1194 692 accessit.

232 710 389 751 Iisdem
411 709 560 751 diebus
585 710 693 750 61163
718 708 969 750 Chalcidem
992 709 1147 774 Thoas,
1170 724 1246 765 per
1269 707 1572 773 Euthymidam
1588 715 1698 745 Thoas
1714 715 1776 745 Ae-

173 768 422 825 principem,
452 767 620 823 pulsum
649 767 798 823 opibus
827 782 986 816 eorum,
1010 767 1083 822 qui
1116 767 1332 807 Romanae
1365 758 1766 832 5061613115ξο1ῃᾶ1ξᾞ3·

173 834 306 875 erant,
330 834 424 882 post
452 826 503 866 T.
526 825 720 873 Quinctii
746 824 1066 881 legatorumque
1097 824 1339 874 adventum,
1363 833 1406 865 et
1436 823 1576 865 Hero-
1588 812 1693 874 origem
1705 811 1778 874 ῗρῃ-

173 884 325 925 (1011131
341 883 526 925 Cianum
548 892 835 932 mercatorem,
851 882 925 924 sed
946 891 1164 948 potentem
1181 882 1386 923 Chalcide
1404 891 1576 938 propter
1588 891 1646 918 tat

174 942 353 991 divitias,
388 941 643 998 praeparatis
677 941 730 982 ad
763 941 1045 996 proditionem
1080 941 1142 990 iis,
1175 941 1249 996 qui
1288 939 1574 997 Euthymidae

173 1000 366 1041 factionis
393 1008 525 1048 erant,
548 1014 818 1055 nequaquam
848 998 1027 1040 eandem
1056 998 1279 1048 fortunam,
1304 1014 1387 1054 qua
1416 998 1576 1040 Deme-

175 1058 273 1099 trias
293 1073 369 1114 per
398 1057 516 1114 Eury
505 1057 689 1098 1061111111
718 1066 922 1113 occupata
946 1066 1045 1106 erat,
1068 1056 1228 1097 habuit.
1294 1055 1575 1112 Euthymidas

175 1116 226 1157 ab
256 1115 438 1157 Athenis
467 1115 585 1167 (eum
617 1114 830 1156 domicilio
858 1114 1069 1171 delegerat
1100 1113 1262 1170 locum)
1291 1114 1460 1155 Thebas
1489 1114 1576 1170 pri-

176 1189 304 1223 mum,
333 1173 432 1214 hinc
464 1172 668 1228 Salganea
694 1173 919 1229 processit3
965 1172 1212 1213 Herodorus
1240 1171 1294 1212 ad
1322 1172 1573 1213 Thronium.

143 1231 282 1273 6Inde
324 1231 438 1272 haud
475 1230 621 1287 procul
658 1230 703 1270 in
745 1230 928 1271 Maliaco
969 1230 1063 1270 sinu
1099 1230 1184 1271 duo
1220 1229 1351 1270 millia
1382 1229 1576 1285 peditum

176 1289 318 1330 Thoas
345 1297 388 1330 et
417 1288 622 1330 ducentos
650 1288 827 1344 equites,
851 1288 1063 1329 onerarias
1091 1288 1204 1329 leves
1233 1287 1287 1328 ad
1309 1287 1481 1343 triginta
1501 1287 1576 1328 ha-

174 1347 309 1388 bebat.
375 1346 456 1387 Eas
488 1361 584 1387 cum
616 1346 823 1387 sexcentis
854 1346 1067 1402 peditibus
1106 1345 1353 1387 Herodorus
1384 1345 1575 1386 traiicere

174 1405 219 1446 in
260 1404 441 1445 insulam
483 1404 730 1445 Atalantam
767 1404 923 1445 iussus.
968 1412 1015 1445 ut
1048 1403 1160 1454 inde,
1196 1418 1328 1459 quum
1362 1402 1576 1459 pedestres

174 1463 315 1519 copias
346 1462 685 1527 appropinquare
718 1462 801 1503 iam
834 1461 982 1503 Aulidi
1014 1470 1139 1526 atque
1174 1461 1335 1517 Euripo
1367 1461 1575 1510 sensisset,

177 1520 427 1562 Chalcidem
443 1528 479 1561 t1
481 1529 660 1561 uicclet
709 1519 805 1576 Ipse
820 1529 978 1561 ceteras
992 1535 1144 1575 coplaS,
1160 1519 1378 1560 nocturnis
1393 1518 1574 1559 maxime

174 1579 406 1628 itineribus,
441 1586 598 1633 quanta
630 1586 793 1634 poterat
826 1577 1052 1627 celeritate,
1090 1576 1339 1619 Chalcidem
1376 1577 1569 1618 ducebat.

176 1635 327 1677 Mictio
350 1645 393 1677 et
414 1635 685 1685 Xenoclides,
708 1651 838 1692 penes
860 1651 964 1700 quos
987 1644 1076 1676 tum
1099 1650 1261 1675 summa
1282 1649 1436 1684 rerum,
1453 1634 1572 1700 pulso
1651 1636 1718 1676 38.

177 1693 451 1751 Euthymida,
470 1692 675 1734 Chalcide
698 1702 797 1743 erat,
822 1708 897 1734 5611
918 1693 996 1749 ipsi
1018 1708 1131 1749 per
1114 1708 1155 1734 56
1179 1693 1396 1758 suspicati,
1413 1708 1487 1733 seu
1508 1692 1574 1732 in-

175 1751 314 1793 dicata
345 1767 402 1801 re,
435 1751 570 1807 primo
606 1751 760 1807 pavidi,
793 1751 900 1792 nihil
931 1766 1108 1807 usquam
1140 1765 1241 1806 spel,
1275 1751 1354 1791 11151
1386 1766 1430 1790 111
1460 1750 1572 1806 fuga,

174 1810 399 1866 ponebant.
463 1809 645 1858 Deinde,
678 1819 901 1865 postquam
932 1808 1089 1850 resedit
1122 1817 1267 1858 terror,
1299 1817 1342 1849 et
1377 1807 1500 1873 prodi
1531 1816 1575 1849 et

175 1867 310 1908 deseri
324 1883 409 1908 non
424 1867 600 1923 patriam
619 1867 757 1916 modo,
773 1867 847 1908 sed
864 1867 991 1908 etiam
1011 1866 1303 1907 Romanorum
1317 1866 1573 1931 societatem,

176 1926 416 1974 cernebant,
435 1925 609 1966 consilio
632 1925 703 1966 tali
726 1925 914 1966 animum
937 1924 1102 1965 adiecei
1106 1932 1193 1965 unt.
1260 1923 1433 1965 Sacrum
1455 1923 1575 1965 anni-

147 1983 401 2030 7versarium
424 1998 474 2024 60
495 1983 599 2024 forte
623 1991 810 2039 tempore
842 1982 1030 2023 Eretriae
1055 1981 1379 2038 Amalynthidis
1408 1981 1574 2023 Dianae

177 2049 287 2081 erat:
323 2040 437 2096 quod
459 2055 545 2081 non
576 2040 843 2096 popularium
873 2039 1012 2088 modo,
1035 2039 1110 2080 sed
1134 2038 1424 2095 Carystiorum
1448 2039 1575 2080 etiam

177 2108 299 2139 coetu
335 2097 579 2139 celebratur.
646 2097 708 2138 Eo
744 2098 962 2146 miserunt,
996 2097 1070 2152 qui
1107 2105 1275 2137 orarent
1312 2096 1574 2137 Eretrienses

181 2155 294 2212 Cary
290 2156 494 2220 stiosque,
520 2161 531 2178 ⁶
549 2155 611 2196 [t
639 2164 681 2196 et
702 2170 869 2196 suarum
899 2155 1161 2195 fmtunarum
1190 2154 1233 2193 in
1261 2153 1409 2195 eadem
1438 2153 1575 2195 insula

179 2213 335 2269 ‘geniti
358 2213 665 2263 misererentur,
688 2222 729 2254 et
760 2212 997 2254 Romanam
1019 2211 1261 2252 societatem
1292 2211 1571 2267 respicerent.

179 2277 259 2312 ‘ne
282 2271 468 2312 sinerent
496 2245 748 2312 Aetoloium
773 2269 1023 2311 Chalcidem
1050 2269 1152 2310 fieri.
1217 2268 1434 2310 Euboeam
1456 2269 1494 2309 h
1487 2269 1575 2310 1111-

179 2335 334 2378 ‘turos,
364 2329 397 2369 51
430 2328 678 2370 Chalcidem
707 2328 962 2369 habuissent.
1028 2326 1189 2368 Graves
1216 2326 1340 2367 fuisse
1371 2326 1575 2367 Maccdo-

179 2392 280 2428 ‘nas
313 2387 528 2435 dominos3
572 2386 704 2427 multo
739 2386 876 2426 miuus
912 2384 1146 2426 tolerabiles
1182 2384 1342 2425 futuros
1376 2383 1576 2425 Aetolos.’

178 2444 469 2486 Romanorum
498 2444 680 2485 maxime
702 2452 915 2509 respectus
937 2442 1125 2484 civitates
1146 2442 1290 2491 movit,
1314 2451 1356 2483 et
1376 2442 1575 2483 virtutem

178 2517 314 2558 nuper
334 2503 378 2542 in
398 2502 523 2551 bello,
547 2511 589 2543 et
610 2502 653 2542 in
674 2502 848 2543 victoria
868 2500 1068 2541 iustitiam
1089 2500 1479 2555 benignitatemque
1502 2514 1576 2540 ex-

178 2568 327 2614 pertas.
390 2559 554 2616 Itaque,
587 2559 702 2624 quod
737 2558 895 2600 roboris
932 2559 974 2599 in
1012 2558 1228 2598 iuventute
1263 2565 1363 2606 erat,
1397 2566 1575 2613 utraque

179 2616 323 2657 civitas
363 2618 537 2659 a1mavit
570 2618 779 2673 misitque.
845 2615 925 2657 His
962 2615 1120 2657 tuenda
1157 2615 1323 2656 moenia
1361 2614 1576 2656 Chalcidis

224 2756 243 2787 6
274 2759 315 2787 Ιιι
351 2758 496 2787 Maliaco
532 2759 624 2795 sinn]
674 2768 716 2787 se.
755 2759 853 2788 Oram
899 2757 985 2786 haud
1005 2757 1117 2796 procul
1133 2757 1172 2786 ab
1191 2756 1317 2787 Eretria
1334 2760 1466 2786 remoto.
1510 2756 1576 2785 Sub

182 2799 314 2831 Maliaci
331 2799 417 2829 sinus
435 2799 557 2838 pedites
573 2800 759 2839 equitesque
776 2800 854 2829 obti-
900 2800 961 2829 hoc
983 2800 1094 2829 eodem
1120 2799 1249 2829 nomine
1275 2799 1417 2829 Dianam
1440 2797 1578 2828 Athenis

182 2844 314 2879 nebant,
331 2852 417 2871 mare
434 2846 542 2872 autem
561 2842 723 2873 onerariae
741 2853 847 2873 naves.
903 2853 1031 2881 quoque
1048 2842 1168 2872 cultam
1186 2841 1281 2872 fuisse
1299 2845 1434 2872 testatur
1459 2841 1576 2871 Pausa-

228 2895 243 2924 7
268 2886 512 2923 Amarynthidis
524 2886 670 2922 [Manat-'l
694 2886 744 2915 Ita
755 2885 859 2915 dietae
905 2885 972 2916 nias
988 2884 1018 2914 in
1038 2883 1162 2915 Atticis.

183 2928 223 2957 ab
260 2927 476 2967 Amaryntho,
508 2927 660 2958 Euboeae
692 2927 860 2966 oppidulo,
