1960 3218
548 174 673 216 LIB.
709 173 907 214 XXXII.
953 171 1099 213 CAP.
1135 175 1201 212 25.
1527 171 1577 212 71

175 266 437 308 inferebant:
471 274 526 315 et,
549 265 649 306 dum
673 264 718 305 in
732 278 859 304 unam
877 271 1038 318 partem
1057 260 1199 302 0011105
1215 260 1461 316 animosque
1483 260 1579 302 hos-

175 325 281 366 tium
298 333 512 365 certamen
534 330 752 372 averterat,
767 320 957 377 pluribus
978 319 1080 361 10015
1101 318 1222 360 scalis
1238 318 1402 375 capitur
1418 333 1576 369 murus,

176 383 408 438 armatique
430 382 474 422 in
496 381 644 422 urbem
662 379 1023 421 transcenderunt.
1090 377 1189 426 Quo
1211 376 1397 418 tumultu
1418 376 1576 427 audito,

177 441 309 482 territi
323 440 477 489 hostes,
492 439 652 488 relicto,
671 452 799 494 quem
814 436 990 478 conferti
1005 435 1244 485 tuebantur,
1259 434 1365 484 1000,
1381 434 1425 475 111
1439 449 1577 475 arcem

176 513 322 540 omnes
343 506 471 547 metu,
494 496 644 538 inermi
667 511 836 552 quoque
859 495 1108 551 insequente
1131 494 1264 542 turba,
1283 492 1575 548 confugerunt.

176 555 243 597 Ita
263 556 365 597 urbe
386 555 546 612 potitur
566 554 722 596 consul.
790 552 887 602 Qua
908 552 1085 608 direpta,
1108 551 1242 592 missis
1263 551 1307 591 in
1328 566 1480 600 arcem,
1504 550 1578 606 qui

174 614 302 655 vitam
316 614 454 670 regiis,
473 614 507 654 si
525 613 636 655 abire
655 611 811 654 vellent
826 611 1020 660 inermes,
1039 610 1275 651 libertatem
1294 608 1578 650 Elatiensibus

174 671 488 729 pollicerentur,
511 671 681 727 fideque
703 671 748 711 in
773 670 877 711 haec
899 669 1009 718 data,
1032 677 1127 724 post
1146 682 1302 724 paucos
1327 667 1417 708 dies
1439 681 1577 708 arcem

175 731 345 786 recepit.

237 787 441 830 Ceterum
473 786 658 828 adventu
689 787 734 827 in
766 785 974 827 Achaiam
1011 783 1210 825 Philoclis
1241 783 1347 840 regii
1376 782 1577 840 praefecti

175 861 263 888 non
297 845 529 887 Corinthus
562 853 725 886 tantum
756 844 932 886 liberata
958 842 1190 892 obsidione,
1218 842 1292 883 sed
1321 841 1577 897 Argivorum

177 919 347 961 quoque
369 904 512 945 civitas
540 918 616 959 per
637 903 842 959 quosdam
870 901 1082 958 principes
1110 899 1293 941 Philocli
1313 899 1481 956 prodita
1501 908 1576 949 est,

177 963 347 1004 tentatis
379 962 494 1018 prius
527 961 677 1002 animis
716 960 861 1017 plebis.
926 959 1023 1000 Mos
1064 968 1163 1008 erat,
1202 958 1469 999 comitiorum
1510 957 1578 999 die

176 1021 313 1077 primo
352 1020 469 1061 velut
505 1019 656 1061 ominis
692 1034 817 1060 causa
855 1027 1068 1074 praetores
1108 1016 1382 1073 pronuntiare
1419 1015 1577 1065 Iovem,

179 1078 524 1135 Apollinemque,
559 1086 602 1118 et
638 1076 881 1118 Herculem.
946 1075 1157 1125 Additum
1191 1074 1275 1130 legi
1311 1083 1412 1123 erat,
1447 1082 1495 1114 ut
1529 1073 1580 1114 iis

178 1136 402 1192 Philippus
422 1151 496 1177 rex
519 1135 780 1176 adiiceretur.
847 1133 982 1175 Cuius
1003 1149 1160 1174 nomen
1181 1141 1276 1188 post
1296 1142 1460 1188 pactam
1483 1146 1580 1172 011111

180 1194 386 1235 Romanis
399 1194 639 1234 societatem
664 1193 764 1249 quia
778 1207 930 1248 praeco
944 1207 1031 1232 non
1053 1191 1219 1240 adiecit,
1236 1190 1427 1231 fremitus
1444 1190 1580 1246 primo

179 1251 463 1293 multitudinis
494 1260 634 1292 ortus:
674 1250 828 1291 deinde
861 1249 1018 1290 clamor
1049 1248 1363 1290 subiicientium
1391 1247 1581 1303 Philippi

151 1326 163 1346 1
179 1325 348 1359 nomen,
367 1309 690 1364 iubentiumque
707 1307 943 1364 legitimum
965 1307 1167 1348 honorem
1186 1321 1385 1361 usurpare
1401 1321 1410 1355 3
1444 1305 1580 1346 donec

179 1383 277 1409 curn
298 1367 461 1422 ingenti
487 1382 657 1407 assensu
684 1381 842 1407 nomen
870 1365 1093 1406 recitatum
1118 1372 1193 1405 est.
1257 1363 1398 1404 Huius
1426 1363 1582 1404 fiducia

178 1425 329 1467 favoris
350 1424 561 1466 Philocles
589 1424 808 1465 arcessitus
829 1432 952 1464 noete
982 1431 1161 1478 occupat
1181 1421 1332 1463 collem
1356 1421 1583 1462 imminen-

181 1493 266 1525 tem
287 1483 394 1532 urbi,
417 1483 432 1534 (
439 1482 645 1523 Larissam
669 1497 761 1523 eam
788 1496 925 1522 arcem
947 1480 1118 1535 vocant)
1139 1480 1361 1536 positoque
1383 1479 1441 1520 ibi
1463 1494 1583 1535 prae-

180 1541 300 1591 sidio,
323 1555 455 1597 quum
477 1540 581 1581 lucis
602 1540 810 1596 principio
832 1539 960 1595 signis
982 1538 1142 1580 infestis
1165 1538 1219 1579 ad
1240 1538 1475 1578 subiectum
1499 1537 1583 1578 arci

179 1599 318 1640 forum
339 1598 523 1648 vaderet,
546 1598 749 1639 instructa
770 1597 878 1638 acies
900 1612 952 1638 ex
975 1596 1148 1637 adverso
1165 1596 1356 1637 occurrit.
1419 1595 1584 1636 Praesi-

182 1657 300 1697 dium
336 1665 425 1697 erat
458 1655 728 1697 Achaeorum
764 1670 901 1711 nuper
941 1654 1198 1710 impositum,
1233 1653 1457 1710 quingenti
1497 1653 1583 1694 fere

182 1715 355 1756 iuvenes
395 1713 548 1755 delecti
589 1714 779 1755 omnium
819 1712 1065 1754 civitatium.
1139 1711 1450 1753 Aenesidemus
1491 1710 1585 1767 Dy-

183 1787 326 1813 maeus
353 1781 553 1828 praeerat.
617 1771 691 1813 Ad
718 1771 794 1812 hos
826 1779 964 1812 orator
992 1786 1016 1811 a
1044 1769 1254 1826 praefecto
1283 1769 1399 1826 regio
1421 1769 1583 1817 missus,

151 1847 167 1868 2
183 1830 256 1887 qui
273 1829 477 1872 excedere
500 1830 603 1871 urbe
620 1830 796 1878 iuberet,
815 1829 975 1884 (neque
999 1828 1113 1869 enim
1134 1843 1254 1884 pares
1272 1843 1342 1869 eos
1363 1827 1585 1883 oppidanis

181 1888 290 1938 solis,
313 1888 387 1945 qui
408 1887 522 1929 idem
543 1887 659 1944 quod
681 1887 942 1929 Macedones
959 1886 1177 1935 sentirent,
1196 1885 1352 1926 nedum
1376 1884 1586 1926 adiunctis

183 1945 505 1996 Macedonibus,
529 1961 631 1996 esse,
650 1961 756 2002 quos
776 1960 830 1986 ne
855 1944 1038 1986 Romani
1057 1943 1231 2000 quidem
1255 1943 1309 1984 ad
1328 1942 1585 1984 Corinthum

182 2003 496 2059 sustinuissent)
527 2004 662 2060 primo
699 2003 818 2052 nihil,
850 2018 929 2043 nec
964 2002 1129 2051 ducem,
1169 2017 1247 2042 1100
1281 2001 1391 2057 ipsos
1428 2000 1582 2041 movit:

182 2071 277 2118 post
297 2061 450 2118 paullo,
474 2071 520 2102 ut
543 2062 723 2117 Argivos
752 2076 921 2117 quoque
944 2068 1122 2100 armatos
1145 2074 1198 2099 ex
1219 2067 1336 2115 parte
1366 2058 1496 2099 altera
1516 2073 1587 2099 ve·-

183 2120 348 2161 nientes
370 2134 523 2176 magno
551 2119 717 2174 agmine
739 2118 949 2167 viderunt,
972 2126 1128 2158 certam
1157 2116 1388 2172 perniciem
1411 2130 1586 2157 cernen-

184 2186 259 2227 tes,
284 2192 452 2218 omnem
482 2186 623 2218 tamen
649 2191 804 2224 casum,
827 2176 861 2216 si
889 2175 1142 2232 pertinacior
1170 2174 1258 2215 dux
1281 2173 1439 2223 fuisset,
1468 2173 1586 2214 vide-

185 2235 338 2287 bantur
365 2235 554 2276 subituri.
619 2233 943 2282 Aenesidemus,
966 2247 1019 2273 ne
1048 2233 1124 2273 fios
1147 2232 1416 2273 Achaeorum
1438 2231 1587 2272 iuven-

185 2293 286 2334 tutis
314 2292 437 2334 simul
466 2307 562 2333 cum
588 2293 690 2333 urbe
718 2292 992 2340 amitteretur,
1015 2299 1162 2346 paetus
1187 2305 1282 2330 curn
1312 2288 1515 2338 Philocle,
1539 2298 1587 2329 ut

185 2351 298 2392 abire
316 2350 396 2391 illis
416 2350 574 2400 liceret,
592 2350 694 2406 ipse,
710 2365 794 2406 quo
816 2349 908 2390 1000
923 2357 1093 2389 steterat
1114 2356 1308 2397 armatus,
1325 2362 1420 2388 cum
1442 2346 1586 2403 paucis

185 2408 409 2450 clientibus
430 2424 517 2449 non
546 2408 735 2449 excessit.
800 2406 956 2455 Missus
985 2422 1009 2447 a
1030 2405 1232 2455 Philocle,
1255 2405 1328 2461 qui
1352 2413 1584 2460 quaereret,

155 2466 291 2522 3quid
322 2466 400 2521 51111
431 2465 586 2507 vellet?
617 2465 723 2506 nihil
753 2465 874 2514 fatus,
902 2463 1208 2512 tantummodo,
1236 2478 1368 2519 quum
1400 2462 1587 2518 proiecto

186 2539 284 2581 prae
305 2539 347 2565 se
365 2523 500 2580 clipeo
522 2531 662 2573 staret,
687 2523 756 2564 ‘in
776 2522 984 2579 praesidio
1001 2521 1183 2562 creditae
1202 2521 1315 2562 urbis
1337 2520 1588 2562 moriturum

242 2662 252 2682 1
280 2654 472 2691 Lefitimmn
503 2654 652 2684 honorem
682 2653 861 2691 usurpare]
910 2650 1028 2681 nedum
1054 2660 1147 2689 pares
1162 2653 1267 2680 essent
1284 2649 1402 2679 iunctis
1420 2649 1516 2679 simul
1534 2659 1588 2688 op-

189 2695 267 2725 Non
284 2695 431 2726 omittere
452 2705 573 2725 morem
591 2695 769 2725 sollemnem
790 2694 864 2724 Phi·
911 2692 1038 2733 pidanis
1054 2696 1085 2722 et
1104 2692 1349 2722 Macedonibus.
1375 2693 1481 2723 Clfflv.

191 2738 280 2777 lippo
325 2737 477 2768 honorem
521 2737 707 2774 exhibendi,
744 2736 866 2767 scilicet
955 2744 971 2774 3
996 2736 1209 2774 ΝἱΙιίΙῘαΙηε,
1225 2735 1457 2772 tantummodo]
1495 2733 1592 2764 Nihil

190 2781 257 2811 eius
275 2790 390 2810 nomen
408 2785 479 2819 post
495 2790 613 2811 nomen
632 2780 776 2811 Deorum
794 2790 864 2819 pro·
910 2782 997 2808 stata
1022 2783 1122 2808 molus
1141 2778 1185 2807 vir
1201 2778 1314 2808 doctus
1337 2778 1424 2817 apud
1447 2777 1587 2807 Gronov.

190 2823 372 2853 nuntiandi.
911 2820 1058 2857 coniecit,
1082 2831 1178 2860 quem
1211 2820 1351 2851 Bekker.
1376 2823 1504 2850 secutus
1533 2824 1588 2849 est.

235 2875 250 2895 ἰ
277 2868 390 2906 Neque
416 2867 517 2903 enim]
556 2865 673 2904 Neque
700 2864 785 2896 enim
814 2874 868 2894 eos
913 2863 1089 2901 vulgarem
1130 2863 1301 2894 lectionem
1334 2862 1476 2893 defendit
1509 2862 1589 2892 Gro-

193 2919 283 2948 pares
299 2919 366 2939 esse
384 2909 432 2939 vel
450 2908 524 2938 solis
540 2908 721 2947 oppidanis,
732 2907 786 2947 qui
802 2917 867 2936 om·
913 2906 1035 2936 novius.

193 2961 247 2982 nc<
265 2961 320 2990 pro
341 2951 559 2981 Macedonum
578 2950 722 2989 partibus
737 2953 869 2985 starent,

1594 270 1637 302 U.
1656 270 1693 302 C.
1716 279 1789 311 554.

1591 314 1630 345 A.
1653 314 1691 345 C.
1718 313 1787 354 198.

1655 785 1722 825 250

1593 842 1733 872 Philocli

1591 886 1694 925 Argos
1710 895 1780 925 pro-

1592 929 1687 959 dstun
