1960 3218
361 146 446 186 466
879 144 1028 186 TITI
1065 144 1243 187 LIVII

158 248 202 279 U.
219 248 259 280 C.
282 235 551 291 572.capitum
573 250 670 276 cum
698 235 865 276 feminis
888 235 1127 292 puerisque.
1190 236 1373 293 Argenti
1401 236 1500 278 data
1526 245 1697 278 eentum
1720 245 1763 278 et

155 292 196 322 A.
220 292 258 323 C.
286 293 354 323 180·
368 293 675 349 quinquaginta
710 293 853 343 millia,
886 293 1013 344 unde,
1045 295 1090 335 in
1125 310 1252 336 novas
1287 294 1424 344 aedeS,
1457 303 1761 351 compararent,
1780 312 1792 334 1

368 366 476 407 quae
508 366 613 407 opus
639 360 789 393 essent.
852 351 970 407 Agro
1001 351 1229 393 dividendo
1260 352 1486 408 dandoque
1517 352 1659 402 iidem,
1689 353 1764 408 qui

368 408 654 459 traduxerant,
676 409 899 450 Cornelius
916 419 959 451 et
976 409 1158 451 Baebius
1174 410 1421 467 praepositi:
1455 410 1764 467 postulantibus

368 475 509 508 tamen
530 467 643 523 ipsis,
667 467 935 523 quinqueviri
957 468 1008 508 ab
1025 477 1173 509 senatu
1194 468 1294 518 dati,
1317 483 1497 524 quorum
1514 483 1566 509 ex
1588 467 1763 509 consilio

368 533 552 581 agerent.
617 525 846 566 Transacta
870 540 928 574 re,
952 541 1083 581 quum
1109 535 1292 567 veterem
1320 526 1551 567 exercitum
1582 526 1764 567 Romam

157 594 357 635 Triumphus
369 582 656 633 deduxissent,
671 582 910 639 triumphus
924 584 975 624 ab
989 593 1136 624 senatu
1151 592 1212 624 est
1229 583 1432 624 decretus.
1496 583 1557 624 Hi
1574 583 1764 625 omnium

158 639 249 669 nullo
265 639 352 669 bello
368 640 492 697 primi
509 640 625 681 nullo
642 640 753 682 bello
769 649 886 696 gesto
904 640 1229 696 triumpharunt.
1292 640 1479 681 Tantum
1492 641 1632 682 hostes
1648 640 1765 681 ducti
1779 656 1796 677 2

157 684 256 720 gesto.

222 882 289 921 39.

157 937 230 986 Res·
242 938 317 969 His-

155 990 280 1019 panlae.

160 1574 302 1615 Hispani

158 1618 279 1648 Flacco
295 1618 340 1649 in-

156 1661 322 1692 sidiantur.

368 706 465 739 ante
487 713 678 739 currum:
713 698 824 754 quia,
847 713 926 739 nec
948 698 1063 754 quod
1083 699 1271 748 ferretur,
1294 713 1433 753 neque
1455 699 1571 754 quod
1591 699 1766 740 ducere—

369 765 438 797 tur
477 766 660 812 captum,
692 771 831 812 neque
866 756 980 811 quod
1016 755 1219 797 militibus
1247 755 1430 805 daretur,
1463 756 1689 812 quicquam
1721 757 1765 797 in

368 814 591 870 triumphis
612 828 757 854 eorum
778 814 923 854 fuerat.

429 871 592 912 Eodem
632 887 745 912 anno
778 871 822 912 in
864 870 1073 927 Hispania
1112 871 1285 912 Fulvius
1319 870 1492 912 Flaccus
1527 869 1765 927 proconsul,

369 929 470 985 quia
489 944 700 970 successor
722 930 765 969 in
786 929 1044 985 provinciam
1066 929 1223 970 tardius
1243 929 1451 978 veniebat,
1474 929 1627 970 educto
1648 928 1769 969 ex'er-

369 987 456 1028 citu
476 1002 529 1028 ex
546 987 745 1037 hibernis,
761 987 1003 1028 ulteriorem
1028 986 1282 1028 Celtiberiae
1305 1002 1465 1043 agrum,
1482 986 1596 1028 unde
1619 986 1673 1027 ad
1693 986 1768 1027 de-

368 1045 574 1086 ditionem
606 1060 693 1086 non
722 1054 939 1094 venerant,
968 1044 1120 1086 institit
1150 1054 1322 1086 vastare.
1389 1044 1487 1098 Qua
1516 1060 1559 1086 re
1591 1043 1768 1085 irritavit

368 1103 512 1158 magis,
535 1118 661 1159 quam
684 1103 928 1152 conterruit,
947 1102 1106 1144 animos
1127 1103 1419 1144 barbarorum:
1453 1112 1507 1152 et,
1525 1101 1631 1143 clam
1653 1117 1768 1143 com-

367 1160 521 1217 paratis
557 1160 701 1217 copiis,
734 1160 884 1202 saltum
917 1160 1198 1210 Manlianum,
1230 1175 1306 1217 per
1336 1175 1463 1216 quem
1495 1159 1767 1201 transiturum

368 1219 601 1260 exereitum
631 1218 874 1260 Romanum
903 1218 1001 1259 satis
1028 1218 1227 1268 sciebant,
1257 1218 1522 1259 obsederunt.
1586 1217 1636 1258 In
1667 1217 1768 1258 His-

368 1276 537 1332 paniam
555 1276 797 1318 ulteriorem
814 1276 932 1317 eunti
950 1276 999 1317 L.
1017 1276 1235 1317 Postumio
1255 1276 1412 1317 Albino
1429 1275 1612 1331 collegae
1634 1275 1768 1316 Grac-

368 1334 471 1375 chus
499 1334 784 1383 mandaverat,
807 1343 854 1374 ut
886 1334 938 1382 Q.
956 1333 1151 1374 Fulvium
1180 1334 1399 1374 certiorem
1425 1333 1592 1383 faceret,
1616 1333 1797 1374 Tarra-3

368 1406 517 1433 eonem
536 1392 769 1433 exercitum
787 1391 1037 1433 adduceret:
1074 1391 1155 1432 ‘ibi
1178 1391 1333 1432 dimitti
1349 1389 1580 1440 veteranos,
1598 1390 1766 1446 supple-

369 1454 382 1472 ‘
398 1458 625 1505 mentaque
655 1449 917 1498 distribuere,
943 1458 984 1489 et
1010 1448 1201 1490 ordinare
1224 1463 1392 1489 omnem
1421 1448 1653 1489 exereitum
1675 1463 1764 1489 sese

369 1506 527 1548 ‘velle’
588 1507 693 1548 Dies
722 1522 905 1563 quoque,
937 1515 979 1547 et
1003 1521 1052 1547 ea
1082 1507 1332 1562 propinqua,
1364 1505 1478 1546 edita
1508 1505 1658 1546 Flacco
1689 1513 1764 1555 est,

369 1579 451 1620 qua
474 1579 687 1605 successor
706 1573 813 1605 esset
841 1572 1053 1605 venturus.
1117 1563 1238 1605 Haec
1259 1578 1367 1604 nova
1388 1563 1512 1604 allata
1541 1578 1618 1613 res,
1641 1563 1766 1604 omis-

369 1623 436 1671 sis,
459 1637 567 1678 quae
590 1637 712 1678 agere
734 1622 985 1671 instituerat,
1010 1621 1207 1663 Flaccum
1235 1621 1386 1677 raptim
1408 1620 1617 1662 deducere
1645 1635 1767 1662 exer-

368 1680 499 1721 citum
522 1695 575 1721 ex
599 1679 831 1721 Celtiberia
851 1694 983 1735 quum
1011 1679 1226 1735 coegisset,
1249 1678 1424 1728 barbari,
1447 1694 1594 1720 causae
1616 1678 1764 1734 ignari,

367 1752 485 1778 suam
507 1737 787 1779 defectionem
809 1745 852 1778 et
872 1737 980 1778 clam
1001 1746 1239 1793 comparata
1259 1751 1374 1777 arma
1393 1736 1567 1777 sensisse
1589 1751 1700 1785 eum,
1721 1745 1766 1777 et

368 1796 633 1851 pertimuisse
661 1795 752 1844 rati,
775 1810 825 1836 eo
850 1794 1028 1835 ferocius
1056 1794 1207 1835 saltum
1236 1794 1493 1835 insederunt.
1557 1793 1644 1834 Ubi
1665 1807 1763 1834 eum

367 1852 518 1894 saltum
549 1853 685 1909 prima
714 1852 806 1894 luce
838 1867 989 1908 agmen
1023 1851 1265 1893 Romanum
1293 1851 1475 1901 intravit,
1504 1859 1677 1906 repente
1709 1865 1764 1891 ex

367 1910 531 1952 duabus
558 1911 746 1967 partibus
776 1909 900 1951 simul
928 1910 1063 1951 exorti
1090 1909 1228 1951 hostes
1261 1909 1477 1950 Romanos
1507 1908 1761 1949 invaserunt.

371 1967 502 2016 Quod
530 1969 602 2010 ubi
633 1968 738 2009 vidit
768 1968 953 2017 Flaccus,
980 1967 1135 2023 primos
1166 1967 1384 2016 tumultus,
1417 1966 1462 2006 in
1492 1965 1658 2022 agmine
1689 1980 1766 2022 per

365 2027 634 2068 centuriones
656 2035 763 2067 stare
785 2040 944 2076 omnes,
967 2040 1041 2066 suo
1063 2040 1275 2081 quemque
1296 2024 1402 2074 loco,
1426 2032 1469 2065 et
1495 2038 1609 2065 arma
1635 2038 1764 2080 expe-

366 2083 457 2125 dire
488 2084 686 2134 iubendo,
720 2083 902 2125 sedavit:
947 2092 1003 2133 et,
1035 2083 1205 2124 sarcinis
1238 2081 1522 2137 iumentisque
1554 2081 1598 2122 in
1631 2096 1764 2122 unum

366 2141 505 2183 locum
528 2142 694 2192 coactis,
715 2142 856 2198 copias
877 2156 1022 2183 omnes
1042 2141 1193 2197 partim
1215 2140 1317 2197 ipse,
1339 2140 1492 2196 partim
1513 2154 1588 2196 per
1607 2138 1765 2195 legatos

367 2200 642 2256 tribunosque
675 2199 871 2249 militum,
901 2208 948 2240 ut
978 2207 1157 2255 tempus,
1184 2207 1231 2239 ut
1259 2198 1376 2240 locus
1403 2197 1652 2254 postulabat,
1673 2197 1763 2238 sine

367 2257 452 2298 ulla
479 2258 758 2314 trepidatione
786 2257 1010 2306 instruxit3
1045 2263 1165 2298 ‘cum
1186 2256 1250 2297 bis
1270 2255 1424 2297 deditis
1452 2270 1541 2296 rem
1562 2255 1669 2296 esse'
1690 2254 1796 2295 ad-4

414 2395 425 2414 1
453 2387 495 2414 In
514 2396 614 2415 novas
634 2386 743 2423 aedes]
772 2385 845 2415 Irno
865 2387 964 2423 sedes,
981 2396 1044 2425 qua
1089 2386 1208 2416 Sensus
1238 2389 1296 2423 est,
1323 2388 1359 2415 ut
1390 2384 1515 2415 iuberet
1542 2384 1585 2418 Q.
1609 2382 1762 2414 Fulvium

368 2437 445 2457 voce
461 2428 711 2458 continebuntur
732 2431 764 2458 et
777 2426 895 2458 ‘domus
913 2432 945 2458 et
965 2428 1042 2468 agri.
1086 2429 1247 2458 adducere
1267 2427 1443 2458 exereitum
1464 2426 1497 2456 in
1518 2426 1631 2455 urbem
1648 2425 1761 2456 Tarra-

367 2470 474 2500 (ἷκεν.
1087 2481 1212 2501 eonem.
1257 2471 1321 2501 Sed
1352 2469 1538 2499 dubitamus
1567 2478 1609 2498 an
1641 2468 1762 2499 locutio

411 2522 427 2541 ‘z
456 2514 594 2542 Tantum
623 2513 741 2550 hostes]
778 2514 910 2544 Obsides
935 2523 1043 2543 emen-
1088 2513 1165 2543 satis
1180 2522 1319 2551 congrua
1335 2515 1366 2542 et
1382 2521 1422 2542 ex
1439 2521 1497 2541 usu
1517 2511 1621 2541 bonae
1638 2511 1761 2542 Latini-

370 2554 513 2584 dandum
551 2556 679 2585 coniicit
717 2555 913 2593 Gronovius,
942 2565 1042 2595 quum
1087 2555 1162 2585 tatis
1199 2554 1347 2585 habenda
1384 2554 1434 2585 sit.
1495 2553 1636 2584 Nullum
1675 2557 1761 2585 certe

368 2596 448 2626 nulli
477 2597 578 2627 hostes
609 2601 724 2628 essent.
775 2597 957 2628 Crevierius
987 2601 1043 2627 aut
1086 2598 1175 2627 aliud
1191 2597 1260 2627 eius
1275 2597 1462 2636 exemplum
1478 2596 1635 2627 novimus.
1653 2596 1761 2628 CREV.

367 2639 451 2669 hanc
468 2639 726 2669 emendationem
752 2640 950 2678 probandam
969 2650 1040 2670 een-
1128 2651 1147 2678 4
1172 2641 1228 2669 Bis
1243 2640 1372 2677 deditis]
1401 2640 1444 2670 At
1463 2639 1625 2679 quomodo
1644 2640 1691 2669 bis
1709 2640 1759 2670 de-

366 2686 425 2720 set,
444 2685 500 2712 aut
524 2692 580 2721 per
603 2692 713 2712 vocem
734 2683 836 2713 hostes
861 2682 1041 2721 intelligen-
1085 2683 1167 2712 diti?
1196 2682 1255 2711 nisi
1281 2682 1456 2722 imperator
1480 2692 1537 2721 pro
1562 2681 1685 2721 duplici
1706 2682 1759 2712 de-

366 2726 423 2755 dos
446 2735 513 2755 esse
537 2725 620 2762 illos,
636 2724 689 2763 qui
714 2734 746 2754 se
770 2724 928 2754 dedidisse
955 2735 1041 2763 supr.
1086 2724 1207 2755 ditione
1230 2725 1390 2755 numerari
1415 2724 1562 2761 voluerit,
1579 2727 1650 2754 tum
1673 2724 1759 2763 quod

366 2771 593 2798 memorantur.
1084 2768 1157 2797 urbs
1173 2768 1348 2798 Contrebia
1364 2768 1396 2797 in
1414 2767 1610 2797 deditionem
1626 2766 1759 2803 venerit,

411 2821 427 2849 3
457 2812 499 2841 Ut
512 2812 547 2847 Q.
559 2811 710 2840 Fulvium
728 2810 889 2839 certiorem
899 2809 1038 2846 faceret,
1083 2813 1151 2839 tuni
1170 2811 1255 2849 quod
1272 2810 1414 2840 maxima
1432 2820 1504 2849 pars
1520 2809 1756 2840 Celtiberorum

368 2854 579 2883 Tarraconem
630 2853 803 2883 ewercitmn
848 2853 1035 2889 adduceret]
1084 2852 1280 2882 deditionem
1292 2853 1411 2883 fecerit.
1430 2854 1468 2883 ef.
1481 2862 1565 2891 supr.
1579 2861 1628 2890 33.
1642 2851 1755 2883 DRAK.
