<?xml version="1.0" encoding="UTF-8"?>
<!DOCTYPE html PUBLIC "-//W3C//DTD XHTML 1.0 Transitional//EN"
    "http://www.w3.org/TR/xhtml1/DTD/xhtml1-transitional.dtd">
<html xmlns="http://www.w3.org/1999/xhtml" xml:lang="en" lang="en">
 <head>
  <title>
</title>
<meta http-equiv="Content-Type" content="text/html;charset=utf-8" />
  <meta name='ocr-system' content='tesseract 3.04.00' />
  <meta name='ocr-capabilities' content='ocr_page ocr_carea ocr_par ocr_line ocrx_word'/>
</head>
<body>
  <div class='ocr_page' id='page_1' title='image "./historiarumli03livyuoft_0313.png"; bbox 0 0 1960 3218; ppageno 0'>
   <div class='ocr_carea' id='block_1_1' title="bbox 562 136 1611 182">
    <p class='ocr_par' dir='ltr' id='par_1_1' title="bbox 562 136 1611 182">
     <span class='ocr_line' id='line_1_1' title="bbox 562 136 1611 182; baseline -0.004 0"><span class='ocrx_word' id='word_1_1' title='bbox 562 138 689 182; x_wconf 85' lang='lat' dir='ltr'>LIB.</span> <span class='ocrx_word' id='word_1_2' title='bbox 723 136 965 180; x_wconf 90' lang='lat' dir='ltr'>XXXVII.</span> <span class='ocrx_word' id='word_1_3' title='bbox 1014 137 1161 179; x_wconf 90' lang='lat' dir='ltr'>CAP.</span> <span class='ocrx_word' id='word_1_4' title='bbox 1193 141 1262 180; x_wconf 85' lang='lat'>40.</span> <span class='ocrx_word' id='word_1_5' title='bbox 1529 137 1611 178; x_wconf 87' lang='grc'>299</span> 
     </span>
    </p>
   </div>
   <div class='ocr_carea' id='block_1_2' title="bbox 187 227 1631 2362">
    <p class='ocr_par' dir='ltr' id='par_1_2' title="bbox 187 227 1631 2362">
     <span class='ocr_line' id='line_1_2' title="bbox 215 227 1614 288; baseline -0.004 -15"><span class='ocrx_word' id='word_1_6' title='bbox 215 239 354 288; x_wconf 89' lang='lat' dir='ltr'>partes</span> <span class='ocrx_word' id='word_1_7' title='bbox 375 230 517 272; x_wconf 84' lang='lat' dir='ltr'>divisa.</span> <span class='ocrx_word' id='word_1_8' title='bbox 580 229 726 272; x_wconf 89' lang='lat' dir='ltr'>Partes</span> <span class='ocrx_word' id='word_1_9' title='bbox 751 245 820 271; x_wconf 87' lang='lat' dir='ltr'>eas</span> <span class='ocrx_word' id='word_1_10' title='bbox 849 228 1105 285; x_wconf 80' lang='lat' dir='ltr'>interpositis</span> <span class='ocrx_word' id='word_1_11' title='bbox 1129 228 1240 270; x_wconf 89' lang='lat' dir='ltr'>binis</span> <span class='ocrx_word' id='word_1_12' title='bbox 1267 227 1502 285; x_wconf 88' lang='lat' dir='ltr'>elephantis</span> <span class='ocrx_word' id='word_1_13' title='bbox 1530 227 1614 268; x_wconf 92' lang='lat' dir='ltr'>dis-</span> 
     </span>
     <span class='ocr_line' id='line_1_3' title="bbox 187 285 1614 346; baseline -0.003 -16"><span class='ocrx_word' id='word_1_14' title='bbox 187 289 461 346; x_wconf 32' lang='lat' dir='ltr'>2vtinguebat:</span> <span class='ocrx_word' id='word_1_15' title='bbox 505 304 529 329; x_wconf 86' lang='lat' dir='ltr'>a</span> <span class='ocrx_word' id='word_1_16' title='bbox 559 288 694 329; x_wconf 89' lang='lat' dir='ltr'>fronte</span> <span class='ocrx_word' id='word_1_17' title='bbox 724 288 927 328; x_wconf 82' lang='lat' dir='ltr'>introrsus</span> <span class='ocrx_word' id='word_1_18' title='bbox 958 287 1002 327; x_wconf 90' lang='lat' dir='ltr'>in</span> <span class='ocrx_word' id='word_1_19' title='bbox 1033 286 1140 327; x_wconf 91' lang='lat' dir='ltr'>duos</span> <span class='ocrx_word' id='word_1_20' title='bbox 1170 294 1213 327; x_wconf 89' lang='lat' dir='ltr'>et</span> <span class='ocrx_word' id='word_1_21' title='bbox 1244 286 1415 342; x_wconf 88' lang='lat' dir='ltr'>triginta</span> <span class='ocrx_word' id='word_1_22' title='bbox 1445 285 1614 327; x_wconf 84' lang='lat' dir='ltr'><strong>ordines</strong></span> 
     </span>
     <span class='ocr_line' id='line_1_4' title="bbox 217 343 1615 401; baseline -0.003 -14"><span class='ocrx_word' id='word_1_23' title='bbox 217 355 471 388; x_wconf 88' lang='lat' dir='ltr'>armatorum</span> <span class='ocrx_word' id='word_1_24' title='bbox 493 346 601 387; x_wconf 87' lang='lat' dir='ltr'>acies</span> <span class='ocrx_word' id='word_1_25' title='bbox 622 346 803 401; x_wconf 89' lang='lat' dir='ltr'>patebat.</span> <span class='ocrx_word' id='word_1_26' title='bbox 868 344 964 385; x_wconf 91' lang='lat' dir='ltr'>Hoc</span> <span class='ocrx_word' id='word_1_27' title='bbox 996 352 1039 385; x_wconf 88' lang='lat' dir='ltr'>et</span> <span class='ocrx_word' id='word_1_28' title='bbox 1070 343 1228 385; x_wconf 85' lang='lat' dir='ltr'>roboris</span> <span class='ocrx_word' id='word_1_29' title='bbox 1260 344 1303 384; x_wconf 89' lang='lat' dir='ltr'>in</span> <span class='ocrx_word' id='word_1_30' title='bbox 1334 343 1459 399; x_wconf 87' lang='lat' dir='ltr'>regiis</span> <span class='ocrx_word' id='word_1_31' title='bbox 1483 343 1615 399; x_wconf 90' lang='lat' dir='ltr'>copiis</span> 
     </span>
     <span class='ocr_line' id='line_1_5' title="bbox 187 401 1616 460; baseline -0.003 -14"><span class='ocrx_word' id='word_1_32' title='bbox 187 413 320 454; x_wconf 70' lang='lat' dir='ltr'>serat,</span> <span class='ocrx_word' id='word_1_33' title='bbox 343 414 398 454; x_wconf 93' lang='lat' dir='ltr'>et,</span> <span class='ocrx_word' id='word_1_34' title='bbox 425 403 600 460; x_wconf 84' lang='lat' dir='ltr'>perinde</span> <span class='ocrx_word' id='word_1_35' title='bbox 629 418 761 459; x_wconf 90' lang='lat' dir='ltr'>quum</span> <span class='ocrx_word' id='word_1_36' title='bbox 792 401 872 443; x_wconf 90' lang='lat' dir='ltr'>alia</span> <span class='ocrx_word' id='word_1_37' title='bbox 903 401 1054 458; x_wconf 89' lang='lat' dir='ltr'>specie,</span> <span class='ocrx_word' id='word_1_38' title='bbox 1088 411 1177 442; x_wconf 91' lang='lat' dir='ltr'>tum</span> <span class='ocrx_word' id='word_1_39' title='bbox 1209 401 1493 442; x_wconf 82' lang='lat' dir='ltr'>eminentibus</span> <span class='ocrx_word' id='word_1_40' title='bbox 1524 410 1616 442; x_wconf 87' lang='lat' dir='ltr'>tan-</span> 
     </span>
     <span class='ocr_line' id='line_1_6' title="bbox 219 459 1612 516; baseline -0.003 -13"><span class='ocrx_word' id='word_1_41' title='bbox 219 471 309 503; x_wconf 91' lang='lat' dir='ltr'>tum</span> <span class='ocrx_word' id='word_1_42' title='bbox 331 462 442 502; x_wconf 90' lang='lat' dir='ltr'>inter</span> <span class='ocrx_word' id='word_1_43' title='bbox 462 470 640 502; x_wconf 88' lang='lat' dir='ltr'>armatos</span> <span class='ocrx_word' id='word_1_44' title='bbox 662 460 909 516; x_wconf 88' lang='lat' dir='ltr'>elephantis,</span> <span class='ocrx_word' id='word_1_45' title='bbox 929 475 1129 515; x_wconf 86' lang='lat' dir='ltr'>magnum</span> <span class='ocrx_word' id='word_1_46' title='bbox 1151 468 1353 500; x_wconf 89' lang='lat' dir='ltr'>terrorem</span> <span class='ocrx_word' id='word_1_47' title='bbox 1374 459 1612 514; x_wconf 81' lang='lat' dir='ltr'>praebebat.</span> 
     </span>
     <span class='ocr_line' id='line_1_7' title="bbox 218 516 1614 575; baseline -0.003 -15"><span class='ocrx_word' id='word_1_48' title='bbox 218 519 420 575; x_wconf 76' lang='lat' dir='ltr'>Ingentes</span> <span class='ocrx_word' id='word_1_49' title='bbox 445 519 522 575; x_wconf 89' lang='lat' dir='ltr'>ipsi</span> <span class='ocrx_word' id='word_1_50' title='bbox 545 527 686 560; x_wconf 88' lang='lat' dir='ltr'>erant:</span> <span class='ocrx_word' id='word_1_51' title='bbox 720 518 933 558; x_wconf 79' lang='lat' dir='ltr'>addebant</span> <span class='ocrx_word' id='word_1_52' title='bbox 955 517 1138 573; x_wconf 90' lang='lat' dir='ltr'>speciem</span> <span class='ocrx_word' id='word_1_53' title='bbox 1160 516 1366 565; x_wconf 81' lang='lat' dir='ltr'>frontalia,</span> <span class='ocrx_word' id='word_1_54' title='bbox 1389 525 1432 556; x_wconf 86' lang='lat' dir='ltr'>et</span> <span class='ocrx_word' id='word_1_55' title='bbox 1452 516 1614 564; x_wconf 88' lang='lat' dir='ltr'>cristae,</span> 
     </span>
     <span class='ocr_line' id='line_1_8' title="bbox 219 575 1617 633; baseline -0.004 -15"><span class='ocrx_word' id='word_1_56' title='bbox 219 586 262 618; x_wconf 89' lang='lat' dir='ltr'>et</span> <span class='ocrx_word' id='word_1_57' title='bbox 288 586 405 633; x_wconf 88' lang='lat' dir='ltr'>tergo</span> <span class='ocrx_word' id='word_1_58' title='bbox 427 576 644 633; x_wconf 77' lang='lat' dir='ltr'>impositae</span> <span class='ocrx_word' id='word_1_59' title='bbox 668 584 814 625; x_wconf 87' lang='lat' dir='ltr'>turres,</span> <span class='ocrx_word' id='word_1_60' title='bbox 839 575 1105 630; x_wconf 89' lang='lat' dir='ltr'>turribusque</span> <span class='ocrx_word' id='word_1_61' title='bbox 1134 582 1429 630; x_wconf 82' lang='lat' dir='ltr'>superstantes,</span> <span class='ocrx_word' id='word_1_62' title='bbox 1451 582 1617 629; x_wconf 89' lang='lat' dir='ltr'>praeter</span> 
     </span>
     <span class='ocr_line' id='line_1_9' title="bbox 219 631 1617 690; baseline -0.003 -15"><span class='ocrx_word' id='word_1_63' title='bbox 219 643 437 683; x_wconf 87' lang='lat' dir='ltr'>rectorem,</span> <span class='ocrx_word' id='word_1_64' title='bbox 461 633 655 690; x_wconf 81' lang='lat' dir='ltr'>quaterni</span> <span class='ocrx_word' id='word_1_65' title='bbox 686 633 846 674; x_wconf 87' lang='lat' dir='ltr'>armati.</span> <span class='ocrx_word' id='word_1_66' title='bbox 911 632 983 674; x_wconf 91' lang='lat' dir='ltr'>Ad</span> <span class='ocrx_word' id='word_1_67' title='bbox 1005 632 1111 673; x_wconf 88' lang='lat' dir='ltr'>latus</span> <span class='ocrx_word' id='word_1_68' title='bbox 1133 632 1329 673; x_wconf 86' lang='lat' dir='ltr'>dextrum</span> <span class='ocrx_word' id='word_1_69' title='bbox 1355 631 1617 687; x_wconf 86' lang='lat' dir='ltr'>phalangita-</span> 
     </span>
     <span class='ocr_line' id='line_1_10' title="bbox 218 688 1614 747; baseline -0.003 -14"><span class='ocrx_word' id='word_1_70' title='bbox 218 707 313 733; x_wconf 86' lang='lat' dir='ltr'>rum</span> <span class='ocrx_word' id='word_1_71' title='bbox 344 691 457 733; x_wconf 89' lang='lat' dir='ltr'>mille</span> <span class='ocrx_word' id='word_1_72' title='bbox 486 701 528 732; x_wconf 90' lang='lat' dir='ltr'>et</span> <span class='ocrx_word' id='word_1_73' title='bbox 549 691 802 747; x_wconf 78' lang='lat' dir='ltr'>qulngentos</span> <span class='ocrx_word' id='word_1_74' title='bbox 824 690 988 746; x_wconf 87' lang='lat' dir='ltr'>equites</span> <span class='ocrx_word' id='word_1_75' title='bbox 1013 689 1384 746; x_wconf 79' lang='lat' dir='ltr'>Gallograecorum</span> <span class='ocrx_word' id='word_1_76' title='bbox 1406 688 1614 745; x_wconf 88' lang='lat' dir='ltr'>opposuit.</span> 
     </span>
     <span class='ocr_line' id='line_1_11' title="bbox 221 746 1618 804; baseline -0.003 -14"><span class='ocrx_word' id='word_1_77' title='bbox 221 749 303 790; x_wconf 92' lang='lat' dir='ltr'>His</span> <span class='ocrx_word' id='word_1_78' title='bbox 331 750 409 790; x_wconf 88' lang='lat' dir='ltr'>tria</span> <span class='ocrx_word' id='word_1_79' title='bbox 436 749 565 790; x_wconf 87' lang='lat' dir='ltr'>millia</span> <span class='ocrx_word' id='word_1_80' title='bbox 586 749 776 804; x_wconf 82' lang='lat' dir='ltr'>equitum</span> <span class='ocrx_word' id='word_1_81' title='bbox 808 748 1075 790; x_wconf 83' lang='lat' dir='ltr'>loricatorum</span> <span class='ocrx_word' id='word_1_82' title='bbox 1097 747 1405 803; x_wconf 83' lang='lat' dir='ltr'>(cataphractos</span> <span class='ocrx_word' id='word_1_83' title='bbox 1436 746 1513 802; x_wconf 90' lang='lat' dir='ltr'>ipsi</span> <span class='ocrx_word' id='word_1_84' title='bbox 1544 761 1618 802; x_wconf 89' lang='lat' dir='ltr'>ap-</span> 
     </span>
     <span class='ocr_line' id='line_1_12' title="bbox 219 804 1614 864; baseline -0.003 -16"><span class='ocrx_word' id='word_1_85' title='bbox 219 807 398 864; x_wconf 88' lang='lat' dir='ltr'>pellant)</span> <span class='ocrx_word' id='word_1_86' title='bbox 424 807 630 848; x_wconf 87' lang='lat' dir='ltr'>adiunxit.</span> <span class='ocrx_word' id='word_1_87' title='bbox 694 806 858 847; x_wconf 84' lang='lat' dir='ltr'>Addita</span> <span class='ocrx_word' id='word_1_88' title='bbox 891 805 957 846; x_wconf 91' lang='lat' dir='ltr'>his</span> <span class='ocrx_word' id='word_1_89' title='bbox 992 805 1058 846; x_wconf 88' lang='lat' dir='ltr'>ala</span> <span class='ocrx_word' id='word_1_90' title='bbox 1093 805 1205 846; x_wconf 90' lang='lat' dir='ltr'>mille</span> <span class='ocrx_word' id='word_1_91' title='bbox 1237 805 1367 846; x_wconf 86' lang='lat' dir='ltr'>ferme</span> <span class='ocrx_word' id='word_1_92' title='bbox 1399 804 1614 859; x_wconf 89' lang='lat' dir='ltr'>equitum:</span> 
     </span>
     <span class='ocr_line' id='line_1_13' title="bbox 221 861 1618 921; baseline -0.003 -15"><span class='ocrx_word' id='word_1_93' title='bbox 221 880 368 921; x_wconf 80' lang='lat' dir='ltr'>agema</span> <span class='ocrx_word' id='word_1_94' title='bbox 401 880 494 906; x_wconf 88' lang='lat' dir='ltr'>eam</span> <span class='ocrx_word' id='word_1_95' title='bbox 522 865 737 906; x_wconf 88' lang='lat' dir='ltr'>vocabant.</span> <span class='ocrx_word' id='word_1_96' title='bbox 802 863 924 905; x_wconf 89' lang='lat' dir='ltr'>Medi</span> <span class='ocrx_word' id='word_1_97' title='bbox 955 872 1073 904; x_wconf 87' lang='lat' dir='ltr'>erant</span> <span class='ocrx_word' id='word_1_98' title='bbox 1107 863 1204 904; x_wconf 88' lang='lat' dir='ltr'>lecti</span> <span class='ocrx_word' id='word_1_99' title='bbox 1236 863 1325 912; x_wconf 81' lang='lat' dir='ltr'>viri,</span> <span class='ocrx_word' id='word_1_100' title='bbox 1355 871 1398 903; x_wconf 89' lang='lat' dir='ltr'>et</span> <span class='ocrx_word' id='word_1_101' title='bbox 1428 861 1618 902; x_wconf 88' lang='lat' dir='ltr'>eiusdem</span> 
     </span>
     <span class='ocr_line' id='line_1_14' title="bbox 221 918 1619 978; baseline -0.004 -14"><span class='ocrx_word' id='word_1_102' title='bbox 221 923 402 978; x_wconf 80' lang='lat' dir='ltr'>regionis</span> <span class='ocrx_word' id='word_1_103' title='bbox 427 922 549 963; x_wconf 80' lang='lat' dir='ltr'>mixti</span> <span class='ocrx_word' id='word_1_104' title='bbox 579 922 804 963; x_wconf 88' lang='lat' dir='ltr'>multarum</span> <span class='ocrx_word' id='word_1_105' title='bbox 836 921 1026 978; x_wconf 87' lang='lat' dir='ltr'>gentium</span> <span class='ocrx_word' id='word_1_106' title='bbox 1049 921 1222 977; x_wconf 79' lang='lat' dir='ltr'>equites.</span> <span class='ocrx_word' id='word_1_107' title='bbox 1289 919 1527 961; x_wconf 86' lang='lat' dir='ltr'>Continens</span> <span class='ocrx_word' id='word_1_108' title='bbox 1554 918 1619 959; x_wconf 93' lang='lat' dir='ltr'>his</span> 
     </span>
     <span class='ocr_line' id='line_1_15' title="bbox 222 976 1618 1037; baseline -0.003 -16"><span class='ocrx_word' id='word_1_109' title='bbox 222 996 323 1037; x_wconf 89' lang='lat' dir='ltr'>grex</span> <span class='ocrx_word' id='word_1_110' title='bbox 350 980 564 1022; x_wconf 86' lang='lat' dir='ltr'>sexdecim</span> <span class='ocrx_word' id='word_1_111' title='bbox 587 979 907 1036; x_wconf 86' lang='lat' dir='ltr'>elephantorum</span> <span class='ocrx_word' id='word_1_112' title='bbox 930 988 991 1020; x_wconf 89' lang='lat' dir='ltr'>est</span> <span class='ocrx_word' id='word_1_113' title='bbox 1013 978 1227 1035; x_wconf 85' lang='lat' dir='ltr'>oppositus</span> <span class='ocrx_word' id='word_1_114' title='bbox 1249 978 1292 1018; x_wconf 90' lang='lat' dir='ltr'>in</span> <span class='ocrx_word' id='word_1_115' title='bbox 1315 977 1532 1018; x_wconf 74' lang='lat' dir='ltr'>subsidi1s:</span> <span class='ocrx_word' id='word_1_116' title='bbox 1567 976 1618 1017; x_wconf 89' lang='lat' dir='ltr'>ab</span> 
     </span>
     <span class='ocr_line' id='line_1_16' title="bbox 223 1035 1616 1094; baseline -0.003 -15"><span class='ocrx_word' id='word_1_117' title='bbox 223 1038 369 1080; x_wconf 89' lang='lat' dir='ltr'>eadem</span> <span class='ocrx_word' id='word_1_118' title='bbox 392 1047 522 1094; x_wconf 87' lang='lat' dir='ltr'>parte,</span> <span class='ocrx_word' id='word_1_119' title='bbox 545 1037 778 1094; x_wconf 89' lang='lat' dir='ltr'>paullulum</span> <span class='ocrx_word' id='word_1_120' title='bbox 805 1037 1012 1093; x_wconf 90' lang='lat' dir='ltr'>producto</span> <span class='ocrx_word' id='word_1_121' title='bbox 1034 1051 1178 1085; x_wconf 90' lang='lat' dir='ltr'>cornu,</span> <span class='ocrx_word' id='word_1_122' title='bbox 1201 1036 1315 1092; x_wconf 83' lang='lat' dir='ltr'>regia</span> <span class='ocrx_word' id='word_1_123' title='bbox 1335 1035 1484 1076; x_wconf 86' lang='lat' dir='ltr'>cohors</span> <span class='ocrx_word' id='word_1_124' title='bbox 1505 1043 1616 1076; x_wconf 89' lang='lat' dir='ltr'>erat:</span> 
     </span>
     <span class='ocr_line' id='line_1_17' title="bbox 192 1092 1621 1152; baseline -0.004 -14"><span class='ocrx_word' id='word_1_125' title='bbox 192 1113 211 1141; x_wconf 78' lang='lat'><strong>4</strong></span> <span class='ocrx_word' id='word_1_126' title='bbox 224 1096 511 1152; x_wconf 76' lang='lat' dir='ltr'>argyraspides</span> <span class='ocrx_word' id='word_1_127' title='bbox 532 1111 556 1136; x_wconf 91' lang='lat' dir='ltr'>a</span> <span class='ocrx_word' id='word_1_128' title='bbox 576 1110 731 1151; x_wconf 81' lang='lat' dir='ltr'>genere</span> <span class='ocrx_word' id='word_1_129' title='bbox 754 1109 964 1136; x_wconf 89' lang='lat' dir='ltr'>armorum</span> <span class='ocrx_word' id='word_1_130' title='bbox 987 1093 1315 1150; x_wconf 84' lang='lat' dir='ltr'>appellabantur.</span> <span class='ocrx_word' id='word_1_131' title='bbox 1379 1093 1529 1134; x_wconf 83' lang='lat' dir='ltr'>Dahae</span> <span class='ocrx_word' id='word_1_132' title='bbox 1547 1092 1621 1133; x_wconf 85' lang='lat' dir='ltr'>de-</span> 
     </span>
     <span class='ocr_line' id='line_1_18' title="bbox 224 1151 1621 1210; baseline -0.004 -15"><span class='ocrx_word' id='word_1_133' title='bbox 224 1154 337 1201; x_wconf 82' lang='lat' dir='ltr'>inde,</span> <span class='ocrx_word' id='word_1_134' title='bbox 360 1154 524 1210; x_wconf 87' lang='lat' dir='ltr'>equites</span> <span class='ocrx_word' id='word_1_135' title='bbox 545 1153 760 1207; x_wconf 84' lang='lat' dir='ltr'>sagittarii,</span> <span class='ocrx_word' id='word_1_136' title='bbox 784 1152 898 1193; x_wconf 90' lang='lat' dir='ltr'>mille</span> <span class='ocrx_word' id='word_1_137' title='bbox 931 1161 972 1193; x_wconf 93' lang='lat' dir='ltr'>et</span> <span class='ocrx_word' id='word_1_138' title='bbox 1003 1151 1199 1192; x_wconf 86' lang='lat' dir='ltr'>ducenti:</span> <span class='ocrx_word' id='word_1_139' title='bbox 1236 1160 1325 1192; x_wconf 88' lang='lat' dir='ltr'>tum</span> <span class='ocrx_word' id='word_1_140' title='bbox 1354 1151 1456 1191; x_wconf 92' lang='lat' dir='ltr'>levis</span> <span class='ocrx_word' id='word_1_141' title='bbox 1487 1165 1621 1191; x_wconf 89' lang='lat' dir='ltr'>arma-</span> 
     </span>
     <span class='ocr_line' id='line_1_19' title="bbox 225 1208 1618 1267; baseline -0.004 -14"><span class='ocrx_word' id='word_1_142' title='bbox 225 1221 319 1253; x_wconf 85' lang='lat' dir='ltr'>tura</span> <span class='ocrx_word' id='word_1_143' title='bbox 352 1212 478 1252; x_wconf 91' lang='lat' dir='ltr'>trium</span> <span class='ocrx_word' id='word_1_144' title='bbox 515 1211 707 1260; x_wconf 88' lang='lat' dir='ltr'>millium,</span> <span class='ocrx_word' id='word_1_145' title='bbox 744 1210 835 1267; x_wconf 87' lang='lat' dir='ltr'>pari</span> <span class='ocrx_word' id='word_1_146' title='bbox 869 1210 999 1251; x_wconf 88' lang='lat' dir='ltr'>ferme</span> <span class='ocrx_word' id='word_1_147' title='bbox 1037 1224 1213 1250; x_wconf 89' lang='lat' dir='ltr'>numero</span> <span class='ocrx_word' id='word_1_148' title='bbox 1249 1224 1343 1264; x_wconf 89' lang='lat' dir='ltr'>pars</span> <span class='ocrx_word' id='word_1_149' title='bbox 1382 1208 1618 1257; x_wconf 84' lang='lat' dir='ltr'>Cretenses,</span> 
     </span>
     <span class='ocr_line' id='line_1_20' title="bbox 223 1265 1621 1326; baseline -0.004 -16"><span class='ocrx_word' id='word_1_150' title='bbox 223 1283 318 1326; x_wconf 89' lang='lat' dir='ltr'>pars</span> <span class='ocrx_word' id='word_1_151' title='bbox 341 1269 513 1310; x_wconf 85' lang='lat' dir='ltr'>Tralles.</span> <span class='ocrx_word' id='word_1_152' title='bbox 578 1268 679 1309; x_wconf 90' lang='lat' dir='ltr'>Duo</span> <span class='ocrx_word' id='word_1_153' title='bbox 709 1268 838 1309; x_wconf 87' lang='lat' dir='ltr'>millia</span> <span class='ocrx_word' id='word_1_154' title='bbox 868 1277 910 1308; x_wconf 88' lang='lat' dir='ltr'>et</span> <span class='ocrx_word' id='word_1_155' title='bbox 932 1267 1153 1324; x_wconf 81' lang='lat' dir='ltr'>quingenti</span> <span class='ocrx_word' id='word_1_156' title='bbox 1177 1266 1292 1323; x_wconf 85' lang='lat' dir='ltr'>Mysi</span> <span class='ocrx_word' id='word_1_157' title='bbox 1324 1266 1524 1322; x_wconf 84' lang='lat' dir='ltr'>sagittarii</span> <span class='ocrx_word' id='word_1_158' title='bbox 1556 1265 1621 1306; x_wconf 89' lang='lat' dir='ltr'>his</span> 
     </span>
     <span class='ocr_line' id='line_1_21' title="bbox 225 1322 1623 1379; baseline -0.003 -12"><span class='ocrx_word' id='word_1_159' title='bbox 225 1327 414 1368; x_wconf 90' lang='lat' dir='ltr'>adiuncti</span> <span class='ocrx_word' id='word_1_160' title='bbox 436 1335 565 1367; x_wconf 87' lang='lat' dir='ltr'>erant.</span> <span class='ocrx_word' id='word_1_161' title='bbox 615 1326 866 1367; x_wconf 79' lang='lat' dir='ltr'>Extremum</span> <span class='ocrx_word' id='word_1_162' title='bbox 888 1340 1019 1366; x_wconf 88' lang='lat' dir='ltr'>cornu</span> <span class='ocrx_word' id='word_1_163' title='bbox 1041 1324 1293 1366; x_wconf 88' lang='lat' dir='ltr'>claudebant</span> <span class='ocrx_word' id='word_1_164' title='bbox 1313 1332 1512 1379; x_wconf 87' lang='lat' dir='ltr'>quattuor</span> <span class='ocrx_word' id='word_1_165' title='bbox 1529 1322 1623 1364; x_wconf 83' lang='lat' dir='ltr'>rnil-</span> 
     </span>
     <span class='ocr_line' id='line_1_22' title="bbox 224 1380 1622 1441; baseline -0.003 -16"><span class='ocrx_word' id='word_1_166' title='bbox 224 1385 280 1425; x_wconf 89' lang='lat' dir='ltr'>lia</span> <span class='ocrx_word' id='word_1_167' title='bbox 315 1384 437 1425; x_wconf 84' lang='lat' dir='ltr'>mixti</span> <span class='ocrx_word' id='word_1_168' title='bbox 474 1384 645 1441; x_wconf 84' lang='lat' dir='ltr'>Cyrtaei</span> <span class='ocrx_word' id='word_1_169' title='bbox 681 1383 926 1433; x_wconf 87' lang='lat' dir='ltr'>funditores,</span> <span class='ocrx_word' id='word_1_170' title='bbox 965 1391 1007 1423; x_wconf 90' lang='lat' dir='ltr'>et</span> <span class='ocrx_word' id='word_1_171' title='bbox 1041 1382 1235 1439; x_wconf 84' lang='lat' dir='ltr'>Elymaei</span> <span class='ocrx_word' id='word_1_172' title='bbox 1268 1381 1480 1438; x_wconf 87' lang='lat' dir='ltr'>sagittarii.</span> <span class='ocrx_word' id='word_1_173' title='bbox 1552 1380 1622 1421; x_wconf 89' lang='lat' dir='ltr'>Ab</span> 
     </span>
     <span class='ocr_line' id='line_1_23' title="bbox 224 1438 1624 1498; baseline -0.004 -15"><span class='ocrx_word' id='word_1_174' title='bbox 224 1442 342 1483; x_wconf 89' lang='lat' dir='ltr'>laevo</span> <span class='ocrx_word' id='word_1_175' title='bbox 372 1457 501 1483; x_wconf 88' lang='lat' dir='ltr'>cornu</span> <span class='ocrx_word' id='word_1_176' title='bbox 532 1441 785 1498; x_wconf 86' lang='lat' dir='ltr'>phalangitis</span> <span class='ocrx_word' id='word_1_177' title='bbox 816 1440 1005 1482; x_wconf 86' lang='lat' dir='ltr'>adiuncti</span> <span class='ocrx_word' id='word_1_178' title='bbox 1030 1448 1150 1481; x_wconf 88' lang='lat' dir='ltr'>erant</span> <span class='ocrx_word' id='word_1_179' title='bbox 1174 1439 1439 1495; x_wconf 86' lang='lat' dir='ltr'>Gallograeci</span> <span class='ocrx_word' id='word_1_180' title='bbox 1461 1438 1624 1495; x_wconf 86' lang='lat' dir='ltr'>equites</span> 
     </span>
     <span class='ocr_line' id='line_1_24' title="bbox 226 1496 1625 1556; baseline -0.003 -15"><span class='ocrx_word' id='word_1_181' title='bbox 226 1500 340 1541; x_wconf 90' lang='lat' dir='ltr'>mille</span> <span class='ocrx_word' id='word_1_182' title='bbox 367 1509 409 1541; x_wconf 89' lang='lat' dir='ltr'>et</span> <span class='ocrx_word' id='word_1_183' title='bbox 431 1499 679 1556; x_wconf 85' lang='lat' dir='ltr'>quingenti:</span> <span class='ocrx_word' id='word_1_184' title='bbox 715 1507 757 1540; x_wconf 94' lang='lat' dir='ltr'>et</span> <span class='ocrx_word' id='word_1_185' title='bbox 778 1498 968 1539; x_wconf 84' lang='lat' dir='ltr'>similiter</span> <span class='ocrx_word' id='word_1_186' title='bbox 990 1498 1053 1538; x_wconf 88' lang='lat' dir='ltr'>his</span> <span class='ocrx_word' id='word_1_187' title='bbox 1074 1497 1223 1539; x_wconf 87' lang='lat' dir='ltr'>armati</span> <span class='ocrx_word' id='word_1_188' title='bbox 1244 1497 1329 1539; x_wconf 90' lang='lat' dir='ltr'>duo</span> <span class='ocrx_word' id='word_1_189' title='bbox 1356 1497 1486 1538; x_wconf 85' lang='lat' dir='ltr'>millia</span> <span class='ocrx_word' id='word_1_190' title='bbox 1510 1496 1625 1552; x_wconf 84' lang='lat' dir='ltr'>Cap-</span> 
     </span>
     <span class='ocr_line' id='line_1_25' title="bbox 226 1554 1625 1614; baseline -0.004 -15"><span class='ocrx_word' id='word_1_191' title='bbox 226 1557 458 1614; x_wconf 83' lang='lat' dir='ltr'>padocum:</span> <span class='ocrx_word' id='word_1_192' title='bbox 493 1557 564 1613; x_wconf 86' lang='lat' dir='ltr'>(ab</span> <span class='ocrx_word' id='word_1_193' title='bbox 588 1557 808 1597; x_wconf 88' lang='lat' dir='ltr'>Ariarathe</span> <span class='ocrx_word' id='word_1_194' title='bbox 832 1556 945 1597; x_wconf 88' lang='lat' dir='ltr'>missi</span> <span class='ocrx_word' id='word_1_195' title='bbox 966 1565 1086 1596; x_wconf 92' lang='lat' dir='ltr'>erant</span> <span class='ocrx_word' id='word_1_196' title='bbox 1106 1555 1225 1611; x_wconf 88' lang='lat' dir='ltr'>regi).</span> <span class='ocrx_word' id='word_1_197' title='bbox 1272 1555 1379 1596; x_wconf 88' lang='lat' dir='ltr'>Inde</span> <span class='ocrx_word' id='word_1_198' title='bbox 1402 1554 1625 1596; x_wconf 87' lang='lat' dir='ltr'>auxiliares</span> 
     </span>
     <span class='ocr_line' id='line_1_26' title="bbox 228 1611 1626 1670; baseline -0.003 -14"><span class='ocrx_word' id='word_1_199' title='bbox 228 1616 350 1656; x_wconf 85' lang='lat' dir='ltr'>mixti</span> <span class='ocrx_word' id='word_1_200' title='bbox 375 1615 564 1656; x_wconf 87' lang='lat' dir='ltr'>omnium</span> <span class='ocrx_word' id='word_1_201' title='bbox 593 1630 796 1670; x_wconf 87' lang='lat' dir='ltr'>generum</span> <span class='ocrx_word' id='word_1_202' title='bbox 823 1613 908 1654; x_wconf 89' lang='lat' dir='ltr'>duo</span> <span class='ocrx_word' id='word_1_203' title='bbox 941 1613 1071 1654; x_wconf 90' lang='lat' dir='ltr'>millia</span> <span class='ocrx_word' id='word_1_204' title='bbox 1100 1622 1142 1654; x_wconf 90' lang='lat' dir='ltr'>et</span> <span class='ocrx_word' id='word_1_205' title='bbox 1173 1613 1444 1669; x_wconf 82' lang='lat' dir='ltr'>septingenti,</span> <span class='ocrx_word' id='word_1_206' title='bbox 1474 1622 1516 1653; x_wconf 90' lang='lat' dir='ltr'>et</span> <span class='ocrx_word' id='word_1_207' title='bbox 1547 1611 1626 1652; x_wconf 89' lang='lat' dir='ltr'>tria</span> 
     </span>
     <span class='ocr_line' id='line_1_27' title="bbox 228 1669 1626 1729; baseline -0.004 -15"><span class='ocrx_word' id='word_1_208' title='bbox 228 1673 358 1714; x_wconf 90' lang='lat' dir='ltr'>millia</span> <span class='ocrx_word' id='word_1_209' title='bbox 386 1673 745 1729; x_wconf 86' lang='lat' dir='ltr'>cataphractorum</span> <span class='ocrx_word' id='word_1_210' title='bbox 772 1672 977 1727; x_wconf 88' lang='lat' dir='ltr'>equitum,</span> <span class='ocrx_word' id='word_1_211' title='bbox 1001 1680 1043 1712; x_wconf 89' lang='lat' dir='ltr'>et</span> <span class='ocrx_word' id='word_1_212' title='bbox 1071 1670 1184 1711; x_wconf 90' lang='lat' dir='ltr'>mille</span> <span class='ocrx_word' id='word_1_213' title='bbox 1214 1670 1283 1711; x_wconf 90' lang='lat' dir='ltr'>alii</span> <span class='ocrx_word' id='word_1_214' title='bbox 1312 1671 1487 1726; x_wconf 87' lang='lat' dir='ltr'>equites,</span> <span class='ocrx_word' id='word_1_215' title='bbox 1511 1669 1626 1724; x_wconf 82' lang='lat' dir='ltr'>regia</span> 
     </span>
     <span class='ocr_line' id='line_1_28' title="bbox 229 1727 1626 1786; baseline -0.004 -14"><span class='ocrx_word' id='word_1_216' title='bbox 229 1731 294 1772; x_wconf 88' lang='lat' dir='ltr'>ala</span> <span class='ocrx_word' id='word_1_217' title='bbox 322 1731 544 1771; x_wconf 79' lang='lat' dir='ltr'>levioribus</span> <span class='ocrx_word' id='word_1_218' title='bbox 573 1730 827 1786; x_wconf 87' lang='lat' dir='ltr'>tegumentis</span> <span class='ocrx_word' id='word_1_219' title='bbox 859 1730 943 1770; x_wconf 88' lang='lat' dir='ltr'>suis</span> <span class='ocrx_word' id='word_1_220' title='bbox 974 1744 1280 1785; x_wconf 88' lang='lat' dir='ltr'>equorumque,</span> <span class='ocrx_word' id='word_1_221' title='bbox 1303 1728 1384 1769; x_wconf 86' lang='lat' dir='ltr'>alio</span> <span class='ocrx_word' id='word_1_222' title='bbox 1406 1727 1516 1768; x_wconf 87' lang='lat' dir='ltr'>haud</span> <span class='ocrx_word' id='word_1_223' title='bbox 1542 1727 1626 1767; x_wconf 87' lang='lat' dir='ltr'>dis-</span> 
     </span>
     <span class='ocr_line' id='line_1_29' title="bbox 229 1785 1626 1844; baseline -0.003 -15"><span class='ocrx_word' id='word_1_224' title='bbox 229 1789 354 1830; x_wconf 88' lang='lat' dir='ltr'>simili</span> <span class='ocrx_word' id='word_1_225' title='bbox 385 1788 553 1829; x_wconf 82' lang='lat' dir='ltr'>habitu:</span> <span class='ocrx_word' id='word_1_226' title='bbox 592 1787 685 1844; x_wconf 77' lang='lat' dir='ltr'>Syri</span> <span class='ocrx_word' id='word_1_227' title='bbox 713 1787 902 1843; x_wconf 84' lang='lat' dir='ltr'>plerique</span> <span class='ocrx_word' id='word_1_228' title='bbox 926 1796 1045 1828; x_wconf 87' lang='lat' dir='ltr'>erant</span> <span class='ocrx_word' id='word_1_229' title='bbox 1066 1786 1306 1842; x_wconf 78' lang='lat' dir='ltr'>Phrygibus</span> <span class='ocrx_word' id='word_1_230' title='bbox 1328 1795 1370 1827; x_wconf 89' lang='lat' dir='ltr'>et</span> <span class='ocrx_word' id='word_1_231' title='bbox 1393 1786 1526 1842; x_wconf 90' lang='lat' dir='ltr'>Lydis</span> <span class='ocrx_word' id='word_1_232' title='bbox 1547 1785 1626 1825; x_wconf 89' lang='lat' dir='ltr'>im-</span> 
     </span>
     <span class='ocr_line' id='line_1_30' title="bbox 230 1842 1625 1901; baseline -0.003 -14"><span class='ocrx_word' id='word_1_233' title='bbox 230 1847 362 1887; x_wconf 88' lang='lat' dir='ltr'>mixti.</span> <span class='ocrx_word' id='word_1_234' title='bbox 426 1846 542 1887; x_wconf 87' lang='lat' dir='ltr'>Ante</span> <span class='ocrx_word' id='word_1_235' title='bbox 564 1845 678 1886; x_wconf 89' lang='lat' dir='ltr'>hunc</span> <span class='ocrx_word' id='word_1_236' title='bbox 700 1845 935 1901; x_wconf 86' lang='lat' dir='ltr'>equitatum</span> <span class='ocrx_word' id='word_1_237' title='bbox 956 1844 1129 1885; x_wconf 88' lang='lat' dir='ltr'>falcatae</span> <span class='ocrx_word' id='word_1_238' title='bbox 1151 1844 1378 1900; x_wconf 88' lang='lat' dir='ltr'>quadrigae</span> <span class='ocrx_word' id='word_1_239' title='bbox 1401 1854 1443 1884; x_wconf 89' lang='lat' dir='ltr'>et</span> <span class='ocrx_word' id='word_1_240' title='bbox 1463 1842 1625 1891; x_wconf 87' lang='lat' dir='ltr'>cameli,</span> 
     </span>
     <span class='ocr_line' id='line_1_31' title="bbox 230 1900 1626 1960; baseline -0.003 -15"><span class='ocrx_word' id='word_1_241' title='bbox 230 1919 335 1960; x_wconf 90' lang='lat' dir='ltr'>quos</span> <span class='ocrx_word' id='word_1_242' title='bbox 352 1903 564 1960; x_wconf 88' lang='lat' dir='ltr'>appellant</span> <span class='ocrx_word' id='word_1_243' title='bbox 578 1903 809 1944; x_wconf 82' lang='lat' dir='ltr'>dromadas.</span> <span class='ocrx_word' id='word_1_244' title='bbox 874 1902 955 1943; x_wconf 88' lang='lat' dir='ltr'>His</span> <span class='ocrx_word' id='word_1_245' title='bbox 977 1901 1216 1942; x_wconf 82' lang='lat' dir='ltr'>insidebant</span> <span class='ocrx_word' id='word_1_246' title='bbox 1231 1902 1392 1942; x_wconf 87' lang='lat' dir='ltr'>Arabes</span> <span class='ocrx_word' id='word_1_247' title='bbox 1410 1900 1626 1956; x_wconf 82' lang='lat' dir='ltr'>sagittarii,</span> 
     </span>
     <span class='ocr_line' id='line_1_32' title="bbox 230 1959 1629 2018; baseline -0.002 -16"><span class='ocrx_word' id='word_1_248' title='bbox 230 1961 389 2018; x_wconf 87' lang='lat' dir='ltr'>gladios</span> <span class='ocrx_word' id='word_1_249' title='bbox 410 1962 612 2002; x_wconf 88' lang='lat' dir='ltr'>habentes</span> <span class='ocrx_word' id='word_1_250' title='bbox 634 1970 794 2009; x_wconf 82' lang='lat' dir='ltr'>tenueS,</span> <span class='ocrx_word' id='word_1_251' title='bbox 810 1959 957 2015; x_wconf 87' lang='lat' dir='ltr'>longos</span> <span class='ocrx_word' id='word_1_252' title='bbox 972 1968 1176 2015; x_wconf 87' lang='lat' dir='ltr'>quaterna</span> <span class='ocrx_word' id='word_1_253' title='bbox 1197 1960 1350 2007; x_wconf 86' lang='lat' dir='ltr'>cubita,</span> <span class='ocrx_word' id='word_1_254' title='bbox 1369 1968 1415 2000; x_wconf 90' lang='lat' dir='ltr'>ut</span> <span class='ocrx_word' id='word_1_255' title='bbox 1438 1974 1489 2000; x_wconf 84' lang='lat' dir='ltr'>ex</span> <span class='ocrx_word' id='word_1_256' title='bbox 1513 1966 1629 1999; x_wconf 86' lang='lat' dir='ltr'>tanta</span> 
     </span>
     <span class='ocr_line' id='line_1_33' title="bbox 231 2016 1626 2074; baseline -0.003 -14"><span class='ocrx_word' id='word_1_257' title='bbox 231 2019 452 2060; x_wconf 87' lang='lat' dir='ltr'>altitudine</span> <span class='ocrx_word' id='word_1_258' title='bbox 475 2019 718 2074; x_wconf 88' lang='lat' dir='ltr'>contingere</span> <span class='ocrx_word' id='word_1_259' title='bbox 742 2018 903 2058; x_wconf 90' lang='lat' dir='ltr'>hostem</span> <span class='ocrx_word' id='word_1_260' title='bbox 927 2026 1106 2073; x_wconf 88' lang='lat' dir='ltr'>possent.</span> <span class='ocrx_word' id='word_1_261' title='bbox 1156 2017 1262 2057; x_wconf 90' lang='lat' dir='ltr'>Inde</span> <span class='ocrx_word' id='word_1_262' title='bbox 1285 2017 1365 2057; x_wconf 84' lang='lat' dir='ltr'>alia</span> <span class='ocrx_word' id='word_1_263' title='bbox 1387 2016 1626 2064; x_wconf 87' lang='lat' dir='ltr'>multitudo,</span> 
     </span>
     <span class='ocr_line' id='line_1_34' title="bbox 202 2073 1628 2133; baseline -0.002 -16"><span class='ocrx_word' id='word_1_264' title='bbox 202 2091 218 2122; x_wconf 88' lang='lat'><strong>5</strong></span> <span class='ocrx_word' id='word_1_265' title='bbox 232 2092 306 2133; x_wconf 89' lang='lat' dir='ltr'>par</span> <span class='ocrx_word' id='word_1_266' title='bbox 327 2077 378 2126; x_wconf 88' lang='lat' dir='ltr'>ei,</span> <span class='ocrx_word' id='word_1_267' title='bbox 402 2092 508 2132; x_wconf 87' lang='lat' dir='ltr'>quae</span> <span class='ocrx_word' id='word_1_268' title='bbox 532 2076 575 2116; x_wconf 89' lang='lat' dir='ltr'>in</span> <span class='ocrx_word' id='word_1_269' title='bbox 597 2076 746 2116; x_wconf 84' lang='lat' dir='ltr'>dextro</span> <span class='ocrx_word' id='word_1_270' title='bbox 768 2090 900 2116; x_wconf 88' lang='lat' dir='ltr'>cornu</span> <span class='ocrx_word' id='word_1_271' title='bbox 921 2084 1032 2123; x_wconf 83' lang='lat' dir='ltr'>erat3</span> <span class='ocrx_word' id='word_1_272' title='bbox 1066 2074 1190 2129; x_wconf 84' lang='lat' dir='ltr'>primi</span> <span class='ocrx_word' id='word_1_273' title='bbox 1212 2074 1448 2122; x_wconf 85' lang='lat' dir='ltr'>Tarentini,</span> <span class='ocrx_word' id='word_1_274' title='bbox 1473 2073 1628 2114; x_wconf 89' lang='lat' dir='ltr'>deinde</span> 
     </span>
     <span class='ocr_line' id='line_1_35' title="bbox 236 2130 1628 2189; baseline -0.003 -14"><span class='ocrx_word' id='word_1_275' title='bbox 236 2134 606 2189; x_wconf 85' lang='lat' dir='ltr'>Gallograecorum</span> <span class='ocrx_word' id='word_1_276' title='bbox 648 2134 838 2189; x_wconf 83' lang='lat' dir='ltr'>equitum</span> <span class='ocrx_word' id='word_1_277' title='bbox 882 2132 967 2172; x_wconf 91' lang='lat' dir='ltr'>duo</span> <span class='ocrx_word' id='word_1_278' title='bbox 1009 2131 1138 2172; x_wconf 87' lang='lat' dir='ltr'>millia</span> <span class='ocrx_word' id='word_1_279' title='bbox 1178 2140 1219 2172; x_wconf 92' lang='lat' dir='ltr'>et</span> <span class='ocrx_word' id='word_1_280' title='bbox 1255 2131 1491 2187; x_wconf 86' lang='lat' dir='ltr'>quingenti,</span> <span class='ocrx_word' id='word_1_281' title='bbox 1531 2130 1628 2171; x_wconf 88' lang='lat' dir='ltr'>inde</span> 
     </span>
     <span class='ocr_line' id='line_1_36' title="bbox 201 2188 1630 2240; baseline -0.001 -9"><span class='ocrx_word' id='word_1_282' title='bbox 201 2199 220 2231; x_wconf 91' lang='lat'><strong>6</strong></span> <span class='ocrx_word' id='word_1_283' title='bbox 235 2191 466 2232; x_wconf 86' lang='lat' dir='ltr'>Neocretes</span> <span class='ocrx_word' id='word_1_284' title='bbox 488 2191 614 2240; x_wconf 90' lang='lat' dir='ltr'>mille,</span> <span class='ocrx_word' id='word_1_285' title='bbox 638 2200 680 2231; x_wconf 92' lang='lat' dir='ltr'>et</span> <span class='ocrx_word' id='word_1_286' title='bbox 701 2190 850 2231; x_wconf 87' lang='lat' dir='ltr'>eodem</span> <span class='ocrx_word' id='word_1_287' title='bbox 873 2198 1034 2230; x_wconf 88' lang='lat' dir='ltr'>armatu</span> <span class='ocrx_word' id='word_1_288' title='bbox 1059 2189 1189 2230; x_wconf 83' lang='lat' dir='ltr'>Cares</span> <span class='ocrx_word' id='word_1_289' title='bbox 1211 2198 1252 2230; x_wconf 89' lang='lat' dir='ltr'>et</span> <span class='ocrx_word' id='word_1_290' title='bbox 1275 2189 1431 2230; x_wconf 86' lang='lat' dir='ltr'>Cilices</span> <span class='ocrx_word' id='word_1_291' title='bbox 1452 2188 1565 2229; x_wconf 90' lang='lat' dir='ltr'>mille</span> <span class='ocrx_word' id='word_1_292' title='bbox 1588 2197 1630 2230; x_wconf 89' lang='lat' dir='ltr'>et</span> 
     </span>
     <span class='ocr_line' id='line_1_37' title="bbox 233 2247 1628 2305; baseline -0.003 -15"><span class='ocrx_word' id='word_1_293' title='bbox 233 2249 468 2305; x_wconf 85' lang='lat' dir='ltr'>quingenti,</span> <span class='ocrx_word' id='word_1_294' title='bbox 496 2258 537 2290; x_wconf 91' lang='lat' dir='ltr'>et</span> <span class='ocrx_word' id='word_1_295' title='bbox 570 2248 744 2289; x_wconf 89' lang='lat' dir='ltr'>totidem</span> <span class='ocrx_word' id='word_1_296' title='bbox 777 2247 950 2296; x_wconf 64' lang='lat' dir='ltr'>Tralles,</span> <span class='ocrx_word' id='word_1_297' title='bbox 981 2256 1023 2288; x_wconf 90' lang='lat' dir='ltr'>et</span> <span class='ocrx_word' id='word_1_298' title='bbox 1054 2247 1132 2288; x_wconf 86' lang='lat' dir='ltr'>tria</span> <span class='ocrx_word' id='word_1_299' title='bbox 1163 2247 1293 2287; x_wconf 87' lang='lat' dir='ltr'>millia</span> <span class='ocrx_word' id='word_1_300' title='bbox 1323 2255 1628 2294; x_wconf 82' lang='lat' dir='ltr'>caetratorum3</span> 
     </span>
     <span class='ocr_line' id='line_1_38' title="bbox 233 2304 1631 2362; baseline -0.004 -14"><span class='ocrx_word' id='word_1_301' title='bbox 233 2307 420 2359; x_wconf 85' lang='lat' dir='ltr'>(Pisidae</span> <span class='ocrx_word' id='word_1_302' title='bbox 447 2307 489 2347; x_wconf 83' lang='lat' dir='ltr'>hi</span> <span class='ocrx_word' id='word_1_303' title='bbox 512 2315 643 2355; x_wconf 86' lang='lat' dir='ltr'>erant,</span> <span class='ocrx_word' id='word_1_304' title='bbox 667 2314 708 2347; x_wconf 91' lang='lat' dir='ltr'>et</span> <span class='ocrx_word' id='word_1_305' title='bbox 731 2304 983 2362; x_wconf 79' lang='lat' dir='ltr'>Pamphylii,</span> <span class='ocrx_word' id='word_1_306' title='bbox 1006 2313 1048 2346; x_wconf 89' lang='lat' dir='ltr'>et</span> <span class='ocrx_word' id='word_1_307' title='bbox 1071 2304 1213 2361; x_wconf 85' lang='lat' dir='ltr'>Lycii)</span> <span class='ocrx_word' id='word_1_308' title='bbox 1236 2314 1326 2345; x_wconf 91' lang='lat' dir='ltr'>tum</span> <span class='ocrx_word' id='word_1_309' title='bbox 1350 2304 1631 2361; x_wconf 83' lang='lat' dir='ltr'>Cyrtaeorum</span> 
     </span>
    </p>
   </div>
   <div class='ocr_carea' id='block_1_3' title="bbox 235 2473 1634 2729">
    <p class='ocr_par' dir='ltr' id='par_1_3' title="bbox 235 2473 1634 2643">
     <span class='ocr_line' id='line_1_39' title="bbox 279 2473 1631 2517; baseline -0.003 -9"><span class='ocrx_word' id='word_1_310' title='bbox 279 2488 294 2508; x_wconf 81' lang='lat'>2</span> <span class='ocrx_word' id='word_1_311' title='bbox 323 2480 348 2508; x_wconf 80' lang='lat' dir='ltr'><em>A</em></span> <span class='ocrx_word' id='word_1_312' title='bbox 372 2479 485 2517; x_wconf 77' lang='lat' dir='ltr'>fronle</span> <span class='ocrx_word' id='word_1_313' title='bbox 512 2477 687 2517; x_wconf 73' lang='lat' dir='ltr'>inlrorsus]</span> <span class='ocrx_word' id='word_1_314' title='bbox 729 2476 909 2516; x_wconf 72' lang='lat' dir='ltr'>Quingenti</span> <span class='ocrx_word' id='word_1_315' title='bbox 955 2487 1029 2506; x_wconf 85' lang='lat' dir='ltr'>nam</span> <span class='ocrx_word' id='word_1_316' title='bbox 1055 2475 1102 2506; x_wconf 91' lang='lat' dir='ltr'>illi</span> <span class='ocrx_word' id='word_1_317' title='bbox 1129 2476 1203 2511; x_wconf 80' lang='lat' dir='ltr'>sint,</span> <span class='ocrx_word' id='word_1_318' title='bbox 1226 2486 1289 2505; x_wconf 79' lang='lat' dir='ltr'>non</span> <span class='ocrx_word' id='word_1_319' title='bbox 1317 2475 1436 2514; x_wconf 79' lang='lat' dir='ltr'>liquet;</span> <span class='ocrx_word' id='word_1_320' title='bbox 1462 2473 1521 2504; x_wconf 78' lang='lat' dir='ltr'>nisi</span> <span class='ocrx_word' id='word_1_321' title='bbox 1545 2475 1631 2512; x_wconf 81' lang='lat' dir='ltr'>quod</span> 
     </span>
     <span class='ocr_line' id='line_1_40' title="bbox 235 2517 1632 2560; baseline -0.004 -10"><span class='ocrx_word' id='word_1_322' title='bbox 235 2521 441 2560; x_wconf 82' lang='lat' dir='ltr'>phalangitae</span> <span class='ocrx_word' id='word_1_323' title='bbox 467 2531 485 2550; x_wconf 86' lang='lat' dir='ltr'>a</span> <span class='ocrx_word' id='word_1_324' title='bbox 509 2520 614 2550; x_wconf 81' lang='lat' dir='ltr'>fronte</span> <span class='ocrx_word' id='word_1_325' title='bbox 640 2521 780 2556; x_wconf 79' lang='lat' dir='ltr'>stabant,</span> <span class='ocrx_word' id='word_1_326' title='bbox 804 2520 847 2549; x_wconf 88' lang='lat' dir='ltr'>ita</span> <span class='ocrx_word' id='word_1_327' title='bbox 875 2523 910 2549; x_wconf 89' lang='lat' dir='ltr'>ut</span> <span class='ocrx_word' id='word_1_328' title='bbox 955 2520 1041 2557; x_wconf 82' lang='lat' dir='ltr'>apud</span> <span class='ocrx_word' id='word_1_329' title='bbox 1065 2519 1176 2557; x_wconf 74' lang='lat' dir='ltr'>Polyb.</span> <span class='ocrx_word' id='word_1_330' title='bbox 1195 2529 1222 2548; x_wconf 78' lang='lat' dir='ltr'>v.</span> <span class='ocrx_word' id='word_1_331' title='bbox 1240 2517 1290 2557; x_wconf 75' lang='lat'>65.</span> <span class='ocrx_word' id='word_1_332' title='bbox 1309 2522 1340 2548; x_wconf 83' lang='lat' dir='ltr'>et</span> <span class='ocrx_word' id='word_1_333' title='bbox 1359 2525 1406 2558; x_wconf 83' lang='lat'>79.</span> <span class='ocrx_word' id='word_1_334' title='bbox 1424 2517 1632 2547; x_wconf 75' lang='lat' dir='ltr'>Cretensibus</span> 
     </span>
     <span class='ocr_line' id='line_1_41' title="bbox 235 2560 1633 2603; baseline -0.003 -10"><span class='ocrx_word' id='word_1_335' title='bbox 235 2563 299 2593; x_wconf 88' lang='lat' dir='ltr'>duo</span> <span class='ocrx_word' id='word_1_336' title='bbox 316 2568 346 2593; x_wconf 87' lang='lat' dir='ltr'>et</span> <span class='ocrx_word' id='word_1_337' title='bbox 363 2563 492 2603; x_wconf 82' lang='lat' dir='ltr'>triginta</span> <span class='ocrx_word' id='word_1_338' title='bbox 508 2563 634 2593; x_wconf 86' lang='lat' dir='ltr'>ordines</span> <span class='ocrx_word' id='word_1_339' title='bbox 652 2562 814 2593; x_wconf 74' lang='lat' dir='ltr'>sexdecim</span> <span class='ocrx_word' id='word_1_340' title='bbox 840 2562 910 2592; x_wconf 90' lang='lat' dir='ltr'>mil·</span> <span class='ocrx_word' id='word_1_341' title='bbox 955 2561 1173 2600; x_wconf 73' lang='lat' dir='ltr'>adiunguntur</span> <span class='ocrx_word' id='word_1_342' title='bbox 1185 2565 1216 2591; x_wconf 84' lang='lat' dir='ltr'>et</span> <span class='ocrx_word' id='word_1_343' title='bbox 1229 2564 1492 2590; x_wconf 82' lang='lat' dir='ltr'>annumerantur.</span> <span class='ocrx_word' id='word_1_344' title='bbox 1532 2560 1633 2589; x_wconf 86' lang='lat' dir='ltr'>Ilaud</span> 
     </span>
     <span class='ocr_line' id='line_1_42' title="bbox 236 2603 1634 2643; baseline -0.002 -8"><span class='ocrx_word' id='word_1_345' title='bbox 236 2605 279 2635; x_wconf 87' lang='lat' dir='ltr'>lia</span> <span class='ocrx_word' id='word_1_346' title='bbox 294 2610 489 2636; x_wconf 82' lang='lat' dir='ltr'>armatorum</span> <span class='ocrx_word' id='word_1_347' title='bbox 507 2606 678 2636; x_wconf 80' lang='lat' dir='ltr'>efficerent.</span> <span class='ocrx_word' id='word_1_348' title='bbox 955 2604 1020 2635; x_wconf 78' lang='lat' dir='ltr'>scio</span> <span class='ocrx_word' id='word_1_349' title='bbox 1044 2615 1083 2634; x_wconf 87' lang='lat' dir='ltr'>an</span> <span class='ocrx_word' id='word_1_350' title='bbox 1108 2604 1195 2643; x_wconf 85' lang='lat' dir='ltr'>apud</span> <span class='ocrx_word' id='word_1_351' title='bbox 1212 2604 1381 2635; x_wconf 81' lang='lat' dir='ltr'>Cretenses</span> <span class='ocrx_word' id='word_1_352' title='bbox 1399 2603 1576 2633; x_wconf 85' lang='lat' dir='ltr'>Neocretes</span> <span class='ocrx_word' id='word_1_353' title='bbox 1595 2612 1634 2632; x_wconf 81' lang='lat' dir='ltr'>ea</span> 
     </span>
    </p>

    <p class='ocr_par' dir='ltr' id='par_1_4' title="bbox 236 2645 1633 2729">
     <span class='ocr_line' id='line_1_43' title="bbox 280 2645 1633 2688; baseline -0.002 -11"><span class='ocrx_word' id='word_1_354' title='bbox 280 2657 297 2686; x_wconf 78' lang='lat'><strong>3</strong></span> <span class='ocrx_word' id='word_1_355' title='bbox 314 2648 472 2688; x_wconf 79' lang='lat' dir='ltr'>Perinde]</span> <span class='ocrx_word' id='word_1_356' title='bbox 498 2648 785 2683; x_wconf 82' lang='lat' dir='ltr'>Quemadmodum</span> <span class='ocrx_word' id='word_1_357' title='bbox 803 2647 909 2686; x_wconf 72' lang='lat' dir='ltr'>magni</span> <span class='ocrx_word' id='word_1_358' title='bbox 957 2646 1140 2677; x_wconf 83' lang='lat' dir='ltr'>conditione</span> <span class='ocrx_word' id='word_1_359' title='bbox 1157 2650 1273 2683; x_wconf 76' lang='lat' dir='ltr'>essent,</span> <span class='ocrx_word' id='word_1_360' title='bbox 1287 2656 1350 2684; x_wconf 82' lang='lat' dir='ltr'>qua</span> <span class='ocrx_word' id='word_1_361' title='bbox 1367 2646 1452 2684; x_wconf 86' lang='lat' dir='ltr'>apud</span> <span class='ocrx_word' id='word_1_362' title='bbox 1473 2645 1633 2675; x_wconf 84' lang='lat' dir='ltr'>Lacedae-</span> 
     </span>
     <span class='ocr_line' id='line_1_44' title="bbox 236 2687 1632 2729; baseline -0.003 -9"><span class='ocrx_word' id='word_1_363' title='bbox 236 2690 356 2720; x_wconf 84' lang='lat' dir='ltr'>roboris</span> <span class='ocrx_word' id='word_1_364' title='bbox 379 2694 446 2720; x_wconf 84' lang='lat' dir='ltr'>erat</span> <span class='ocrx_word' id='word_1_365' title='bbox 470 2691 527 2721; x_wconf 84' lang='lat' dir='ltr'>illa</span> <span class='ocrx_word' id='word_1_366' title='bbox 548 2691 701 2729; x_wconf 83' lang='lat' dir='ltr'>phalanx,</span> <span class='ocrx_word' id='word_1_367' title='bbox 718 2690 762 2720; x_wconf 84' lang='lat' dir='ltr'>ita</span> <span class='ocrx_word' id='word_1_368' title='bbox 779 2694 810 2720; x_wconf 79' lang='lat' dir='ltr'>et</span> <span class='ocrx_word' id='word_1_369' title='bbox 827 2700 911 2729; x_wconf 79' lang='lat' dir='ltr'>niag-</span> <span class='ocrx_word' id='word_1_370' title='bbox 957 2690 1082 2719; x_wconf 79' lang='lat' dir='ltr'>monins</span> <span class='ocrx_word' id='word_1_371' title='bbox 1106 2689 1164 2725; x_wconf 81' lang='lat' dir='ltr'>illi,</span> <span class='ocrx_word' id='word_1_372' title='bbox 1187 2689 1241 2727; x_wconf 83' lang='lat' dir='ltr'>qui</span> <span class='ocrx_word' id='word_1_373' title='bbox 1267 2688 1498 2718; x_wconf 83' lang='lat' dir='ltr'>Neodamodes</span> <span class='ocrx_word' id='word_1_374' title='bbox 1522 2687 1632 2726; x_wconf 83' lang='lat' dir='ltr'>appel-</span> 
     </span>
    </p>
   </div>
   <div class='ocr_carea' id='block_1_4' title="bbox 236 2728 1636 2899">
    <p class='ocr_par' dir='ltr' id='par_1_5' title="bbox 236 2728 1636 2899">
     <span class='ocr_line' id='line_1_45' title="bbox 236 2728 1634 2772; baseline -0.003 -10"><span class='ocrx_word' id='word_1_375' title='bbox 236 2743 314 2763; x_wconf 88' lang='lat' dir='ltr'>num</span> <span class='ocrx_word' id='word_1_376' title='bbox 331 2738 481 2763; x_wconf 82' lang='lat' dir='ltr'>terrorem</span> <span class='ocrx_word' id='word_1_377' title='bbox 500 2734 682 2772; x_wconf 81' lang='lat' dir='ltr'>praebebat.</span> <span class='ocrx_word' id='word_1_378' title='bbox 708 2734 813 2763; x_wconf 59' lang='lat' dir='ltr'>Caiev.</span> <span class='ocrx_word' id='word_1_379' title='bbox 958 2733 1119 2769; x_wconf 83' lang='lat' dir='ltr'>labantur,</span> <span class='ocrx_word' id='word_1_380' title='bbox 1146 2731 1268 2761; x_wconf 75' lang='lat' dir='ltr'>seilicet</span> <span class='ocrx_word' id='word_1_381' title='bbox 1297 2731 1371 2760; x_wconf 68' lang='lat' dir='ltr'>novi</span> <span class='ocrx_word' id='word_1_382' title='bbox 1400 2730 1495 2766; x_wconf 78' lang='lat' dir='ltr'>eires,</span> <span class='ocrx_word' id='word_1_383' title='bbox 1522 2741 1541 2759; x_wconf 85' lang='lat' dir='ltr'>a</span> <span class='ocrx_word' id='word_1_384' title='bbox 1569 2728 1634 2758; x_wconf 86' lang='grc' dir='ltr'>νέος</span> 
     </span>
     <span class='ocr_line' id='line_1_46' title="bbox 286 2772 1636 2815; baseline -0.004 -10"><span class='ocrx_word' id='word_1_385' title='bbox 286 2787 304 2813; x_wconf 83' lang='lat'>4</span> <span class='ocrx_word' id='word_1_386' title='bbox 332 2775 583 2815; x_wconf 63' lang='lat' dir='ltr'>„¹1rssymspiaeles]</span> <span class='ocrx_word' id='word_1_387' title='bbox 625 2776 650 2806; x_wconf 76' lang='grc' dir='ltr'>Α</span> <span class='ocrx_word' id='word_1_388' title='bbox 682 2776 808 2805; x_wconf 78' lang='lat' dir='ltr'>Graeca</span> <span class='ocrx_word' id='word_1_389' title='bbox 837 2786 912 2805; x_wconf 81' lang='lat' dir='ltr'>voce</span> <span class='ocrx_word' id='word_1_390' title='bbox 958 2786 1058 2805; x_wconf 77' lang='lat' dir='ltr'>novus</span> <span class='ocrx_word' id='word_1_391' title='bbox 1089 2778 1120 2804; x_wconf 85' lang='lat' dir='ltr'>et</span> <span class='ocrx_word' id='word_1_392' title='bbox 1150 2775 1243 2811; x_wconf 88' lang='grc' dir='ltr'>δᾶμος</span> <span class='ocrx_word' id='word_1_393' title='bbox 1275 2774 1426 2812; x_wconf 77' lang='lat' dir='ltr'>populus,</span> <span class='ocrx_word' id='word_1_394' title='bbox 1453 2773 1492 2802; x_wconf 81' lang='lat' dir='ltr'>de</span> <span class='ocrx_word' id='word_1_395' title='bbox 1520 2772 1636 2810; x_wconf 82' lang='lat' dir='ltr'>quibus</span> 
     </span>
     <span class='ocr_line' id='line_1_47' title="bbox 237 2814 1635 2857; baseline -0.004 -10"><span class='ocrx_word' id='word_1_396' title='bbox 237 2817 368 2857; x_wconf 75' lang='grc' dir='ltr'>ἄργυρον</span> <span class='ocrx_word' id='word_1_397' title='bbox 383 2822 563 2857; x_wconf 59' lang='lat' dir='ltr'>argentum,</span> <span class='ocrx_word' id='word_1_398' title='bbox 579 2822 610 2847; x_wconf 81' lang='lat' dir='ltr'>et</span> <span class='ocrx_word' id='word_1_399' title='bbox 626 2816 718 2847; x_wconf 84' lang='grc' dir='ltr'>ἅσπις</span> <span class='ocrx_word' id='word_1_400' title='bbox 735 2818 880 2857; x_wconf 78' lang='lat' dir='ltr'>clypeus.</span> <span class='ocrx_word' id='word_1_401' title='bbox 957 2818 1061 2847; x_wconf 81' lang='lat' dir='ltr'>multa</span> <span class='ocrx_word' id='word_1_402' title='bbox 1092 2817 1337 2856; x_wconf 78' lang='lat' dir='ltr'>disputaverunt</span> <span class='ocrx_word' id='word_1_403' title='bbox 1370 2815 1424 2845; x_wconf 77' lang='lat' dir='ltr'>riri</span> <span class='ocrx_word' id='word_1_404' title='bbox 1456 2814 1553 2844; x_wconf 83' lang='lat' dir='ltr'>docti.</span> <span class='ocrx_word' id='word_1_405' title='bbox 1593 2814 1635 2843; x_wconf 84' lang='lat' dir='ltr'>cf.</span> 
     </span>
     <span class='ocr_line' id='line_1_48' title="bbox 282 2856 1634 2899; baseline -0.002 -9"><span class='ocrx_word' id='word_1_406' title='bbox 282 2871 298 2898; x_wconf 82' lang='lat'>5</span> <span class='ocrx_word' id='word_1_407' title='bbox 328 2862 511 2897; x_wconf 67' lang='lat' dir='ltr'>&#39;l&#39;m-mzlini]</span> <span class='ocrx_word' id='word_1_408' title='bbox 539 2860 577 2891; x_wconf 81' lang='lat' dir='ltr'>cf.</span> <span class='ocrx_word' id='word_1_409' title='bbox 595 2860 687 2899; x_wconf 80' lang='lat' dir='ltr'>Supr.</span> <span class='ocrx_word' id='word_1_410' title='bbox 705 2871 802 2890; x_wconf 78' lang='lat' dir='ltr'>xxxv.</span> <span class='ocrx_word' id='word_1_411' title='bbox 822 2861 869 2890; x_wconf 81' lang='lat'>28.</span> <span class='ocrx_word' id='word_1_412' title='bbox 961 2860 1090 2890; x_wconf 88' lang='lat' dir='ltr'>Muller.</span> <span class='ocrx_word' id='word_1_413' title='bbox 1107 2860 1184 2889; x_wconf 64' lang='lat' dir='ltr'>Dor.</span> <span class='ocrx_word' id='word_1_414' title='bbox 1198 2859 1239 2888; x_wconf 90' lang='lat' dir='ltr'>iii.</span> <span class='ocrx_word' id='word_1_415' title='bbox 1257 2869 1283 2896; x_wconf 76' lang='lat'>3.</span> <span class='ocrx_word' id='word_1_416' title='bbox 1299 2860 1314 2892; x_wconf 58' lang='grc' dir='ltr'>,ἓ</span> <span class='ocrx_word' id='word_1_417' title='bbox 1330 2869 1358 2896; x_wconf 78' lang='lat'>5.</span> <span class='ocrx_word' id='word_1_418' title='bbox 1383 2857 1561 2887; x_wconf 83' lang='lat' dir='ltr'>Tbirlwall.</span> <span class='ocrx_word' id='word_1_419' title='bbox 1577 2856 1634 2887; x_wconf 80' lang='lat' dir='ltr'>Gr.</span> 
     </span>
    </p>
   </div>
   <div class='ocr_carea' id='block_1_5' title="bbox 279 2901 1326 2942">
    <p class='ocr_par' dir='ltr' id='par_1_6' title="bbox 279 2901 1326 2942">
     <span class='ocr_line' id='line_1_49' title="bbox 279 2901 1326 2942; baseline -0.001 -9"><span class='ocrx_word' id='word_1_420' title='bbox 279 2903 299 2931; x_wconf 78' lang='lat'>6</span> <span class='ocrx_word' id='word_1_421' title='bbox 324 2902 509 2942; x_wconf 70' lang='lat' dir='ltr'>Neocretes]</span> <span class='ocrx_word' id='word_1_422' title='bbox 537 2903 621 2932; x_wconf 64' lang='lat' dir='ltr'>Noti</span> <span class='ocrx_word' id='word_1_423' title='bbox 635 2903 756 2933; x_wconf 72' lang='lat' dir='ltr'>Cretes.</span> <span class='ocrx_word' id='word_1_424' title='bbox 793 2902 913 2941; x_wconf 72' lang='lat' dir='ltr'>Atqui·</span> <span class='ocrx_word' id='word_1_425' title='bbox 962 2902 1050 2933; x_wconf 66' lang='lat' dir='ltr'>llist.</span> <span class='ocrx_word' id='word_1_426' title='bbox 1069 2902 1109 2933; x_wconf 71' lang='lat' dir='ltr'>iv.</span> <span class='ocrx_word' id='word_1_427' title='bbox 1129 2902 1280 2941; x_wconf 76' lang='lat' dir='ltr'>Appcnd.</span> <span class='ocrx_word' id='word_1_428' title='bbox 1300 2901 1326 2932; x_wconf 86' lang='lat' dir='ltr'>l.</span> 
     </span>
    </p>
   </div>
   <div class='ocr_carea' id='block_1_6' title="bbox 1627 231 1826 317">
    <p class='ocr_par' dir='ltr' id='par_1_7' title="bbox 1627 231 1826 317">
     <span class='ocr_line' id='line_1_50' title="bbox 1629 231 1825 272; baseline 0 -7"><span class='ocrx_word' id='word_1_429' title='bbox 1629 233 1672 265; x_wconf 93' lang='lat' dir='ltr'>U.</span> <span class='ocrx_word' id='word_1_430' title='bbox 1691 233 1729 265; x_wconf 91' lang='lat' dir='ltr'>C.</span> <span class='ocrx_word' id='word_1_431' title='bbox 1751 231 1825 272; x_wconf 80' lang='lat'>562.</span> 
     </span>
     <span class='ocr_line' id='line_1_51' title="bbox 1627 276 1826 317; baseline -0.005 -10"><span class='ocrx_word' id='word_1_432' title='bbox 1627 276 1668 308; x_wconf 88' lang='lat' dir='ltr'>A.</span> <span class='ocrx_word' id='word_1_433' title='bbox 1692 277 1729 307; x_wconf 89' lang='lat' dir='ltr'>C.</span> <span class='ocrx_word' id='word_1_434' title='bbox 1756 285 1826 317; x_wconf 89' lang='lat'>190.</span> 
     </span>
    </p>
   </div>
  </div>
 </body>
</html>
