1960 3218
558 144 683 185 LIB.
717 143 933 185 XXXIV.
981 143 1126 185 CAP.
1165 147 1227 184 11.
1510 147 1589 186 139

200 245 318 287 teret,
340 236 527 277 faciebat.
591 235 723 277 Erant
751 236 877 277 etiam
907 251 956 276 eo
986 234 1172 284 tutiores,
1197 234 1312 290 quod
1340 235 1416 275 sub
1446 235 1592 276 umbra
1607 243 1648 274 U.
1668 243 1705 273 C.
1728 250 1798 281 557-

201 295 418 336 Romanae
441 294 644 335 amicitiae
666 293 873 335 latebant:
908 308 1035 349 quam
1052 292 1159 333 sicut
1175 292 1405 333 minoribus
1420 292 1589 342 viribus,
1605 286 1644 316 A·
1669 285 1705 316 C·
1731 292 1799 325 Ι95·

200 368 326 409 quam
349 352 643 401 lMassilienses,
665 351 755 407 pari
780 351 974 392 colebant
994 350 1090 392 fide.
1154 350 1278 391 Tune
1300 365 1469 405 quoque
1491 366 1592 391 eon·
1625 371 1630 381 ι

200 410 333 452 sulem
355 410 672 465 exercitumque
694 410 868 450 comiter
888 425 934 450 ac
950 409 1133 463 benigne
1155 417 1418 464 acceperunt.
1481 408 1592 449 Pau-

201 483 270 509 cos
290 468 348 509 ibi
369 477 552 508 moratus
577 467 666 509 dies
697 466 818 516 Cato,
841 466 942 508 dum
971 466 1218 523 exploraret,
1241 465 1312 506 ubi
1339 474 1381 506 et
1409 474 1590 520 quantae

200 525 383 566 hostium
414 525 557 581 copiae
591 533 728 566 essent
741 525 757 575 3*
794 534 841 566 ut
870 540 923 566 ne
954 539 1071 565 mora
1101 523 1273 580 quidem
1301 523 1439 579 segnis
1470 533 1590 574 esset,

200 598 324 625 omne
346 583 391 624 id
413 592 577 639 tempus
598 582 843 624 exercendis
869 582 1072 623 militibus
1093 582 1361 637 consumpsit.
1425 580 1475 622 Id
1504 591 1592 622 erat

200 641 304 682 sorte
328 650 493 697 tempus
514 641 625 690 anni,
641 650 689 682 ut
708 641 967 682 frumentum
988 640 1033 681 in
1049 640 1155 681 areis
1177 639 1359 695 Hispani
1376 639 1589 680 haberent.

201 698 364 755 Itaque,
383 698 718 755 redemptoribus
734 699 872 740 vetitis
893 698 1150 739 frumentum
1166 712 1325 754 parare,
1341 713 1387 738 ac
1410 697 1592 738 Romam

201 756 393 806 dimissis,
427 756 646 806 ‘Bellum,’
673 757 824 813 inquit,
860 762 925 797 ‘se
958 756 1094 812 ipsum
1122 755 1229 796 alet.⁷
1289 754 1507 796 Profectus
1541 756 1592 796 ab

203 814 412 871 Emporiis
433 830 552 871 agros
570 815 752 856 hostium
782 815 863 855 urit
883 823 1123 870 vastatque:
1159 813 1300 855 omnia
1327 813 1426 870 fuga
1447 821 1489 854 et
1510 822 1592 854 ter-

201 887 292 914 rore
315 872 509 929 complet.

260 930 423 972 Eodem
452 940 637 987 tempore
667 930 729 972 Μ.
753 930 917 980 Helvio,
941 930 1164 972 decedenti
1192 946 1245 971 ex
1273 930 1467 972 ulteriore
1491 929 1592 970 His-
1672 934 1734 972 10.

201 989 327 1044 pania
362 1004 457 1029 eum
499 989 704 1045 praesidio
745 1004 817 1030 sex
850 988 1041 1039 millium,
1076 988 1174 1029 dato
1210 989 1261 1030 ab
1299 988 1381 1044 Ap.
1409 987 1591 1029 Claudio
1605 989 1782 1038 Celtiberos

201 1055 405 1103 praetore,
431 1046 633 1088 Celtiberi
655 1047 821 1103 agmine
842 1046 1003 1103 ingenti
1025 1046 1077 1087 ad
1099 1046 1301 1102 oppidum
1321 1046 1501 1101 Illiturgi
1522 1061 1592 1087 oc-
1604 1033 1745 1106 ξῇῗὲξηὸ

202 1114 431 1146 currerunt.
495 1104 658 1160 Viginti
680 1105 809 1146 millia
838 1114 1090 1146 armatorum
1110 1105 1249 1154 fuisse,
1272 1104 1465 1145 Valerius
1493 1104 1593 1145 scri-
1704 1099 1711 1106 ’

202 1163 290 1211 bit;
324 1162 547 1203 duodecim
569 1162 699 1203 millia
726 1178 779 1203 ex
800 1162 850 1203 iis
871 1178 1000 1211 caesa,
1024 1163 1226 1218 oppidum
1248 1162 1428 1218 Illiturgi
1450 1177 1593 1218 recep-

203 1229 305 1269 tum,
329 1230 370 1261 et
390 1221 568 1276 puberes
585 1235 729 1261 omnes
750 1220 1000 1261 interfectos.
1064 1220 1170 1261 Inde
1192 1220 1245 1261 ad
1266 1229 1399 1261 castra
1418 1219 1593 1261 Catonis

202 1277 380 1319 Helvius
400 1278 590 1334 pervenit
607 1294 616 1319 ε
650 1286 705 1328 et,
729 1278 828 1334 quia
852 1286 943 1319 tuta
969 1278 1052 1319 iam
1073 1279 1124 1319 ab
1146 1278 1334 1319 hostibus
1355 1278 1470 1334 regio
1491 1286 1590 1328 erat,
1607 1290 1716 1336 Ovans
1731 1299 1779 1318 ur-

201 1335 407 1392 praesidio
447 1336 491 1376 in
528 1336 766 1377 ulteriorem
806 1335 1055 1392 Hispaniam
1091 1336 1275 1387 remisso,
1314 1336 1495 1377 Romam
1531 1344 1593 1377 est
1606 1334 1679 1381 bem
1695 1342 1794 1371 mgre-

200 1393 422 1449 profectus,
452 1402 494 1434 et
518 1395 570 1435 ob
600 1409 687 1435 rem
718 1393 894 1435 feliciter
923 1403 1083 1450 gestam
1111 1409 1238 1435 ovans
1264 1394 1411 1435 urbem
1438 1401 1500 1435 est
1527 1394 1592 1434 in-
1605 1377 1700 1406 (ntur.

201 1466 375 1508 gressus.
440 1452 618 1507 Argenti
648 1452 792 1493 infecti
825 1452 921 1493 tulit
948 1452 991 1492 in
1024 1452 1229 1493 aerarium
1254 1451 1593 1508 quattuordecim

201 1508 331 1550 millia
350 1509 492 1565 pondo
513 1510 778 1566 septingenta
799 1510 970 1566 triginta
985 1510 1092 1551 duo:
1127 1518 1169 1551 et
1189 1510 1340 1567 signati
1357 1510 1592 1566 bigatorum

175 1584 185 1604 1
202 1567 488 1623 septendecim
510 1567 639 1609 millia
659 1568 807 1624 viginti
830 1568 924 1609 tria:
959 1577 1001 1609 et
1020 1567 1217 1609 Oscensis
1238 1569 1400 1624 argenti
1422 1576 1593 1609 centum

203 1625 351 1681 viginti
369 1625 497 1666 millia
519 1625 848 1682 quadringentos
870 1626 1041 1681 triginta
1061 1636 1165 1667 octo.
1232 1625 1371 1667 Causa
1391 1625 1593 1682 triumphi

202 1683 385 1739 negandi
405 1683 568 1724 senatui
589 1683 681 1733 fuit,
704 1683 818 1740 quod
843 1683 979 1725 alieno
1000 1684 1185 1740 auspicio
1206 1692 1249 1725 et
1270 1685 1313 1724 in
1335 1684 1471 1725 aliena
1497 1699 1593 1740 pro-

202 1740 338 1782 vincia
365 1751 599 1797 pugnasset.
666 1741 868 1783 Ceterum
897 1742 1069 1783 biennio
1099 1750 1193 1798 post
1223 1742 1415 1791 redierat,
1446 1757 1591 1798 quum,

172 1798 417 1854 aprovincia
443 1800 668 1840 successori
694 1800 746 1848 Q.
767 1799 960 1841 Minucio
990 1800 1153 1849 tradita,
1184 1815 1341 1841 anuum
1367 1800 1593 1855 insequen-

202 1866 288 1897 tem
309 1865 496 1898 retentus
517 1857 575 1897 ibi
592 1857 718 1914 longo
739 1868 781 1898 et
802 1858 916 1913 gravi
932 1857 1076 1899 fuisset
1097 1858 1253 1899 morbo.
1316 1857 1466 1914 Itaque
1488 1857 1593 1899 duo·
1607 1865 1741 1896 Minucii
1751 1866 1803 1896 tri-

200 1914 279 1956 bus
300 1914 426 1956 modo
448 1915 660 1956 mensibus
681 1925 777 1956 ante
809 1915 986 1957 Helvius
1015 1931 1142 1957 ovans
1170 1917 1317 1957 urbem
1345 1924 1407 1957 est
1434 1909 1755 1971 ingres-timphus.

200 1987 281 2022 sus,
309 1988 435 2028 quam
468 1988 679 2014 successor
706 1974 795 2014 eius
829 1973 881 2022 Q.
908 1973 1124 2015 Minucius
1155 1973 1442 2030 triumpharet.
1507 1973 1592 2014 Hic

200 2045 368 2086 quoque
391 2030 486 2071 tulit
513 2031 671 2086 argenti
702 2031 843 2087 pondo
872 2032 1042 2087 triginta
1069 2040 1267 2087 quattuor
1294 2031 1423 2072 millia
1452 2031 1588 2072 octin-

201 2097 340 2143 genta,
355 2088 589 2143 bigatorum
607 2089 872 2145 septuaginta
888 2097 981 2130 octo
999 2089 1140 2138 millia,
1159 2098 1200 2130 et
1217 2088 1413 2131 Oscensis
1429 2089 1590 2145 argenti

171 2160 188 2190 3
203 2145 386 2186 ducenta
406 2146 671 2201 septuaginta
692 2157 784 2187 octo
807 2146 948 2187 millia.

261 2203 311 2243 In
334 2203 541 2259 Hispania
562 2204 728 2245 interim
756 2204 900 2245 consul
923 2204 1034 2245 hand
1056 2204 1200 2261 procul
1230 2204 1438 2260 Emporiis
1460 2213 1591 2246 castra
1673 2213 1734 2250 11.

203 2261 393 2302 habebat.
458 2261 521 2302 Eo
550 2261 675 2317 legati
697 2271 777 2303 tres
799 2263 849 2303 ab
879 2262 1107 2318 Ilergetum
1137 2262 1281 2319 regulo
1313 2263 1523 2319 Bilistage,
1547 2263 1590 2303 in
1606 2269 1759 2316 Ilergetes

203 2319 353 2375 quibus
378 2335 486 2360 unus
513 2319 623 2360 filius
651 2320 740 2360 eius
769 2329 868 2369 erat,
892 2330 1111 2371 venerunt,
1135 2329 1371 2376 querentes,
1397 2326 1408 2344 ⁶
1424 2320 1591 2362 castella
1603 2312 1759 2341 ‘¹¹¹X¹¹¹¹¹¹¹¹
1776 2322 1795 2341 ‘²

172 2393 190 2419 4
205 2383 214 2400 ‘
228 2391 301 2418 sua
322 2378 567 2434 oppugnari,
592 2393 668 2419 nee
689 2394 806 2434 spem
824 2378 949 2419 ullam
973 2394 1060 2421 csse
1082 2378 1313 2428 resistendi,
1337 2379 1415 2419 nisi
1437 2355 1761 2436 p1·aesi-},³g}¹1¹1¹1{¹t¹ff¹*

250 2504 260 2524 1
286 2496 430 2526 Oscensis
446 2496 590 2535 ltryenti]
613 2496 748 2526 Oseense
764 2506 871 2533 argen-
921 2495 988 2525 vius
1009 2496 1093 2525 enim
1119 2507 1157 2525 ex
1183 2496 1333 2526 ulteriore
1358 2496 1520 2535 provincia
1539 2498 1591 2527 (le-

203 2539 272 2566 tum
292 2537 416 2568 videtur
437 2537 532 2567 fnisse
557 2542 723 2577 argentum
748 2543 873 2568 erutum
919 2539 1071 2570 cedebat:
1100 2539 1264 2569 Minucius
1287 2542 1396 2569 autem
1415 2539 1592 2570 citeriorem

203 2590 220 2608 e
247 2579 373 2617 fodinis,
396 2591 478 2619 qnae
504 2581 590 2619 apud
613 2582 728 2611 Ost-:un
759 2586 871 2612 essent.
917 2582 1045 2611 sortitus
1056 2587 1133 2619 erat,
1144 2587 1274 2612 auctore
1287 2582 1356 2621 ipso
1369 2582 1592 2619 Livi0,xxxiii.

205 2623 289 2652 Osca
311 2626 378 2652 erat
400 2623 504 2653 valida
526 2628 557 2653 et
577 2624 730 2662 opulenta
756 2623 871 2663 Hispa-
919 2623 967 2663 36.
986 2628 1016 2655 et
1032 2624 1106 2654 infr.
1127 2635 1172 2663 17.
1223 2625 1335 2664 Itaque
1362 2625 1501 2655 Helvius
1523 2636 1590 2655 sue-

204 2664 276 2694 uiae
293 2665 376 2701 urbs,
389 2675 470 2704 quac
486 2676 570 2696 nunc
588 2670 720 2696 vocatur
732 2668 872 2697 llueserz.
919 2678 1072 2697 cessorem
1090 2678 1153 2697 non
1170 2667 1281 2697 habuit
1298 2668 1491 2698 Minucium.
1516 2670 1577 2699 (Iu.

205 2706 408 2745 Argentarias
423 2708 546 2738 fodinas
558 2708 653 2739 fuisso
670 2709 700 2738 in
715 2709 874 2748 Hispania
962 2720 978 2749 3
1005 2712 1152 2741 [λιι-σπῆι
1168 2712 1392 2750 septnayffla]
1428 2711 1592 2741 Numerus

205 2754 329 2779 constat
346 2749 416 2780 infr.
436 2760 482 2781 21.
508 2751 613 2781 Cum.
919 2753 974 2783 ille
1001 2753 1150 2783 immanis
1173 2757 1219 2783 est
1246 2757 1277 2783 et
1301 2754 1353 2792 qni
1381 2754 1475 2783 fidem
1501 2764 1590 2783 exee—

249 2802 265 2821 ‘z
289 2793 464 2821 Provincia
487 2796 655 2823 sweceswmi
672 2796 707 2831 Q.
726 2796 874 2825 Minucio
919 2796 993 2825 dere
1018 2795 1170 2826 videatur.
1220 2797 1364 2826 Fortasse
1392 2796 1443 2826 hie
1468 2796 1590 2834 aliquid

205 2836 341 2872 stadim]
375 2835 562 2865 observavit
579 2837 760 2867 Glareanus
776 2837 827 2867 liic
845 2837 874 2867 in
921 2842 967 2868 est
984 2839 1102 2868 mendi.

205 2887 237 2907 re
261 2877 346 2907 hand
372 2888 446 2907 sane
471 2878 577 2917 magni
600 2880 753 2909 momenti
781 2879 874 2910 videri
969 2892 986 2918 4
1003 2883 1077 2911 Nisi
1091 2883 1253 2920 pracsidio
1267 2883 1430 2912 [fontanus
1448 2882 1588 2912 mileses-

206 2920 359 2951 memoria
382 2921 507 2959 lapsum
528 2931 593 2951 esse
611 2921 747 2952 Livium.
796 2923 873 2953 uel<
920 2925 981 2961 sel]
1011 2925 1082 2954 Nisi
1097 2926 1293 2963 praesidium
1313 2925 1474 2955 Romanus
1492 2925 1588 2954 misis-
