1960 3218
365 176 450 214 420
886 169 1035 211 TITI
1072 168 1252 211 LIVII

163 271 207 302 U.
224 270 262 302 C.
285 269 356 310 568.
369 271 531 305 verunt.
596 261 653 302 Et
673 260 894 317 separatim
916 259 1089 302 Flaccus
1110 260 1263 302 molem
1285 260 1338 301 ad
1360 259 1600 316 Neptunias
1620 276 1760 317 aquas,
1777 276 1794 308 5

162 314 202 346 A·
226 314 265 346 C.
289 314 422 363 ¹34·ut
455 321 535 362 iter
573 319 731 376 populo
767 327 886 368 esset,
924 326 967 359 et
1000 318 1112 359 viam
1147 334 1221 375 per
1255 318 1525 359 Formianum
1562 328 1761 360 montem.

377 379 487 421 Cato
513 378 617 419 atria
636 377 734 427 duo,
760 375 978 417 Maenium
1001 385 1044 417 et
1065 376 1227 417 Titium
1254 376 1298 416 in
1326 376 1551 426 lautumiis,
1575 386 1617 418 et
1645 385 1766 432 quat-

376 446 470 479 tuor
502 436 706 485 tabernas,
735 435 778 475 in
810 434 1026 490 publicum
1060 434 1188 483 emit3
1233 434 1529 490 basilicamque
1563 434 1621 475 ibi
1653 434 1765 484 fecit,

376 510 484 551 quae
513 493 664 535 Porcia
690 492 898 549 appellata
925 502 997 533 est.
1062 492 1118 533 Et
1147 491 1365 548 vectigalia
1401 492 1572 533 summis
1608 492 1765 548 pretiis,

376 553 486 594 ultro
522 551 677 593 tributa
711 550 866 591 infimis
900 550 1154 591 locaverunt.
1221 549 1338 597 Quas
1373 549 1599 591 locationes
1635 555 1800 605 quum6

376 619 556 660 senatus,
574 609 767 666 precibus
788 616 830 649 et
849 607 1030 648 lacrimis
1051 607 1370 663 publicanorum
1391 608 1536 658 victus,
1559 607 1705 648 induci
1726 615 1769 648 et

377 668 430 710 de
462 668 627 723 integro
658 666 786 707 locari
819 665 1027 714 iussisset3
1061 679 1266 714 censores,
1298 665 1436 706 edicto
1469 666 1687 707 summotis
1718 665 1801 710 ab7

376 727 507 775 hasta,
526 725 600 782 qui
620 723 824 765 ludificati
844 723 1026 779 priorem
1047 722 1297 763 locationem
1315 731 1446 772 erant,
1465 724 1606 764 omnia
1621 723 1771 765 eadem

376 783 565 840 paullum
606 781 839 823 imminutis
879 780 1024 836 pretiis
1064 780 1316 821 locaverunt.
1392 780 1557 821 Nobilis
1597 796 1772 822 censura

377 842 469 891 fuit,
504 840 864 894 simultatiumque
898 838 1048 894 plena3
1088 853 1194 894 quae
1230 837 1291 879 M.
1316 837 1526 888 Porcium,
1559 839 1626 879 cui
1659 853 1772 879 acer-

378 900 484 941 bitas
506 914 556 939 ea
576 897 873 954 assignabatur,
896 911 971 952 per
991 911 1158 937 omnem
1181 895 1310 936 vitam
1332 905 1621 937 exercuerunt.

438 956 603 997 Eodem
635 971 746 996 anno
778 954 966 995 coloniae
999 954 1120 1003 duae,
1152 953 1348 995 Potentia.
1377 954 1423 994 in
1453 954 1672 1003 Picenum,
1701 953 1774 995 Pi-

379 1030 545 1056 saurum
575 1014 618 1054 in
651 1012 861 1054 Gallicum
890 1026 1050 1068 agrum,
1077 1011 1284 1052 deductae
1316 1021 1424 1053 sunt.
1490 1011 1600 1053 Sena
1629 1012 1805 1068 ingeras

379 1074 424 1114 in
457 1071 642 1127 singulos
671 1071 778 1112 data.
842 1069 1090 1110 Diviserunt
1122 1085 1280 1124 agrum,
1309 1070 1577 1126 coloniasque
1610 1069 1774 1111 dedux-

380 1141 504 1172 erunt
530 1129 659 1170 iidem
689 1128 862 1177 tresviri,
890 1127 942 1176 Q.
964 1127 1116 1168 Fabius
1144 1127 1300 1177 Labeo,
1323 1136 1365 1168 et
1392 1127 1453 1169 M.
1478 1138 1520 1169 et
1552 1127 1604 1175 Q.
1624 1127 1773 1177 Fulvii,

382 1188 556 1230 Flaccus
588 1196 631 1228 et
664 1186 869 1228 Nobilior.
936 1185 1143 1226 Consules
1176 1186 1266 1226 eius
1302 1186 1402 1226 anni
1434 1201 1512 1227 nec
1548 1186 1664 1227 domi
1695 1201 1774 1227 nec

234 1248 302 1286 45.
382 1246 556 1288 militiae
588 1243 857 1286 memorabile
889 1243 1115 1299 quicquam
1148 1252 1336 1299 egerunt.
1400 1243 1451 1285 In
1482 1244 1775 1300 insequentem

174 1304 218 1335 U·
236 1305 274 1361 (Ξ-
298 1302 368 1345 569·
383 1319 541 1345 annum
563 1311 756 1344 crearunt
778 1302 968 1343 consules
999 1300 1059 1343 M.
1083 1300 1311 1342 Claudium
1334 1301 1599 1351 Marcellum,
1625 1301 1678 1350 Q.
1698 1301 1776 1342 Fa-

169 1348 210 1421 ffi'
234 1347 498 1420 {RQ-3³·bium
521 1361 775 1402 Labeonem.
1388 1378 1393 1381 ⁸

172 1410 371 1470 dio,(.{.F·.1-
443 1419 505 1460 M.
533 1418 750 1467 Claudius,
792 1417 844 1465 Q.
870 1416 1022 1457 Fabius
1054 1415 1200 1457 Idibus
1239 1416 1416 1466 Martiis,
1451 1432 1536 1472 quo
1572 1416 1639 1458 die
1677 1432 1777 1458 con-

172 1476 224 1506 ¹³5⁰
241 1477 330 1508 Coss.
384 1478 565 1519 sulatum
601 1476 798 1524 inierunt,
835 1475 887 1516 de
924 1474 1149 1530 provinciis
1185 1475 1268 1515 suis
1303 1484 1627 1530 praetorumque
1664 1485 1778 1515 retu-

384 1536 535 1577 lerunt.
598 1534 818 1575 Praetores
849 1532 975 1573 creati
1007 1540 1125 1572 erant
1159 1531 1209 1572 C.
1228 1531 1422 1572 Valerius
1449 1533 1602 1573 flamen
1628 1532 1776 1582 Dialis,

387 1594 460 1649 qui
492 1601 534 1634 et
565 1592 700 1648 priore
732 1606 843 1631 anno
875 1590 1065 1646 petierat,
1089 1598 1131 1630 et
1162 1588 1230 1645 Sp.
1256 1589 1496 1630 Postumius
1519 1590 1714 1639 Albinus,
1736 1600 1780 1631 et

387 1651 434 1692 P.
462 1650 686 1691 Cornelius
722 1648 910 1698 Sisenna,
943 1647 992 1688 L.
1016 1647 1190 1703 Pupius,
1226 1647 1275 1688 L.
1300 1647 1445 1697 Iulius,
1481 1647 1560 1689 Cn.
1584 1648 1777 1689 Sicinius.

177 1718 375 1750 Provinciae.
392 1708 648 1750 Consulibus
658 1707 837 1762 Ligures
851 1721 946 1747 cum
960 1705 1109 1746 iisdem
1123 1706 1388 1755 exercitibus,
1400 1721 1504 1762 quos
1519 1705 1565 1746 P.
1575 1705 1780 1747 Claudius

389 1776 431 1808 et
460 1767 508 1808 L.
527 1766 702 1807 Porcius
723 1765 969 1812 habuerant,
991 1763 1205 1819 provincia
1225 1763 1392 1804 decreta
1413 1773 1485 1804 est.
1549 1763 1779 1819 Hispaniae

388 1834 507 1866 extra
534 1832 687 1865 sortem
715 1822 864 1878 prioris
892 1821 991 1862 anni
1019 1821 1280 1876 praetoribus
1301 1836 1397 1861 cum
1423 1821 1506 1861 suis
1527 1821 1780 1862 exercitibus

388 1891 584 1924 servatae.
630 1880 850 1921 Praetores
872 1879 930 1920 ita
949 1879 1085 1920 sortiri
1107 1878 1218 1928 iussi,
1238 1878 1298 1919 uti
1319 1879 1477 1919 flamini
1495 1878 1610 1919 Diali
1632 1881 1780 1934 utique

388 1940 518 1982 altera
549 1939 649 1979 iuris
681 1938 851 1978 dicendi
885 1937 1046 1978 Romae
1080 1936 1296 1992 provincia
1327 1946 1445 1977 esset.
1508 1936 1782 1992 Peregrinam

389 2006 453 2039 cst
492 1997 669 2039 sortitus
757 1995 956 2036 Sisennae
1001 1993 1201 2035 Cornelio
1244 1994 1414 2043 urbana,
1460 1993 1528 2050 Sp.
1562 1994 1782 2036 Postumio

393 2055 546 2105 Sicilia,
579 2054 628 2095 L.
652 2053 791 2109 Pupio
812 2052 985 2109 Apulia,
1015 2052 1064 2093 L.
1084 2051 1194 2093 Iulio
1219 2051 1369 2101 Gallia,
1405 2051 1485 2093 Cn.
1508 2052 1664 2093 Sicinio
1688 2051 1783 2093 Sar-

390 2113 505 2154 dinia
526 2112 676 2154 evenit.
740 2111 790 2152 L.
814 2110 947 2151 Iulius
969 2119 1176 2151 maturare
1199 2118 1261 2151 est
1281 2110 1426 2150 iussus.
1493 2109 1606 2151 Galli
1628 2110 1782 2151 Trans-

391 2171 533 2227 alpini,
555 2185 631 2227 per
654 2169 781 2210 saltus
806 2168 973 2224 ignotae
1000 2176 1123 2209 antea
1143 2167 1246 2216 viae,
1269 2176 1316 2208 ut
1340 2176 1436 2208 ante
1459 2167 1619 2209 dictum
1640 2177 1715 2217 est,
1737 2168 1814 2214 in9

391 2228 554 2271 Italiam
587 2227 842 2282 transgressi,
869 2225 1070 2282 oppidum
1103 2226 1147 2266 in
1179 2241 1290 2282 agro,
1313 2225 1387 2281 qui
1416 2241 1530 2267 nunc
1562 2234 1624 2267 est
1645 2226 1784 2282 Aqui-

437 2386 453 2417 5
478 2380 598 2409 Molem
636 2378 679 2406 ml
716 2377 903 2415 Neptunias
933 2376 1063 2416 Aquas]
1156 2382 1172 2414 7
1196 2377 1247 2407 De
1262 2377 1385 2415 intem-o
1399 2377 1515 2413 locari]
1540 2375 1581 2405 cf.
1598 2375 1733 2407 Niebhr.
1750 2376 1782 2408 ii.

397 2422 580 2460 Neptunias
596 2421 710 2460 Aquas
726 2420 829 2450 Marc.
847 2419 998 2448 Donatus
1014 2429 1067 2448 no·
1112 2428 1140 2449 n.
1159 2418 1231 2456 887.
1259 2419 1372 2458 Polyb.
1390 2418 1429 2449 vi.
1452 2425 1497 2456 ¹7.

396 2474 471 2493 men
502 2474 569 2493 csse
596 2462 657 2492 loci
686 2461 860 2498 existimat,
888 2461 941 2500 qui
973 2460 1069 2491 hodic
1155 2462 1173 2490 8
1197 2463 1239 2491 In
1271 2462 1428 2491 Gallicum
1460 2462 1591 2499 (ιφ-τιυὶ]
1631 2462 1783 2502 Intellige

399 2506 516 2536 dicitur
530 2507 684 2535 Netlmzo.
709 2506 815 2535 (ΒΜ-Ν.
1115 2513 1224 2541 agrum
1255 2503 1338 2533 inter
1368 2503 1476 2533 Aesim
1516 2507 1545 2533 et
1579 2504 1782 2535 Rubiconem

442 2547 461 2577 6
488 2549 580 2579 Ultro
606 2548 744 2584 tributa]
777 2547 946 2585 Impensas
970 2549 1001 2575 et
1025 2550 1070 2575 at·
1116 2546 1240 2582 fluvios,
1256 2545 1309 2584 qui
1325 2555 1424 2584 quum
1447 2545 1522 2575 olim
1541 2546 1711 2577 Gallorum
1728 2548 1783 2579 Se-

399 2591 589 2621 tributioncs
611 2599 745 2628 operum
770 2588 972 2627 publicorum
997 2588 1070 2617 faci-
1115 2598 1234 2618 nonum
1266 2588 1388 2624 fuisset,
1419 2592 1528 2627 postea
1563 2590 1601 2619 iis
1631 2591 1784 2629 expulsis,

401 2634 570 2667 endorum,
586 2636 617 2662 et
633 2635 789 2661 sartorum
806 2634 963 2660 tectorum
981 2640 1068 2669 prac-
1115 2631 1184 2669 lege
1208 2631 1369 2661 Flaminia.
1393 2632 1514 2670 populo
1540 2632 1655 2662 viritim
1681 2633 1784 2663 distri-

402 2676 600 2711 standorum,
634 2673 838 2712 mancipibus
875 2676 907 2702 et
948 2673 1070 2703 rcdcm-
1114 2673 1222 2707 butus,
1238 2673 1303 2712 agri
1321 2674 1440 2704 Gallici
1458 2684 1575 2705 nomen
1591 2686 1610 2705 a
1626 2675 1784 2706 veteribus

404 2718 547 2759 ptoribus
579 2721 662 2747 certa
695 2716 842 2746 mercede
870 2716 1067 2746 locatorum:
1115 2716 1291 2746 cultoribus
1306 2716 1490 2748 retinuerat.
1530 2718 1569 2747 Id
1583 2719 1697 2757 probat
1709 2719 1783 2749 Cel-

402 2772 485 2801 quae
502 2760 634 2800 proinde
650 2770 667 2788 e
685 2769 717 2788 re
733 2758 801 2789 eius
817 2762 875 2795 est,
896 2758 949 2796 qni
975 2759 1071 2795 locat,
1116 2758 1211 2788 larius
1228 2759 1344 2798 Geogr.
1358 2760 1435 2790 Ant.
1448 2759 1480 2790 ii.
1493 2769 1522 2800 9.
1540 2760 1579 2791 cf.
1592 2771 1676 2800 supr.
1693 2761 1783 2791 xxiii.

403 2815 498 2843 quam
526 2803 659 2833 minimo
688 2801 790 2840 pretio
817 2801 931 2831 locare.
966 2802 1071 2831 (flu-zv.
1122 2810 1166 2838 14.
1191 2802 1296 2832 Cnuv.

404 2847 533 2877 Nomen
564 2847 648 2875 ultro
675 2845 795 2874 tributa
820 2844 860 2873 ab
887 2854 924 2873 co
950 2844 1072 2873 venisse
1158 2854 1177 2883 s)
1205 2845 1247 2875 [Ὑί
1274 2849 1349 2876 ante
1375 2846 1493 2876 dictum
1524 2847 1586 2883 est]
1623 2846 1661 2877 cf.
1690 2845 1783 2885 Snpr,

403 2890 538 2923 videtur,
555 2888 639 2927 quod
661 2888 757 2921 ultro,
773 2897 828 2916 scu
854 2897 908 2925 pro
930 2886 1071 2921 arbitrio,
1117 2896 1164 2917 22.

403 2943 441 2962 ex
459 2931 579 2962 aerario
594 2934 806 2969 crogzucntur.
