1960 3218
561 157 689 220 LIB.
723 156 945 199 XXXIII.
994 157 1141 199 CAP.
1180 161 1243 199 14.
1542 157 1593 198 97

161 246 238 289 xlis
268 262 355 289 non
385 248 430 289 in
460 248 697 305 praesentia
727 248 854 289 modo
884 248 1027 304 gravia
1055 247 1217 297 auditu,
1241 245 1315 288 sed
1340 261 1439 288 mox
1461 245 1589 287 etiam
1608 252 1652 284 U.
1669 253 1707 284 C.
1732 262 1769 292 μ

1754 260 1806 291 .5·

1776 303 1792 334 7

187 305 289 347 belli
324 321 486 356 causae,
523 320 855 362 magnarumque
896 320 950 347 ex
990 320 1041 346 eo
1078 305 1276 354 cladium,
1314 305 1364 344 iis
1403 304 1587 345 fuerunt.
1603 296 1643 326 A·
1668 297 1706 328 C·
1733 306 1802 336 ¹9·

192 362 305 404 Cum
327 363 526 420 Philippo
557 364 615 405 ita
645 363 856 413 convenit,
879 372 927 404 ut
948 363 1219 403 Demetrium
1244 361 1380 403 filium
1402 371 1443 402 et
1465 377 1590 417 quos-

188 419 286 461 dam
317 436 371 462 ex
401 421 632 463 amicorum
663 436 840 462 numero
862 420 1039 470 obsides,
1063 429 1106 461 et
1127 420 1313 461 ducenta
1337 419 1495 460 talenta
1516 419 1590 459 da-

187 487 275 519 ret:
309 478 362 520 de
384 479 534 520 ceteris
551 479 734 520 Romam
756 478 942 519 mitteret
962 478 1142 534 legatos:
1177 477 1230 518 ad
1252 492 1345 518 eam
1360 492 1449 518 rem
1467 485 1590 532 quat-

188 544 284 577 tuor
313 536 522 577 mensium
554 536 742 577 indutiae
777 532 927 576 essent.
994 535 1038 576 Si
1073 550 1157 591 pax
1188 550 1274 575 non
1310 535 1535 590 impetrata
1565 549 1590 574 a

156 613 174 635 2
188 602 335 634 senatu
351 593 471 643 foret,
491 593 656 635 obsides
677 593 987 650 pecuniamque
1009 592 1129 633 reddi
1147 592 1348 648 Philippo
1370 600 1588 647 receptum

186 659 261 692 est.
327 650 468 692 Causa
490 651 686 692 Romano
708 650 949 706 imperatori
974 665 1061 691 non
1083 649 1164 690 alia
1184 650 1317 690 maior
1336 649 1462 690 fuisse
1485 648 1590 690 dici-

186 716 257 749 tur
275 709 390 764 pacis
411 708 698 758 maturandae,
715 723 841 764 quam
857 707 972 764 quod
990 707 1254 749 Antiochum
1275 706 1434 749 bellum
1455 715 1589 747 trans-

186 765 379 821 itumque
400 766 445 806 in
468 766 682 822 Europam
704 765 842 806 moliri
863 766 1090 807 constabat.

246 822 412 865 Eodem
434 832 636 880 tempore,
659 832 799 879 atque,
824 832 870 864 ut
892 823 1065 879 quidam
1088 822 1312 873 tradidere,
1337 822 1487 864 eodem
1517 821 1586 863 die

1670 824 1733 861 14.

187 880 241 923 ad
265 880 524 923 Corinthum
545 881 710 923 Achaei
731 881 885 922 ducem
913 881 1077 937 regium
1100 881 1445 922 Androsthenem
1478 881 1588 921 iusto
1602 879 1800 926 Androsthe-

187 938 348 995 proelio
368 939 580 981 fuderunt.
645 938 752 980 Eam
784 939 931 980 urbem
961 954 1037 995 pro
1065 953 1159 980 arce
1185 938 1404 980 habiturus
1424 937 1588 994 Philip-

1601 932 1649 952 ms
1665 923 1706 953 ad
1723 923 1785 953 Co-

188 1012 266 1053 pus
288 996 485 1038 adversus
509 996 713 1039 Graeciae
736 997 937 1047 civitates,
961 1005 1003 1038 et
1023 996 1236 1053 principes
1264 996 1363 1037 inde
1396 1005 1588 1037 evocatos
1601 965 1746 1038 {iiiiiuilm

188 1069 265 1111 per
287 1055 471 1111 speciem
492 1055 776 1111 colloquendi,
800 1063 1007 1111 quantum
1033 1054 1226 1110 equitum
1248 1054 1346 1095 dare
1373 1052 1588 1094 Corinthii
1602 1050 1709 1082 ehaeis
1724 1061 1783 1091 pu-

189 1111 244 1153 ad
279 1112 437 1153 bellum
472 1122 655 1168 possent,
690 1113 921 1154 retinuerat
956 1127 1032 1168 pro
1068 1112 1296 1161 obsidibus,
1334 1120 1388 1161 et,
1423 1120 1590 1167 praeter
1645 1104 1662 1124 ³

190 1170 446 1226 quingentos
468 1170 728 1212 Macedonas
750 1170 988 1225 mixtosque
1011 1185 1065 1211 ex
1086 1170 1202 1211 omni
1223 1184 1378 1225 genere
1411 1169 1590 1210 auxilio-

159 1241 282 1271 ?‚rum
305 1229 582 1284 octingentos,
606 1228 721 1284 quod
749 1228 831 1269 iam
861 1236 957 1269 ante
989 1227 1048 1268 ibi
1075 1227 1224 1277 filerat,
1247 1227 1361 1268 mille
1385 1226 1590 1268 hlacedo-

189 1300 290 1327 num
324 1301 374 1327 eo
405 1286 586 1336 miserat,
609 1295 651 1328 et
672 1285 785 1326 mille
808 1300 855 1326 ac
877 1285 1082 1327 ducentos
1104 1285 1281 1341 IllyrioS,
1305 1285 1589 1341 Thracasque,

158 1352 234 1388 4et
256 1342 494 1394 Cretenses,
517 1344 591 1400 qui
612 1344 657 1385 in
679 1352 855 1399 utraque
887 1352 1005 1400 parte
1038 1342 1286 1393 militabant,
1310 1343 1588 1399 octingentos.

191 1400 273 1442 His
293 1401 425 1443 additi
447 1401 611 1451 Boeoti,
636 1401 926 1457 Thessalique,
950 1409 992 1442 et
1016 1401 1260 1442 Acarnanes
1288 1401 1416 1451 mille,
1439 1401 1591 1442 scutati

190 1474 348 1509 omnes,
372 1468 415 1501 et
441 1475 494 1501 ex
526 1460 712 1515 ipsorum
736 1458 1058 1501 Corinthiorum
1089 1459 1322 1509 iuventute,
1346 1458 1519 1515 impleta
1544 1468 1592 1500 ut

191 1526 331 1558 essent
361 1532 435 1558 sex
466 1517 598 1558 millia
625 1527 894 1568 armatorum,
926 1517 1126 1558 fiduciam
1155 1517 1448 1559 Androstheni
1480 1517 1590 1558 fece—

190 1584 290 1616 runt
311 1575 399 1616 acie
421 1574 690 1617 decernendi.
755 1575 1021 1617 Nicostratus
1042 1585 1210 1631 praetor
1232 1575 1502 1616 Achaeorum
1527 1574 1590 1616 Si-

191 1648 326 1689 cyone
358 1641 446 1674 erat
476 1648 570 1674 cum
602 1633 767 1675 duobus
798 1633 981 1674 millibus
1012 1633 1219 1689 peditum,
1242 1642 1414 1674 centum
1436 1632 1592 1688 equiti-

190 1691 280 1732 bus.
347 1690 444 1740 Sed,
467 1691 670 1747 imparcm
692 1706 734 1732 se
764 1700 807 1732 et
833 1705 1010 1732 numero
1039 1700 1081 1732 et
1111 1705 1265 1746 genere
1298 1690 1481 1731 militum
1504 1705 1593 1731 cer-

192 1763 310 1798 nens,
342 1749 563 1790 moenibus
599 1764 686 1790 non
719 1748 963 1790 excedebat.
1028 1748 1188 1804 Regiae
1222 1748 1366 1804 copiae
1400 1748 1593 1804 peditum

192 1806 470 1862 equitumque
484 1822 611 1863 vagae
626 1806 935 1856 Pellenensem,
949 1815 993 1847 et
1006 1806 1251 1855 Phliasium,
1268 1815 1310 1847 et
1331 1805 1593 1847 Cleonaeum

192 1878 353 1920 agrum,
385 1864 762 1921 depopulabantur.
827 1864 1060 1914 Postremo,
1094 1865 1396 1920 exprobrantes
1431 1872 1594 1904 metum

192 1921 316 1971 hosti,
338 1922 383 1962 in
404 1922 510 1963 fines
535 1921 828 1979 Sicyoniorum
850 1921 1226 1964 transcendebant:
1266 1922 1445 1963 navibus
1467 1921 1594 1962 etiam

194 1978 463 2020 circumvecti
499 1995 668 2021 omnem
705 1995 818 2021 oram
852 1980 1040 2021 Achaiae
1071 1980 1301 2020 vastabant.
1368 1979 1514 2027 Quum
1550 1978 1595 2019 id

195 2036 366 2077 effusius
387 2036 539 2087 hostes,
555 2046 609 2087 et,
628 2046 675 2078 ut
691 2038 739 2078 fit
759 2038 810 2078 ab
832 2037 962 2078 nimia
981 2036 1147 2086 fiducia,
1166 2037 1448 2092 negligentius
1468 2036 1595 2076 etiam

195 2093 394 2143 facerent,
418 2093 695 2144 Nicostratus,
718 2110 835 2152 spem
864 2103 1011 2135 nactus
1032 2095 1335 2149 necopinantes
1357 2108 1427 2134 eos
1449 2108 1596 2148 aggre-

196 2150 355 2200 diendi,
388 2151 497 2193 circa
526 2152 726 2193 finitimas
757 2152 944 2192 civitates
974 2151 1173 2192 nuntium
1205 2151 1418 2192 occultum
1450 2150 1594 2199 mittit,

196 2224 282 2265 quo
304 2208 386 2259 dic,
409 2218 452 2250 et
473 2218 590 2265 quot,
613 2225 666 2250 ex
688 2225 856 2265 quaque
879 2209 1044 2250 civitate
1068 2209 1214 2249 armati
1246 2208 1299 2249 ad
1333 2207 1595 2264 Apelaurum

196 2265 507 2323 (Stymphaliae
537 2275 670 2308 terrae
700 2268 734 2307 is
766 2267 882 2308 locus
917 2269 1001 2321 cst)
1034 2267 1319 2307 convenirent.
1386 2266 1596 2306 Omnibus

197 2324 251 2365 ad
292 2324 405 2365 diem
442 2325 623 2366 edictam
663 2324 829 2381 paratis,
867 2324 1079 2381 profectus
1119 2324 1218 2364 inde
1257 2323 1483 2379 extemplo,
1522 2338 1598 2379 per

198 2380 477 2423 Phliasiorum
503 2382 608 2424 fines
639 2391 762 2424 nocte
787 2381 984 2432 Cleonas,
1008 2382 1147 2423 insciis
1169 2381 1375 2430 omnibus,
1399 2381 1502 2435 quid
1524 2396 1598 2436 pa-

197 2448 321 2490 raret,
343 2440 547 2496 pervenit.
611 2440 744 2481 Erant
766 2448 908 2481 autem
929 2454 1027 2481 curn
1049 2454 1099 2480 eo
1116 2439 1305 2495 quinque
1327 2438 1458 2478 millia
1478 2438 1597 2494 pedi-

167 2514 185 2547 5
200 2505 303 2548 tum,
319 2499 392 2554 (ex
410 2498 562 2554 quibus
576 2498 598 2520 ²⁴⁶
614 2506 847 2539 armaturae
864 2496 987 2552 levis)
1001 2505 1043 2538 et
1061 2497 1239 2538 trecenti
1256 2496 1431 2553 equites.
1486 2495 1599 2537 Cum

247 2630 259 2651 1
285 2622 368 2652 Mooe
387 2623 483 2653 etiam
506 2624 578 2653 bella·
595 2623 729 2660 causae]
768 2622 876 2652 Causa
921 2623 1021 2659 dium,
1039 2621 1088 2651 vel
1105 2622 1304 2651 azcoeiliorum
1317 2631 1429 2659 yenns.

200 2674 241 2694 ex
259 2663 443 2695 coniectura
460 2664 612 2696 Crevierii
630 2664 771 2704 reposuit
789 2665 875 2695 Bek-
965 2677 984 2703 4
1008 2665 1072 2701 Qui
1089 2665 1123 2694 in
1140 2668 1280 2703 utraque
1293 2667 1389 2702 parte
1400 2662 1600 2699 militabant]

202 2706 268 2737 ker.
925 2707 1013 2737 Nam
1037 2707 1209 2738 Cretenses
1234 2710 1266 2736 et
1289 2705 1447 2735 Romanis
1473 2709 1505 2735 et
1528 2704 1602 2734 Phi-

245 2758 263 2778 2
286 2749 462 2789 Receptum
477 2751 540 2788 esc]
565 2751 721 2790 Recipere
741 2751 879 2790 aliquid,
925 2749 1016 2789 lippo
1033 2748 1228 2779 militabant.
1276 2748 1352 2778 Hoc
1369 2748 1441 2778 ideo
1458 2748 1603 2777 observa-

201 2802 245 2822 sc.
266 2793 303 2821 in
318 2802 361 2829 se,
377 2796 425 2822 est
442 2792 485 2822 rei
507 2793 721 2831 praestandae
737 2792 880 2823 officium
925 2796 988 2829 tur,
1005 2791 1081 2831 quia
1097 2791 1219 2821 mentio
1235 2801 1332 2829 supra
1348 2790 1434 2820 facta
1449 2789 1509 2819 fuit
1529 2790 1604 2819 Cre—

201 2834 375 2873 suscipere,
384 2835 552 2873 spondere.
568 2835 608 2867 cf.
619 2835 688 2867 Cic.
699 2835 741 2866 ad
754 2835 880 2866 Divers.
926 2834 1066 2865 tensium
1076 2833 1234 2869 Quinctio
1244 2833 1481 2863 adjunctorum.
1499 2832 1605 2862 Cmav.

201 2876 270 2908 xiii.
291 2886 328 2907 10
344 2880 376 2907 et
397 2886 443 2916 17.
971 2884 988 2915 5
1005 2878 1061 2907 Ea·
1076 2877 1191 2916 quihus
1203 2876 1219 2892 ἥ
1229 2880 1418 2906 armaturae
1430 2875 1523 2911 levis]
1536 2873 1606 2903 Nu-

245 2927 263 2957 3
289 2920 380 2956 Quod
395 2920 459 2950 iam
474 2920 567 2958 ante]
595 2920 740 2952 Subaudi
758 2921 883 2961 praesi-
928 2929 1036 2951 merus
1052 2919 1139 2950 haud
1156 2918 1254 2950 dubie
1273 2918 1326 2948 hic
1343 2918 1555 2953 desideratur,
1572 2919 1608 2946 ut

259 2974 358 3001 v01..
382 2974 444 3002 111.
1346 2972 1376 2999 Π
