<?xml version="1.0" encoding="UTF-8"?>
<!DOCTYPE html PUBLIC "-//W3C//DTD XHTML 1.0 Transitional//EN"
    "http://www.w3.org/TR/xhtml1/DTD/xhtml1-transitional.dtd">
<html xmlns="http://www.w3.org/1999/xhtml" xml:lang="en" lang="en">
 <head>
  <title>
</title>
<meta http-equiv="Content-Type" content="text/html;charset=utf-8" />
  <meta name='ocr-system' content='tesseract 3.04.00' />
  <meta name='ocr-capabilities' content='ocr_page ocr_carea ocr_par ocr_line ocrx_word'/>
</head>
<body>
  <div class='ocr_page' id='page_1' title='image "./historiarumli03livyuoft_0452.png"; bbox 0 0 1960 3218; ppageno 0'>
   <div class='ocr_carea' id='block_1_1' title="bbox 339 134 1220 178">
    <p class='ocr_par' dir='ltr' id='par_1_1' title="bbox 339 134 1220 178">
     <span class='ocr_line' id='line_1_1' title="bbox 339 134 1220 178; baseline 0.001 -2"><span class='ocrx_word' id='word_1_1' title='bbox 339 138 424 176; x_wconf 86' lang='lat'>430</span> <span class='ocrx_word' id='word_1_2' title='bbox 851 134 999 176; x_wconf 89' lang='grc' dir='ltr'><strong>ΤΙΤΙ</strong></span> <span class='ocrx_word' id='word_1_3' title='bbox 1042 135 1220 178; x_wconf 89' lang='lat' dir='ltr'>LIVII</span> 
     </span>
    </p>
   </div>
   <div class='ocr_carea' id='block_1_2' title="bbox 126 226 1770 688">
    <p class='ocr_par' dir='ltr' id='par_1_2' title="bbox 128 226 1739 285">
     <span class='ocr_line' id='line_1_2' title="bbox 128 226 1739 285; baseline 0.001 -17"><span class='ocrx_word' id='word_1_4' title='bbox 128 231 173 262; x_wconf 90' lang='lat' dir='ltr'>U·</span> <span class='ocrx_word' id='word_1_5' title='bbox 190 231 229 263; x_wconf 86' lang='lat' dir='ltr'>C·</span> <span class='ocrx_word' id='word_1_6' title='bbox 253 229 327 275; x_wconf 80' lang='lat'><strong>569·</strong></span> <span class='ocrx_word' id='word_1_7' title='bbox 400 226 662 283; x_wconf 84' lang='lat' dir='ltr'>Supplicatio</span> <span class='ocrx_word' id='word_1_8' title='bbox 683 235 874 268; x_wconf 84' lang='lat' dir='ltr'>extremo</span> <span class='ocrx_word' id='word_1_9' title='bbox 900 242 1013 269; x_wconf 87' lang='lat' dir='ltr'>anno</span> <span class='ocrx_word' id='word_1_10' title='bbox 1033 228 1113 269; x_wconf 79' lang='lat' dir='ltr'>fuit</span> <span class='ocrx_word' id='word_1_11' title='bbox 1133 228 1420 284; x_wconf 78' lang='lat' dir='ltr'>prodigiorum</span> <span class='ocrx_word' id='word_1_12' title='bbox 1442 243 1566 270; x_wconf 81' lang='lat' dir='ltr'>cansa</span> <span class='ocrx_word' id='word_1_13' title='bbox 1579 244 1589 277; x_wconf 91' lang='grc'><strong>;</strong></span> <span class='ocrx_word' id='word_1_14' title='bbox 1623 228 1739 285; x_wconf 86' lang='lat' dir='ltr'>quod</span> 
     </span>
    </p>

    <p class='ocr_par' dir='ltr' id='par_1_3' title="bbox 126 274 1770 688">
     <span class='ocr_line' id='line_1_3' title="bbox 126 274 1740 342; baseline 0.001 -17"><span class='ocrx_word' id='word_1_15' title='bbox 126 275 167 306; x_wconf 89' lang='lat' dir='ltr'>A.</span> <span class='ocrx_word' id='word_1_16' title='bbox 189 274 229 306; x_wconf 86' lang='lat' dir='ltr'>C.</span> <span class='ocrx_word' id='word_1_17' title='bbox 256 275 326 314; x_wconf 64' lang='lat'>¹33·</span> <span class='ocrx_word' id='word_1_18' title='bbox 339 285 543 341; x_wconf 84' lang='lat' dir='ltr'>sanguine</span> <span class='ocrx_word' id='word_1_19' title='bbox 574 300 652 341; x_wconf 86' lang='lat' dir='ltr'>per</span> <span class='ocrx_word' id='word_1_20' title='bbox 676 284 853 326; x_wconf 89' lang='lat' dir='ltr'>biduum</span> <span class='ocrx_word' id='word_1_21' title='bbox 880 285 1035 342; x_wconf 81' lang='lat' dir='ltr'>pluisse</span> <span class='ocrx_word' id='word_1_22' title='bbox 1058 286 1101 326; x_wconf 91' lang='lat' dir='ltr'>in</span> <span class='ocrx_word' id='word_1_23' title='bbox 1123 301 1219 328; x_wconf 82' lang='lat' dir='ltr'>area</span> <span class='ocrx_word' id='word_1_24' title='bbox 1242 285 1508 327; x_wconf 83' lang='lat' dir='ltr'>Concordiae</span> <span class='ocrx_word' id='word_1_25' title='bbox 1530 286 1628 327; x_wconf 80' lang='lat' dir='ltr'>satis</span> <span class='ocrx_word' id='word_1_26' title='bbox 1649 301 1740 327; x_wconf 91' lang='lat' dir='ltr'>cre-</span> 
     </span>
     <span class='ocr_line' id='line_1_4' title="bbox 339 343 1770 401; baseline 0 -17"><span class='ocrx_word' id='word_1_27' title='bbox 339 343 523 392; x_wconf 86' lang='lat' dir='ltr'>debant3</span> <span class='ocrx_word' id='word_1_28' title='bbox 556 343 884 399; x_wconf 88' lang='lat' dir='ltr'>nuntiatumque</span> <span class='ocrx_word' id='word_1_29' title='bbox 916 353 1016 393; x_wconf 79' lang='lat' dir='ltr'>erat,</span> <span class='ocrx_word' id='word_1_30' title='bbox 1049 343 1163 384; x_wconf 88' lang='lat' dir='ltr'>haud</span> <span class='ocrx_word' id='word_1_31' title='bbox 1191 344 1337 401; x_wconf 86' lang='lat' dir='ltr'>procul</span> <span class='ocrx_word' id='word_1_32' title='bbox 1372 344 1514 386; x_wconf 82' lang='lat' dir='ltr'>Sicilia</span> <span class='ocrx_word' id='word_1_33' title='bbox 1543 343 1770 393; x_wconf 86' lang='lat' dir='ltr'>insulam,7</span> 
     </span>
     <span class='ocr_line' id='line_1_5' title="bbox 339 400 1739 456; baseline 0.001 -15"><span class='ocrx_word' id='word_1_34' title='bbox 339 416 447 456; x_wconf 87' lang='lat' dir='ltr'>quae</span> <span class='ocrx_word' id='word_1_35' title='bbox 479 415 566 441; x_wconf 90' lang='lat' dir='ltr'>non</span> <span class='ocrx_word' id='word_1_36' title='bbox 593 410 690 442; x_wconf 88' lang='lat' dir='ltr'>ante</span> <span class='ocrx_word' id='word_1_37' title='bbox 712 400 860 451; x_wconf 79' lang='lat' dir='ltr'>fuerat,</span> <span class='ocrx_word' id='word_1_38' title='bbox 883 416 1035 442; x_wconf 87' lang='lat' dir='ltr'>novam</span> <span class='ocrx_word' id='word_1_39' title='bbox 1058 401 1214 443; x_wconf 82' lang='lat' dir='ltr'>editam</span> <span class='ocrx_word' id='word_1_40' title='bbox 1236 417 1258 443; x_wconf 89' lang='lat' dir='ltr'>e</span> <span class='ocrx_word' id='word_1_41' title='bbox 1281 402 1384 444; x_wconf 83' lang='lat' dir='ltr'>mari</span> <span class='ocrx_word' id='word_1_42' title='bbox 1405 417 1506 443; x_wconf 86' lang='lat' dir='ltr'>esse.</span> <span class='ocrx_word' id='word_1_43' title='bbox 1571 401 1739 442; x_wconf 88' lang='lat' dir='ltr'>Hanni-</span> 
     </span>
     <span class='ocr_line' id='line_1_6' title="bbox 338 458 1739 515; baseline 0 -15"><span class='ocrx_word' id='word_1_44' title='bbox 338 458 477 500; x_wconf 84' lang='lat' dir='ltr'>balem</span> <span class='ocrx_word' id='word_1_45' title='bbox 498 458 578 499; x_wconf 91' lang='lat' dir='ltr'>hoc</span> <span class='ocrx_word' id='word_1_46' title='bbox 600 473 712 500; x_wconf 86' lang='lat' dir='ltr'>anno</span> <span class='ocrx_word' id='word_1_47' title='bbox 730 459 883 500; x_wconf 85' lang='lat' dir='ltr'>Antias</span> <span class='ocrx_word' id='word_1_48' title='bbox 901 458 1094 501; x_wconf 87' lang='lat' dir='ltr'>Valerius</span> <span class='ocrx_word' id='word_1_49' title='bbox 1115 459 1340 501; x_wconf 82' lang='lat' dir='ltr'>decessisse</span> <span class='ocrx_word' id='word_1_50' title='bbox 1363 468 1508 501; x_wconf 81' lang='lat' dir='ltr'>auctor</span> <span class='ocrx_word' id='word_1_51' title='bbox 1528 468 1602 509; x_wconf 88' lang='lat' dir='ltr'>est,</span> <span class='ocrx_word' id='word_1_52' title='bbox 1625 459 1739 515; x_wconf 86' lang='lat' dir='ltr'>lega-</span> 
     </span>
     <span class='ocr_line' id='line_1_7' title="bbox 339 515 1739 573; baseline 0.001 -17"><span class='ocrx_word' id='word_1_53' title='bbox 339 516 392 557; x_wconf 88' lang='lat' dir='ltr'>tis</span> <span class='ocrx_word' id='word_1_54' title='bbox 422 515 476 557; x_wconf 90' lang='lat' dir='ltr'>ad</span> <span class='ocrx_word' id='word_1_55' title='bbox 506 531 598 558; x_wconf 86' lang='lat' dir='ltr'>eam</span> <span class='ocrx_word' id='word_1_56' title='bbox 629 531 718 558; x_wconf 87' lang='lat' dir='ltr'>rem</span> <span class='ocrx_word' id='word_1_57' title='bbox 750 516 802 558; x_wconf 88' lang='lat' dir='ltr'>ad</span> <span class='ocrx_word' id='word_1_58' title='bbox 834 516 1026 558; x_wconf 86' lang='lat' dir='ltr'>Prusiam</span> <span class='ocrx_word' id='word_1_59' title='bbox 1055 517 1203 567; x_wconf 84' lang='lat' dir='ltr'>missis,</span> <span class='ocrx_word' id='word_1_60' title='bbox 1226 526 1390 573; x_wconf 87' lang='lat' dir='ltr'>praeter</span> <span class='ocrx_word' id='word_1_61' title='bbox 1411 517 1461 559; x_wconf 93' lang='lat' dir='ltr'>T.</span> <span class='ocrx_word' id='word_1_62' title='bbox 1486 516 1739 565; x_wconf 78' lang='lat' dir='ltr'>Quinctium</span> 
     </span>
     <span class='ocr_line' id='line_1_8' title="bbox 339 573 1737 631; baseline 0.001 -17"><span class='ocrx_word' id='word_1_63' title='bbox 339 573 639 623; x_wconf 83' lang='lat' dir='ltr'>Flamininum,</span> <span class='ocrx_word' id='word_1_64' title='bbox 663 574 782 615; x_wconf 89' lang='lat' dir='ltr'>cuius</span> <span class='ocrx_word' id='word_1_65' title='bbox 802 574 846 615; x_wconf 90' lang='lat' dir='ltr'>in</span> <span class='ocrx_word' id='word_1_66' title='bbox 868 590 918 615; x_wconf 86' lang='lat' dir='ltr'>ea</span> <span class='ocrx_word' id='word_1_67' title='bbox 938 589 981 615; x_wconf 86' lang='lat' dir='ltr'>re</span> <span class='ocrx_word' id='word_1_68' title='bbox 1004 573 1167 616; x_wconf 88' lang='lat' dir='ltr'>celebre</span> <span class='ocrx_word' id='word_1_69' title='bbox 1189 586 1253 616; x_wconf 84' lang='lat' dir='ltr'>est</span> <span class='ocrx_word' id='word_1_70' title='bbox 1273 590 1442 625; x_wconf 84' lang='lat' dir='ltr'>nomen,</span> <span class='ocrx_word' id='word_1_71' title='bbox 1465 574 1514 616; x_wconf 88' lang='lat' dir='ltr'>L.</span> <span class='ocrx_word' id='word_1_72' title='bbox 1541 573 1737 631; x_wconf 82' lang='lat' dir='ltr'>Scipione</span> 
     </span>
     <span class='ocr_line' id='line_1_9' title="bbox 339 631 1074 688; baseline 0 -14"><span class='ocrx_word' id='word_1_73' title='bbox 339 631 530 674; x_wconf 86' lang='lat' dir='ltr'>Asiatico</span> <span class='ocrx_word' id='word_1_74' title='bbox 551 641 594 673; x_wconf 90' lang='lat' dir='ltr'>et</span> <span class='ocrx_word' id='word_1_75' title='bbox 615 631 663 673; x_wconf 92' lang='lat' dir='ltr'>P.</span> <span class='ocrx_word' id='word_1_76' title='bbox 686 631 884 688; x_wconf 85' lang='lat' dir='ltr'>Scipione</span> <span class='ocrx_word' id='word_1_77' title='bbox 908 631 1074 674; x_wconf 84' lang='lat' dir='ltr'>Nasica.</span> 
     </span>
    </p>
   </div>
   <div class='ocr_carea' id='block_1_3' title="bbox 340 753 1739 966">
    <p class='ocr_par' dir='ltr' id='par_1_4' title="bbox 340 753 1739 795">
     <span class='ocr_line' id='line_1_10' title="bbox 340 753 1739 795; baseline 0 -10"><span class='ocrx_word' id='word_1_78' title='bbox 340 754 518 795; x_wconf 81' lang='lat' dir='ltr'>reciperet:</span> <span class='ocrx_word' id='word_1_79' title='bbox 544 755 631 793; x_wconf 79' lang='lat' dir='ltr'>quod</span> <span class='ocrx_word' id='word_1_80' title='bbox 647 754 725 786; x_wconf 78' lang='lat' dir='ltr'>fecit</span> <span class='ocrx_word' id='word_1_81' title='bbox 746 757 859 793; x_wconf 80' lang='lat' dir='ltr'>postea</span> <span class='ocrx_word' id='word_1_82' title='bbox 882 754 920 785; x_wconf 88' lang='lat' dir='ltr'>P.</span> <span class='ocrx_word' id='word_1_83' title='bbox 934 753 1018 785; x_wconf 85' lang='lat' dir='ltr'>Len·</span> <span class='ocrx_word' id='word_1_84' title='bbox 1062 764 1079 784; x_wconf 80' lang='lat' dir='ltr'>e</span> <span class='ocrx_word' id='word_1_85' title='bbox 1109 754 1209 791; x_wconf 73' lang='lat' dir='ltr'>mari]</span> <span class='ocrx_word' id='word_1_86' title='bbox 1244 754 1357 785; x_wconf 88' lang='lat' dir='ltr'>Cuivis</span> <span class='ocrx_word' id='word_1_87' title='bbox 1383 754 1416 785; x_wconf 87' lang='lat' dir='ltr'>in</span> <span class='ocrx_word' id='word_1_88' title='bbox 1446 758 1588 786; x_wconf 80' lang='lat' dir='ltr'>mentem</span> <span class='ocrx_word' id='word_1_89' title='bbox 1617 754 1739 786; x_wconf 87' lang='lat' dir='ltr'>venerit</span> 
     </span>
    </p>

    <p class='ocr_par' dir='ltr' id='par_1_5' title="bbox 340 795 1739 836">
     <span class='ocr_line' id='line_1_11' title="bbox 340 795 1739 836; baseline 0 -8"><span class='ocrx_word' id='word_1_90' title='bbox 340 798 430 828; x_wconf 78' lang='lat' dir='ltr'>tulus</span> <span class='ocrx_word' id='word_1_91' title='bbox 460 797 553 833; x_wconf 84' lang='lat' dir='ltr'>Sura,</span> <span class='ocrx_word' id='word_1_92' title='bbox 582 796 609 827; x_wconf 85' lang='lat' dir='ltr'>is</span> <span class='ocrx_word' id='word_1_93' title='bbox 638 796 693 836; x_wconf 90' lang='lat' dir='ltr'>qui</span> <span class='ocrx_word' id='word_1_94' title='bbox 727 800 856 836; x_wconf 82' lang='lat' dir='ltr'>praetor</span> <span class='ocrx_word' id='word_1_95' title='bbox 889 796 1020 833; x_wconf 83' lang='lat' dir='ltr'>iterum,</span> <span class='ocrx_word' id='word_1_96' title='bbox 1062 795 1171 826; x_wconf 83' lang='lat' dir='ltr'>insula</span> <span class='ocrx_word' id='word_1_97' title='bbox 1202 796 1271 834; x_wconf 87' lang='lat' dir='ltr'>illa,</span> <span class='ocrx_word' id='word_1_98' title='bbox 1298 807 1381 836; x_wconf 84' lang='lat' dir='ltr'>quae</span> <span class='ocrx_word' id='word_1_99' title='bbox 1408 798 1447 828; x_wconf 90' lang='lat' dir='ltr'>A.</span> <span class='ocrx_word' id='word_1_100' title='bbox 1471 797 1514 828; x_wconf 94' lang='lat' dir='ltr'>D.</span> <span class='ocrx_word' id='word_1_101' title='bbox 1542 798 1617 836; x_wconf 82' lang='grc'>1831</span> <span class='ocrx_word' id='word_1_102' title='bbox 1651 798 1739 829; x_wconf 80' lang='lat' dir='ltr'>haud</span> 
     </span>
    </p>

    <p class='ocr_par' dir='ltr' id='par_1_6' title="bbox 342 838 1739 879">
     <span class='ocr_line' id='line_1_12' title="bbox 342 838 1739 879; baseline 0 -9"><span class='ocrx_word' id='word_1_103' title='bbox 342 840 473 870; x_wconf 86' lang='lat' dir='ltr'>consule</span> <span class='ocrx_word' id='word_1_104' title='bbox 487 840 655 877; x_wconf 76' lang='lat' dir='ltr'>Cicerone,</span> <span class='ocrx_word' id='word_1_105' title='bbox 668 839 751 869; x_wconf 86' lang='lat' dir='ltr'>inter</span> <span class='ocrx_word' id='word_1_106' title='bbox 764 838 927 870; x_wconf 74' lang='lat' dir='ltr'>Catilinae</span> <span class='ocrx_word' id='word_1_107' title='bbox 944 849 1018 869; x_wconf 90' lang='lat' dir='ltr'>con·</span> <span class='ocrx_word' id='word_1_108' title='bbox 1064 839 1177 878; x_wconf 85' lang='lat' dir='ltr'>procul</span> <span class='ocrx_word' id='word_1_109' title='bbox 1198 839 1319 879; x_wconf 88' lang='lat' dir='ltr'>oppido</span> <span class='ocrx_word' id='word_1_110' title='bbox 1341 839 1374 869; x_wconf 91' lang='lat' dir='ltr'>in</span> <span class='ocrx_word' id='word_1_111' title='bbox 1395 839 1517 877; x_wconf 83' lang='lat' dir='ltr'>Sicilia,</span> <span class='ocrx_word' id='word_1_112' title='bbox 1534 841 1619 879; x_wconf 84' lang='lat' dir='ltr'>quod</span> <span class='ocrx_word' id='word_1_113' title='bbox 1642 840 1739 871; x_wconf 89' lang='lat' dir='ltr'>hodie</span> 
     </span>
    </p>

    <p class='ocr_par' dir='ltr' id='par_1_7' title="bbox 341 881 1717 966">
     <span class='ocr_line' id='line_1_13' title="bbox 341 881 1717 923; baseline 0.001 -9"><span class='ocrx_word' id='word_1_114' title='bbox 341 883 423 914; x_wconf 86' lang='lat' dir='ltr'>scios</span> <span class='ocrx_word' id='word_1_115' title='bbox 439 886 541 912; x_wconf 85' lang='lat' dir='ltr'>morte</span> <span class='ocrx_word' id='word_1_116' title='bbox 558 892 678 921; x_wconf 83' lang='lat' dir='ltr'>poenas</span> <span class='ocrx_word' id='word_1_117' title='bbox 693 881 793 913; x_wconf 87' lang='lat' dir='ltr'>dedit.</span> <span class='ocrx_word' id='word_1_118' title='bbox 817 881 925 913; x_wconf 59' lang='grc' dir='ltr'>(ἷκεν.</span> <span class='ocrx_word' id='word_1_119' title='bbox 1063 883 1195 914; x_wconf 80' lang='lat' dir='ltr'>Sciacca</span> <span class='ocrx_word' id='word_1_120' title='bbox 1212 883 1411 923; x_wconf 78' lang='lat' dir='ltr'>appellatur,</span> <span class='ocrx_word' id='word_1_121' title='bbox 1426 893 1443 914; x_wconf 84' lang='lat' dir='ltr'>e</span> <span class='ocrx_word' id='word_1_122' title='bbox 1461 883 1541 914; x_wconf 80' lang='lat' dir='ltr'>mari</span> <span class='ocrx_word' id='word_1_123' title='bbox 1558 882 1645 915; x_wconf 78' lang='lat' dir='ltr'>edita</span> <span class='ocrx_word' id='word_1_124' title='bbox 1660 887 1717 915; x_wconf 85' lang='lat' dir='ltr'>est.</span> 
     </span>
     <span class='ocr_line' id='line_1_14' title="bbox 388 925 1020 966; baseline -0.002 -9"><span class='ocrx_word' id='word_1_125' title='bbox 388 932 403 966; x_wconf 82' lang='lat'><em>7</em></span> <span class='ocrx_word' id='word_1_126' title='bbox 419 926 534 958; x_wconf 67' lang='lat' dir='ltr'>Sicilia</span> <span class='ocrx_word' id='word_1_127' title='bbox 546 926 687 957; x_wconf 72' lang='lat' dir='ltr'>insulam</span> <span class='ocrx_word' id='word_1_128' title='bbox 704 949 711 957; x_wconf 92' lang='lat'><em>.</em></span> <span class='ocrx_word' id='word_1_129' title='bbox 725 949 733 957; x_wconf 90' lang='lat'><em>.</em></span> <span class='ocrx_word' id='word_1_130' title='bbox 747 948 755 957; x_wconf 88' lang='lat'><strong>.</strong></span> <span class='ocrx_word' id='word_1_131' title='bbox 772 935 886 957; x_wconf 79' lang='lat' dir='ltr'>novam</span> <span class='ocrx_word' id='word_1_132' title='bbox 901 925 1020 958; x_wconf 79' lang='lat' dir='ltr'>editam</span> 
     </span>
    </p>
   </div>
  </div>
 </body>
</html>
