1960 3218
375 166 458 205 150
894 161 1043 205 TITI
1084 163 1263 205 LIVII

171 258 214 290 U.
232 259 270 290 O.
293 267 364 299 557-
377 260 586 294 trecentos
617 267 760 309 passus
781 253 832 294 ab
855 252 978 308 urbe)
999 268 1094 294 cum
1117 254 1435 310 erumpentibus
1457 270 1480 296 a
1501 264 1621 311 porta
1642 255 1775 296 Lace-

165 302 207 332 Α·
232 302 270 333 C·
296 310 610 352 19⁵·daemoniis
640 311 846 367 proelium
876 311 1188 360 commiserunt,
1218 320 1343 368 atque
1375 328 1446 353 eos
1477 312 1591 353 haud
1622 328 1775 369 magno

379 369 606 410 certamine
636 368 933 424 compulerunt
967 369 1011 409 in
1046 369 1204 418 urbem,
1235 378 1277 411 et
1304 379 1437 411 castra
1467 386 1517 411 eo
1549 370 1638 426 ipso
1668 370 1774 419 loeo,

379 426 451 467 ubi
472 435 707 483 pugnatum
724 435 824 476 erat,
843 427 1069 482 imperator
1087 426 1304 468 Romanus
1325 428 1475 484 posuit.
1525 428 1653 469 Diem
1675 427 1774 468 inde

379 499 511 525 unum
544 485 588 524 in
619 483 798 540 speculis
825 483 916 533 fuit,
940 484 972 524 si
995 484 1099 539 quid
1125 484 1222 525 novi
1244 494 1381 526 motus
1402 486 1591 526 oriretur.
1656 485 1777 526 Post-

381 557 505 597 quam
533 556 770 598 oppressam
800 550 917 582 metu
947 542 1159 582 civitatem
1190 542 1309 592 vidit,
1342 542 1518 583 advocat
1550 543 1777 584 concilium

380 600 433 640 de
475 599 770 656 oppugnandis
812 599 950 655 Argis.
1030 599 1235 641 Omnium
1275 600 1514 656 principum
1559 600 1775 649 Graeciae,

379 666 545 713 praeter
586 657 871 706 Aristaenum,
909 657 1056 698 eadem
1098 658 1306 698 sententia
1345 669 1445 708 erat,
1481 673 1612 713 quum
1654 673 1778 699 causa

379 715 479 756 belli
494 730 579 756 non
597 714 677 756 alia
690 723 810 764 esset,
825 714 924 755 inde
938 714 1200 770 potissimum
1216 715 1414 756 ordiundi
1431 715 1599 757 bellum.
1640 715 1778 763 Quin-
1790 726 1810 759 6

380 773 464 814 ctio
494 772 539 813 id
569 787 838 828 nequaquam
868 771 1072 828 placebat,
1106 772 1180 814 sed
1203 773 1487 823 Aristaenum,
1511 782 1657 814 contra
1688 788 1778 814 om-

379 831 498 871 nium
535 845 784 871 consensum
817 829 1104 879 disserentem,
1137 845 1233 871 cum
1266 830 1381 871 haud
1413 831 1543 872 dubia
1574 831 1778 887 approba-

380 889 494 929 tione
526 888 711 929 audivit:
746 896 788 928 et
808 888 897 943 ipse
919 887 1084 937 adiecit,
1110 893 1265 943 ‘quum
1288 903 1363 943 pro
1387 889 1556 945 Argivis
1581 889 1778 930 adversus

381 951 393 969 ‘
410 954 635 1002 tyrannum
670 945 827 986 bellum
861 953 1101 1001 susceptum
1130 946 1194 995 sit,
1218 946 1323 1001 quid
1351 946 1489 987 minus
1521 946 1776 987 conveniens

381 1009 393 1027 ⁶
409 1018 510 1053 esse,
530 1018 656 1059 quam
679 1003 831 1044 omisso
853 1003 972 1044 hoste
992 1005 1129 1058 Argos
1150 1003 1414 1059 oppugnari?
1459 1003 1511 1045 Se
1532 1019 1631 1044 vero
1653 1012 1779 1060 caput

169 1065 292 1113 Agrum
310 1065 367 1095 Ar-
382 1067 393 1085 ‘
409 1061 507 1102 belli
530 1060 896 1102 Lacedaemonem
918 1070 959 1101 et
981 1070 1207 1116 tyrannum
1228 1061 1486 1116 petiturum.'
1546 1061 1615 1111 Et,
1634 1061 1779 1102 dimis-

169 1117 279 1181 {zum
295 1118 362 1139 ‘'³³''
381 1135 425 1161 so
447 1119 639 1168 concilio,
662 1119 963 1160 frumentatum
986 1118 1204 1174 expeditas
1235 1118 1427 1160 cohortes
1458 1119 1582 1160 misit.
1649 1118 1780 1167 Quod

220 1174 228 1182 ’
381 1177 534 1218 maturi
566 1185 654 1218 erat
684 1177 806 1226 circa,
829 1176 1066 1217 demessum
1094 1185 1136 1217 et
1164 1185 1411 1217 convectum
1436 1185 1520 1218 est:
1553 1177 1699 1226 viride,
1722 1192 1776 1218 ne

380 1235 519 1276 hostes
544 1250 643 1276 mox
665 1234 881 1283 haberent,
903 1233 1128 1290 protritum
1150 1242 1192 1274 et
1214 1243 1469 1290 corruptum.
1536 1233 1684 1275 Castra
1704 1234 1778 1275 de-

380 1293 480 1334 inde
512 1293 654 1342 movit,
678 1301 732 1342 et,
756 1292 985 1333 Parthenio
1006 1299 1201 1348 superato
1224 1301 1379 1340 monte,
1402 1300 1568 1347 praeter
1589 1292 1778 1348 Tegeam

171 1354 334 1386 Lacedae·
381 1351 505 1393 tertio
527 1351 595 1391 die
618 1350 671 1391 ad
695 1349 853 1407 Caryas
874 1349 1014 1406 posuit
1035 1358 1177 1390 eastra.
1225 1348 1304 1399 Ibi,
1327 1349 1569 1406 priusquam
1592 1349 1778 1390 hostium

169 1407 300 1471 mquitem
381 1410 555 1450 intraret
591 1423 750 1464 agrum,
783 1408 988 1449 sociorum
1030 1407 1187 1448 auxilia
1222 1408 1491 1463 exspectavit.
1554 1406 1778 1448 Venerunt

172 1450 193 1480 p
257 1465 264 1473 ’
382 1467 641 1508 Macedones
673 1482 697 1507 a
724 1466 924 1522 Philippo
950 1465 1063 1506 mille
1089 1474 1132 1506 et
1153 1465 1388 1521 quingenti,
1415 1474 1457 1506 et
1479 1464 1777 1506 Thessalorum

381 1525 545 1581 equites
559 1524 869 1580 quadringenti.
910 1522 1003 1564 Nec
1021 1523 1103 1564 iam
1120 1522 1286 1572 auxilia,
1303 1538 1481 1578 quorum
1501 1523 1657 1563 affatim
1674 1531 1776 1572 erat,

381 1583 456 1624 sed
477 1591 735 1624 commeatus
756 1581 945 1621 finitimis
971 1581 1143 1621 urbibus
1174 1581 1367 1636 imperati
1398 1581 1668 1621 morabantur
1691 1580 1780 1621 Ro-

381 1655 565 1681 manum.
629 1639 811 1680 Navales
843 1654 1012 1695 quoque
1054 1653 1230 1694 magnae
1272 1638 1415 1694 copiae
1457 1638 1776 1679 conveniebant.

382 1698 471 1739 Iam
494 1699 544 1739 ab
563 1697 760 1738 Leucade
781 1697 828 1737 L.
849 1696 1076 1744 Quinctius
1093 1695 1369 1752 quadraginta
1390 1696 1565 1737 navibus
1581 1704 1775 1737 venerat:

381 1755 464 1797 iam
488 1756 682 1796 Rhodiae
705 1755 852 1795 decem
875 1762 917 1795 et
938 1762 1031 1794 octo
1054 1762 1186 1794 tectae
1208 1768 1347 1803 naveS,
1366 1753 1447 1794 iam
1468 1753 1682 1794 Eumenes
1704 1767 1779 1793 rex

383 1814 492 1854 circa
517 1813 725 1869 Cycladas
747 1811 902 1852 insulas
924 1820 1011 1852 erat
1038 1826 1134 1852 cum
1163 1811 1310 1851 decem
1344 1811 1464 1852 tectis
1494 1811 1683 1860 navibus,
1707 1810 1779 1851 tri-

382 1872 500 1927 ginta
519 1871 681 1919 lembis,
705 1870 931 1924 mixtisque
963 1868 1051 1909 aliis
1084 1868 1255 1909 minoris
1275 1868 1431 1909 formae
1458 1868 1644 1924 navigiis.
1708 1867 1779 1924 Ip-

382 1944 522 1970 sorum
544 1943 713 1984 quoque
736 1926 1170 1968 Lacedaemoniorum
1202 1925 1366 1966 exsules
1396 1926 1607 1982 permulti,
1637 1935 1779 1982 tyran-

382 2002 534 2027 norum
569 1986 722 2026 iniuria
756 1984 878 2041 pulsi,
916 1999 987 2040 spe
1025 1983 1334 2039 recuperandae
1371 1984 1529 2039 patriae
1565 1984 1610 2023 in
1646 1992 1779 2025 castra

384 2044 578 2085 Romana
599 2050 898 2084 convenerunt.
953 2041 1084 2082 Multi
1106 2049 1245 2082 autem
1268 2050 1400 2091 erant,
1419 2042 1501 2082 iam
1522 2056 1599 2097 per
1619 2040 1779 2096 aliquot
1796 2058 1812 2091 7

383 2110 552 2151 aetates,
586 2117 639 2142 ex
671 2116 755 2156 quo
784 2099 952 2156 tyranni
985 2099 1184 2140 tenebant
1216 2098 1595 2147 Lacedaemonem,
1628 2098 1697 2140 alii
1728 2099 1813 2139 ab8

384 2159 473 2201 aliis
503 2159 624 2216 pulsi.
688 2158 890 2214 Princeps
922 2165 1010 2198 erat
1041 2156 1234 2197 exsulum
1268 2156 1519 2213 Agesipolis,
1542 2156 1659 2197 cuius
1690 2156 1814 2205 iure9

383 2295 529 2334 sepultus
550 2298 605 2325 est.
631 2294 669 2325 ef.
689 2294 856 2324 Plutarch.
872 2293 905 2323 in
924 2293 1059 2333 Pyrrho.
1147 2302 1166 2333 9
1203 2294 1360 2331 Princeps
1390 2297 1460 2323 erat
1491 2292 1637 2322 emulum
1667 2291 1780 2330 Ayesi-

385 2338 523 2367 Pausan.
542 2337 572 2367 in
591 2337 737 2368 Corinth.
758 2347 805 2367 22.
830 2337 935 2367 Cum:
1100 2334 1200 2374 polis]
1230 2336 1277 2365 Ut
1288 2334 1413 2364 facilius
1428 2334 1650 2373 intelligantur
1662 2344 1699 2364 ea
1712 2343 1778 2363 om-

426 2379 444 2409 6
467 2377 1057 2419 Indepotissimumortliumlibellum]
1106 2377 1158 2407 nia
1188 2388 1270 2416 quae
1305 2378 1346 2406 de
1378 2376 1642 2407 Lacedaemoniis
1672 2379 1779 2406 narrat

384 2424 539 2453 (h-(liemli
557 2424 628 2453 belli
648 2422 788 2452 Bekker.
806 2422 936 2460 recepit.
984 2422 1059 2451 Sen-
1108 2419 1228 2457 Livius,
1250 2420 1328 2449 libet
1349 2419 1401 2448 hic
1424 2423 1568 2449 attexere
1588 2429 1698 2448 eorum
1723 2428 1778 2448 no-

384 2476 435 2494 sus
452 2469 510 2501 est,
524 2466 636 2495 eadem
649 2464 808 2495 sententia
825 2463 968 2493 omnium
981 2466 1060 2500 erat,
1104 2462 1203 2499 mina,
1220 2462 1273 2500 qui
1292 2462 1413 2491 ultiniis
1429 2461 1626 2500 temporibus
1643 2461 1778 2500 Spartae

383 2519 425 2537 sc.
448 2512 481 2536 ut
507 2507 581 2537 inde
604 2507 806 2546 potissimum
830 2507 954 2536 bellum
979 2505 1059 2535 ordi-
1105 2504 1261 2534 dominati
1292 2508 1374 2534 sunt.
1439 2504 1607 2540 Leonidas,
1638 2509 1670 2533 et
1702 2503 1778 2542 Agis

384 2555 501 2580 rentur.
1105 2547 1160 2577 ille
1185 2546 1274 2576 cuius
1298 2546 1394 2576 vitani
1420 2546 1544 2585 scripsit
1574 2546 1777 2583 Plutarchus,

428 2600 443 2630 7
471 2594 536 2622 l'cr
560 2593 681 2631 aliquo!
697 2590 833 2630 aetates]
860 2592 992 2631 Aliquot
1008 2602 1058 2621 ac-
1103 2590 1197 2619 simul
1221 2593 1391 2627 regnarunt
1408 2589 1490 2618 circa
1513 2592 1660 2627 tempora
1681 2588 1776 2627 primi

382 2640 462 2665 tales
484 2636 523 2664 de
545 2634 637 2664 annis
656 2645 718 2663 non
743 2635 787 2663 ita
810 2633 920 2663 multis
950 2633 1060 2663 Livius
1107 2631 1220 2661 Punici
1233 2631 1322 2661 belli.
1348 2631 1492 2661 Leonida
1502 2631 1651 2661 abdicare
1665 2634 1776 2661 coacto

382 2677 459 2708 dicit
474 2689 480 2707 :
506 2687 579 2707 nain
594 2677 798 2712 Cleomenes,
811 2685 905 2713 quem
920 2675 1058 2715 primum
1104 2675 1330 2705 Cleombrotus
1344 2684 1441 2711 gener
1457 2673 1524 2703 eius
1540 2683 1671 2711 regnum
1688 2673 1776 2703 inva-

383 2724 554 2760 tyrannum
594 2718 923 2748 Lacedaemoniorum
956 2717 1054 2747 fuisse
1099 2716 1148 2746 sit.
1200 2716 1280 2746 Mox
1314 2716 1474 2746 Leonidas
1505 2716 1670 2746 restitutus
1700 2725 1775 2745 culn

382 2763 438 2799 ait,
464 2762 514 2791 rix
542 2761 751 2800 quzulraginta
776 2760 867 2790 annis
890 2764 966 2789 ante
993 2760 1054 2790 hoc
1102 2758 1240 2797 Ephoris
1259 2758 1291 2787 in
1309 2758 1444 2797 Agidcin
1463 2758 1653 2794 coniuravit,
1670 2757 1723 2796 qui
1740 2757 1774 2787 in

382 2811 511 2844 tempus
527 2814 658 2843 regnum
676 2803 798 2833 inierat.
826 2803 963 2832 Durum.
1100 2811 1225 2831 carcere
1242 2802 1457 2839 strangulatus
1473 2804 1519 2831 est
1535 2812 1540 2831 :
1566 2800 1634 2839 ipse
1649 2810 1710 2829 non
1729 2799 1776 2830 ita

425 2850 443 2877 8
467 2849 535 2877 Alia·
558 2848 596 2876 (1.1)
613 2847 687 2876 aliis
706 2846 810 2885 pulsi]
840 2845 903 2875 Alii
921 2844 1052 2883 quidem
1098 2844 1202 2873 multo
1230 2846 1300 2882 post
1329 2843 1419 2881 obiit,
1444 2848 1476 2873 ct
1500 2842 1668 2874 Cleomeni
1694 2841 1774 2878 filio,

381 2891 421 2920 ab
438 2890 498 2920 hoc
515 2894 662 2929 tyranne,
678 2888 731 2919 alii
747 2898 819 2919 vero
831 2888 871 2918 ab
888 2887 944 2917 illo
959 2886 1051 2926 pulsi.
1099 2885 1144 2915 illi
1162 2885 1220 2924 ipsi
1239 2885 1328 2916 cuius
1346 2886 1410 2916 vita
1432 2886 1567 2915 habetur
1585 2885 1673 2923 apud
1696 2884 1773 2914 Plu-

382 2933 487 2964 (ἷκεν.
1098 2928 1258 2965 tar-chum,
1275 2938 1371 2967 quem
1392 2927 1531 2968 primum
1556 2927 1773 2958 Lacedaemo-
