1960 3218
364 155 447 193 344
883 148 1033 192 TITI
1074 148 1254 191 LIVII

159 253 202 284 U.
222 252 259 284 C.
283 251 355 292 563.
369 257 496 298 quam
519 240 724 283 muliebre
747 249 867 291 esset,
890 249 933 282 et
953 241 1148 282 iniuriam
1170 240 1367 297 corporiS,
1391 248 1433 281 et
1453 238 1657 280 ultionem
1677 239 1765 280 vio-

160 297 199 327 Α-
224 297 262 327 C·
287 297 478 341 189·]atae
509 314 585 356 per
612 299 695 340 vim
726 299 955 355 pudicitiae
981 299 1167 340 confessa
1187 299 1276 339 viro
1298 307 1382 339 est:
1417 298 1593 353 aliaque,
1617 305 1664 338 ut
1685 306 1766 337 tra-

372 358 499 407 ditur,
518 357 735 398 sanctitate
757 368 798 398 et
819 357 1019 413 gravitate
1036 357 1144 398 vitae
1166 357 1290 398 huius
1313 356 1553 396 matronalis
1573 354 1766 395 facinoris

372 415 501 456 decus
522 415 574 456 ad
596 415 791 456 ultimum
813 415 1082 456 conservavit,

226 479 292 518 25.
431 473 505 514 Ad
528 473 742 530 Ancyram
772 473 815 513 in
842 472 990 513 stativa
1011 472 1292 528 Tectosagum
1321 481 1503 512 oratores
1534 470 1586 512 ad
1618 484 1768 511 consu-

163 535 315 584 Tpctosa-
343 577 348 582 ⁸
373 531 455 572 lem
478 541 697 581 venerunt,
721 540 924 586 petenteS,
948 545 1001 571 ne
1024 540 1119 570 ante
1142 531 1192 571 ab
1216 530 1388 586 Ancyra
1409 539 1542 570 castra
1568 535 1766 576 moveret,

160 588 236 617 gum
253 579 361 618 legati.
375 604 501 645 quam
523 588 755 630 collocutus
776 604 870 629 cum
894 588 977 628 suis
998 588 1165 643 regibus
1187 597 1316 628 esset:
1351 587 1485 627 nullas
1506 586 1769 633 conditiones

373 647 488 703 pacis
524 647 573 686 iis
606 661 692 686 non
728 645 838 686 bello
874 646 961 686 fore
994 645 1188 700 potiores.
1252 645 1439 700 Tempus
1475 645 1519 684 in
1555 653 1769 700 posterum

375 704 487 745 diem
510 704 790 752 constituitur,
808 703 1008 758 locusque
1027 703 1100 758 qui
1118 702 1298 743 maxime
1321 702 1484 742 medius
1506 702 1616 742 inter
1636 710 1770 742 castra

378 761 596 802 Gallorum
635 771 677 802 et
707 762 923 817 Ancyram
956 770 1017 801 est
1049 760 1168 800 visus
1237 760 1336 807 Quo
1367 774 1499 815 quum
1535 758 1680 800 consul
1717 757 1770 798 ad

376 828 542 875 tempus
565 834 660 859 cum
682 818 890 874 praesidio
913 819 1240 873 quingentorum
1263 817 1454 872 equitum
1475 817 1667 865 venisset,
1690 830 1769 856 nec

375 877 462 918 ullo
494 877 712 917 Gallorum
744 876 801 917 ibi
829 876 929 925 viso,
957 890 1166 931 regressus
1197 875 1241 915 in
1274 884 1406 915 castra
1438 883 1557 923 esset,
1587 884 1770 914 oratores

375 934 504 976 iidem
541 934 733 983 redeunt,
767 943 1029 983 excusantes,
1058 933 1260 989 religione
1293 933 1456 973 obiecta
1483 932 1626 972 venire
1652 945 1801 987 regesz

375 1008 462 1033 non
493 1007 639 1048 posse:
674 991 886 1047 principes
917 991 1066 1046 gentis,
1097 1005 1173 1046 per
1204 1006 1308 1046 quos
1339 1005 1472 1046 aeque
1503 1004 1568 1030 res
1600 989 1772 1044 transigi

375 1061 528 1106 posset,
561 1058 770 1091 venturos.
838 1048 999 1090 Consul
1036 1064 1078 1089 se
1116 1064 1285 1104 quoque
1322 1047 1513 1089 Attalum
1547 1047 1770 1087 missurum

375 1108 495 1149 dixit.
558 1108 632 1149 Ad
668 1107 747 1149 hoc
783 1107 1040 1162 colloquium
1074 1107 1287 1162 utrimque
1321 1116 1493 1147 ventum
1526 1114 1599 1146 est.
1665 1104 1771 1145 Tre-

375 1175 520 1207 centos
556 1166 720 1222 equites
753 1165 921 1206 Attalus
957 1165 1153 1220 praesidii
1189 1179 1312 1205 causa
1347 1179 1477 1220 quum
1516 1162 1770 1211 adduxisset,

375 1224 507 1265 iactae
544 1234 641 1264 sunt
676 1224 790 1279 pacis
826 1223 1104 1264 conditiones,
1167 1221 1282 1263 Finis
1314 1222 1374 1263 rei
1400 1221 1500 1278 quia
1530 1220 1802 1265 absentibusg

377 1282 555 1323 ducibus
577 1282 737 1337 imponi
769 1296 854 1322 non
885 1290 1060 1337 poterat,
1084 1280 1293 1329 convenit,
1317 1280 1379 1320 uti
1401 1279 1546 1320 consul
1567 1293 1770 1334 regesque

166 1351 347 1382 Galliinsi-
378 1355 427 1381 eo
459 1339 551 1381 loco
583 1348 748 1394 postero
770 1339 838 1380 die
867 1338 1234 1393 congrederentur.
1298 1337 1527 1378 Frustratio
1552 1336 1771 1378 Gallorum

165 1394 295 1467 diaqttp
378 1413 428 1439 eo
460 1398 686 1454 spectabat,
710 1397 891 1452 primum
923 1405 970 1437 ut
1000 1404 1185 1437 tererent
1218 1405 1394 1451 tempus,
1418 1395 1552 1436 donec
1578 1409 1643 1435 res
1664 1408 1770 1443 suas,

164 1447 263 1467 ⁰⁰n³¹¹
280 1447 300 1468 ¹⁶
379 1456 533 1511 quibus
558 1455 783 1511 periclitari
806 1454 1018 1503 nolebant,
1042 1469 1137 1494 cum
1160 1453 1409 1508 coniugibus
1430 1468 1477 1494 ac
1498 1452 1639 1493 liberis
1660 1461 1772 1492 trans

379 1513 524 1569 Halyn
541 1514 699 1553 flumen
718 1512 957 1553 traiicercnt
975 1528 983 1551 :
1017 1511 1172 1552 deinde
1190 1511 1305 1567 quod
1327 1511 1403 1567 ipsi
1427 1510 1601 1559 consuli,
1624 1524 1772 1566 parum

378 1581 501 1612 cauto
523 1571 719 1612 adversus
741 1570 938 1625 colloquii
960 1569 1163 1618 fraudem,
1187 1568 1502 1609 insidiabantur.
1568 1567 1691 1608 Mille
1720 1566 1775 1607 ad

378 1644 469 1670 eam
497 1644 583 1669 rem
618 1643 671 1668 ex
708 1628 823 1668 omni
859 1642 1036 1668 numero
1065 1626 1263 1667 audaciae
1295 1636 1492 1682 expertae
1525 1625 1774 1681 delegerunt

377 1687 552 1742 equites.
618 1685 674 1726 Et
695 1685 957 1726 successisset
977 1684 1127 1733 fraudi,
1150 1685 1194 1724 ni
1216 1699 1291 1740 pro
1313 1684 1401 1725 iure
1428 1684 1631 1740 gentium,
1655 1682 1773 1723 cuius

376 1744 561 1785 violandi
591 1743 811 1784 consilium
845 1743 995 1782 initum
1029 1751 1129 1790 erat,
1152 1742 1332 1782 stetisset
1352 1742 1530 1782 fortuna.
1593 1740 1774 1782 Pabula-

377 1811 488 1843 tores
518 1801 827 1857 lignatoresque
862 1800 1045 1840 Romani
1077 1800 1118 1839 111
1152 1815 1242 1840 eam
1277 1809 1452 1855 partem,
1475 1800 1519 1839 in
1542 1814 1625 1854 qua
1646 1797 1773 1839 collo-

378 1861 524 1915 quium
546 1860 733 1899 futurum
756 1867 856 1907 erat,
875 1858 989 1898 ducti
1013 1866 1133 1906 sunt3
1170 1857 1300 1897 tutius
1323 1857 1364 1897 id
1386 1857 1573 1898 futurum
1596 1856 1773 1897 tribunis

377 1918 488 1967 ratis,
512 1917 610 1972 quia
632 1916 814 1957 consulis
842 1915 1095 1972 praesidium
1119 1923 1159 1955 et
1181 1915 1316 1970 ipsum
1346 1930 1421 1970 pro
1450 1915 1627 1955 statione
1656 1913 1774 1954 habi-

378 1975 460 2016 turi
489 1984 619 2023 erant,
646 1974 754 2015 hosti
783 1974 1034 2029 oppositum.
1101 1972 1227 2013 Suam
1257 1982 1396 2013 tamen
1428 1972 1598 2013 alteram
1631 1971 1774 2012 statio-

377 2048 474 2074 nem
498 2033 670 2088 propius
690 2041 823 2072 castra
844 2040 1136 2072 sexcentorum
1154 2030 1344 2086 equitum
1368 2039 1608 2086 posuerunt.
1657 2028 1774 2070 Con-

378 2091 453 2139 sul,
472 2091 702 2132 affirmante
721 2089 880 2138 Attalo,
899 2098 1096 2129 venturos
1118 2103 1248 2144 reges,
1272 2097 1314 2129 et
1336 2088 1506 2143 transigi
1528 2103 1615 2129 rem
1637 2102 1771 2143 posse,

376 2149 588 2205 profectus
610 2163 631 2189 e
654 2148 807 2196 castris,
827 2161 956 2203 quum
980 2146 1143 2195 eodem,
1163 2162 1247 2201 quo
1269 2155 1402 2195 antea,
1425 2145 1632 2202 praesidio
1654 2144 1773 2200 equi-

378 2216 466 2247 tum
491 2206 679 2261 quinque
702 2205 832 2245 millia
853 2205 937 2245 fcrc
960 2204 1239 2259 processisset,
1262 2219 1340 2244 nec
1362 2203 1541 2244 multum
1571 2219 1594 2244 a
1619 2202 1773 2243 consti-

379 2272 469 2304 tuto
510 2264 600 2304 loco
642 2264 815 2312 abesset,
848 2271 1021 2318 repente
1054 2261 1271 2302 concitatis
1312 2262 1432 2317 equis
1473 2276 1568 2302 cum
1610 2260 1771 2315 impetu

378 2321 517 2362 hostili
539 2321 655 2361 videt
680 2320 824 2361 Gallos
846 2320 1072 2360 venientes.
1139 2318 1371 2359 Constituit
1393 2333 1556 2374 agmen,
1579 2326 1621 2358 et
1643 2332 1772 2372 expe-

377 2379 466 2419 dire
496 2378 579 2419 tela
610 2378 855 2433 animosque
878 2377 1090 2432 equitibus
1120 2377 1240 2416 iussis
1268 2377 1403 2432 primo
1428 2384 1667 2416 constanter
1692 2374 1772 2414 ini-

378 2436 482 2476 tium
512 2451 677 2491 pugnae
701 2436 875 2491 accepit,
899 2450 976 2475 nec
1006 2434 1149 2474 cessit:
1184 2434 1296 2482 dein,
1320 2448 1450 2488 quum
1479 2441 1772 2488 praegravaret

377 2493 618 2542 multitudo,
641 2493 789 2534 cedere
822 2492 987 2540 sensim,
1011 2491 1115 2531 nihil
1149 2491 1330 2531 confusis
1363 2501 1590 2530 turmarum
1613 2489 1771 2530 ordini-

375 2550 466 2599 bus,
499 2551 662 2605 coepit:
699 2558 921 2605 postremO,
952 2563 1083 2604 quum
1115 2548 1197 2588 iam
1229 2548 1322 2603 plus
1355 2548 1397 2587 in
1432 2563 1548 2588 mora
1579 2547 1768 2603 periculi,

377 2622 502 2663 quam
531 2608 575 2647 in
597 2607 812 2648 ordinibus
834 2605 1127 2647 conservandis
1148 2605 1342 2660 praesidii
1366 2614 1485 2655 essct,
1511 2620 1656 2646 omnes
1678 2619 1770 2660 pas-

374 2665 452 2705 sim
488 2665 531 2704 in
568 2664 708 2721 fugam
746 2664 865 2704 effusi
902 2670 1010 2703 sunt.
1087 2662 1199 2703 Tum
1237 2678 1334 2703 vcro
1371 2663 1525 2704 instare
1562 2662 1770 2719 dissipatis

418 2798 434 2818 2
467 2789 634 2826 Reli-(lione
678 2788 814 2824 obiecta]
879 2785 1048 2816 Eiusmodi
1137 2795 1154 2823 3
1180 2788 1308 2825 luctae]
1339 2787 1376 2817 Iu
1402 2786 1545 2817 medium
1570 2787 1714 2826 prolatae
1738 2789 1770 2815 et

373 2832 489 2867 forsan„
525 2840 607 2869 quae
643 2839 681 2860 ex
713 2829 865 2868 auspiciis
897 2829 945 2859 rel
978 2838 1047 2868 pro·
1094 2829 1285 2867 propositae.
1319 2830 1359 2860 cf.
1388 2830 1499 2860 Burin.
1527 2830 1566 2860 ad
1596 2829 1680 2859 vell.
1708 2829 1767 2858 Pa-

373 2873 464 2911 «ligiis
480 2873 627 2903 infaustis
647 2882 703 2911 pro
727 2872 894 2902 occasione
910 2872 1049 2902 dumba<
1083 2877 1169 2902 merc.
1189 2871 1220 2902 ii.
1238 2872 1287 2910 65.

373 2922 432 2946 tur.
465 2917 506 2946 cf.
525 2916 593 2945 (sic.
609 2917 647 2945 ad
668 2915 794 2945 Dirers.
813 2925 841 2944 x.
865 2924 910 2944 12.

1953 479 1960 513 .-Α

1932 3186 1955 3218 (Pi
1936 3149 1951 3181 ἢν
1936 3099 1949 3139 ⁶-st
1941 3076 1948 3092 .-
