1960 3218
556 143 684 185 LIB.
718 142 913 185 XXXV.
961 142 1109 185 CAP.
1144 147 1211 186 51.
1504 148 1587 187 223

185 235 302 278 omni
334 234 462 277 classe
495 234 805 292 Polyxenidam
840 234 982 275 mittit.
1053 234 1148 291 Ipse
1182 250 1338 291 paucos
1372 244 1466 292 post
1499 237 1589 278 dies
1604 243 1648 276 U.
1665 244 1703 275 C.
1727 243 1800 285 560-

185 308 260 335 sex
290 293 422 334 millia
451 308 621 334 suorum
652 292 850 342 militum,
877 300 920 333 et
951 307 1004 333 ex
1036 308 1086 334 ea
1116 293 1249 348 copia,
1273 308 1380 349 quae
1413 293 1587 336 Lamiae
1605 288 1642 318 Α·
1667 288 1704 319 C·
1731 297 1801 328 Ι92·

185 360 359 408 repente
381 351 520 407 colligi
540 351 691 407 potuit,
709 366 795 391 non
812 350 871 391 ita
887 350 1041 391 multos
1056 350 1231 392 Aetolos
1251 351 1380 393 ducit.
1425 352 1588 394 Achaei
1604 362 1804 393 Praesidium

187 409 423 466 quingenti,
447 418 489 450 et
511 409 562 450 ab
586 408 779 449 Eumene
805 423 903 463 rege
932 408 1146 450 modicum
1174 409 1378 450 auxilium
1401 410 1587 461 missum,
1603 405 1795 465 Chalcidffln

188 468 296 509 duce
329 466 566 508 Xenoclide
599 466 885 515 Chalcidensi,
918 466 1109 507 nondum
1144 467 1319 509 obsessis
1353 468 1588 519 itineribus,
1602 458 1745 481 nussum.

188 533 281 566 tuto
318 524 560 581 transgressi
595 524 817 581 Euripum,
856 523 1105 566 Chalcidem
1140 534 1436 581 pervenerunt.
1501 526 1588 568 Ro-

187 583 302 623 mani
323 582 489 631 milites,
513 582 736 638 quingenti
757 582 887 623 ferme
915 590 958 623 et
978 582 1070 638 ipsi,
1095 598 1227 638 quum
1248 583 1331 624 iam
1354 583 1589 641 Msenippus

189 649 323 682 castra
344 649 440 682 ante
467 640 672 696 Salganea
693 640 746 681 ad
764 639 1038 690 Hermaeum,
1058 656 1141 697 qua
1163 642 1360 682 transitus
1381 657 1434 683 ex
1454 642 1591 684 Boeo-

187 698 246 740 tia
281 699 326 739 in
360 698 578 739 Euboeam
611 698 791 739 insulam
825 706 900 747 est,
936 698 1121 748 haberet,
1154 708 1373 741 venerunt.
1438 699 1591 742 Mietio

187 764 278 798 erat
297 771 393 798 cum
415 756 477 806 iis,
500 756 661 812 legatus
683 772 707 797 a
726 755 931 797 Chalcide
953 756 1007 797 ad
1028 756 1292 807 Quinctium,
1312 757 1366 798 ad
1387 757 1431 798 id
1452 758 1591 814 ipsum

187 814 443 870 praesidium
469 814 714 870 petendum,
741 814 900 855 missus.
967 814 1054 862 Qui
1080 824 1303 871 postquam
1329 816 1513 857 obsessas
1539 817 1590 857 ab

186 872 376 914 hostibus
406 872 547 913 fauces
577 872 695 922 vidit,
722 873 872 913 omisso
904 872 957 913 ad
984 871 1188 914 Aulidem
1220 873 1382 923 itinere,
1411 873 1588 915 Delium

188 930 408 979 convertit,
431 939 479 971 ut
509 930 607 971 inde
642 930 686 970 in
719 930 937 971 Euboeam
968 930 1292 973 transmissurus.
1358 932 1587 989 Templum
1667 933 1734 972 51.

189 996 253 1029 est
276 987 488 1044 Apollinis
510 987 698 1038 Delium,
721 988 946 1029 imminens
968 988 1097 1029 mari:
1133 990 1322 1045 quinque
1346 989 1477 1031 millia
1496 1006 1590 1047 pas·
1604 988 1800 1038 Adpelipin

189 1061 312 1087 suum
334 1046 385 1087 ab
408 1046 602 1101 Tanagra
627 1047 754 1087 abest.
818 1045 966 1087 Minus
987 1054 1188 1102 quattuor
1211 1047 1391 1089 millium
1419 1048 1519 1090 inde
1546 1049 1588 1090 in
1603 1034 1790 1107 ξὲξῖζᾞξζ

189 1104 383 1159 proxima
424 1103 623 1145 Euboeae
665 1112 727 1145 est
767 1104 870 1144 mari
910 1104 1120 1146 traiectus.
1197 1105 1283 1146 Ubi
1325 1114 1368 1147 et
1408 1106 1453 1147 in
1493 1107 1647 1150 fanoni.

189 1161 385 1218 lucoque,
409 1177 458 1202 ea
488 1161 690 1217 religione
723 1170 765 1203 et
796 1177 847 1203 eo
878 1162 968 1203 iure
1000 1170 1157 1213 sancto,
1181 1178 1266 1219 quo
1295 1172 1392 1205 sunt
1420 1165 1590 1221 templa,

158 1229 298 1276 6quae
324 1219 437 1276 asyla
461 1218 615 1260 Graeci
641 1219 867 1275 appellant,
894 1228 937 1261 et
962 1220 1152 1261 nondum
1179 1229 1250 1262 aut
1278 1222 1438 1263 indicto
1464 1223 1589 1274 bello,

160 1293 178 1328 7
191 1285 263 1318 aut
282 1277 341 1318 ita
361 1277 593 1326 commisso,
613 1286 659 1318 ut
680 1278 843 1318 strictos
859 1277 1032 1334 gladios,
1051 1287 1123 1319 aut
1143 1279 1393 1335 sanguinem
1410 1296 1589 1336 usquam

189 1335 346 1377 factum
368 1335 593 1385 audissent,
618 1350 749 1391 quum
778 1350 853 1392 per
878 1351 1078 1392 magnum
1101 1336 1234 1378 otium
1256 1337 1423 1387 milites,
1447 1339 1516 1379 alii
1538 1339 1591 1380 ad

191 1392 478 1450 spectaculum
515 1393 661 1449 templi
696 1393 867 1450 lucique
904 1394 1027 1444 versi,
1065 1394 1134 1435 alii
1170 1395 1214 1436 in
1249 1395 1372 1437 litore
1410 1396 1591 1438 inermes

190 1459 454 1507 vagarentur,
478 1466 631 1508 magna
657 1467 752 1508 pars
779 1467 855 1508 per
883 1467 1003 1508 agros
1030 1452 1234 1508 lignatum
1257 1453 1591 1512 pabulatumque

189 1509 349 1565 dilapsa
369 1518 502 1558 esset3
536 1518 709 1566 repente
733 1509 978 1567 Menippus,
1000 1510 1159 1566 palatos
1180 1511 1334 1568 passim
1356 1527 1587 1568 aggressus,

160 1581 261 1612 geos
293 1567 459 1617 cecidit,
492 1567 545 1608 ad
577 1567 885 1624 quinquaginta
914 1568 1028 1609 vivos
1059 1569 1182 1625 cepit.
1246 1569 1455 1627 Perpauci
1484 1572 1591 1613 effu-

191 1633 357 1681 gerunt,
390 1625 434 1665 in
470 1625 623 1681 quibus
661 1625 812 1667 Mictio
844 1641 970 1682 parva
1003 1627 1194 1669 oneraria
1229 1643 1334 1669 nave
1372 1638 1587 1686 exceptus,

194 1682 258 1724 Ea
287 1698 352 1724 res
386 1683 590 1731 Quinctio
625 1683 928 1739 Romanisque,
961 1684 1068 1725 sicut
1101 1685 1261 1727 iactura
1291 1686 1472 1728 militum
1502 1703 1592 1729 mo-

192 1740 309 1787 lesta,
332 1741 389 1782 ita
411 1741 463 1781 ad
485 1741 548 1782 ius
570 1741 779 1782 inferendi
803 1742 1017 1783 Antiocho
1045 1742 1144 1784 belli
1174 1744 1374 1786 adiecisse
1401 1745 1592 1801 aliquan-

194 1806 282 1840 tum
310 1798 540 1840 videbatur.
607 1799 857 1850 Antiochus,
881 1799 1051 1842 admoto
1081 1801 1134 1841 ad
1156 1801 1360 1843 Aulidem
1389 1804 1589 1854 exercitu,
1605 1816 1800 1848 Chalciden-

194 1872 327 1912 quum
368 1871 508 1898 rursus
550 1866 744 1907 oratores,
779 1857 932 1914 partim
973 1874 1026 1899 ex
1067 1859 1163 1909 suis,
1206 1860 1359 1916 partim
1401 1861 1589 1912 Aetolos,
1605 1870 1653 1891 ses
1669 1860 1779 1890 Antio-

196 1914 445 1956 Chalcidem
467 1914 656 1965 misisset,
680 1915 753 1972 qui
775 1915 924 1957 eadem
945 1915 1028 1966 illa,
1048 1932 1155 1973 quae
1177 1933 1325 1974 nuper,
1348 1933 1445 1959 eum
1467 1919 1591 1961 minis
1604 1903 1790 1986 {ll}‘g]{³[{'1¹¹{²⁵

192 1972 450 2028 gravioribus
472 1981 656 2028 agerent,
675 1974 960 2030 nequicquam
982 1986 1129 2016 contra
1146 1975 1355 2017 Mictione
1378 1985 1421 2017 et
1442 1976 1591 2019 Xeno-
1757 1971 1764 1978 ⁸

194 2029 304 2070 elide
326 2030 610 2079 tendentibus,
633 2030 752 2072 facile
785 2032 935 2081 tenuit,
958 2043 1006 2072 ut
1034 2040 1178 2088 portae
1208 2033 1286 2074 sibi
1313 2035 1587 2090 aperirentur.

198 2086 286 2135 Qui
304 2087 522 2129 Romanae
545 2088 673 2144 partis
694 2098 826 2138 erant,
845 2089 921 2130 sub
943 2089 1171 2130 adventum
1192 2091 1302 2147 regiS
1323 2092 1425 2133 urbe
1448 2108 1592 2134 exces-

194 2153 349 2186 serunt.
404 2145 672 2186 Achaeorum
689 2154 732 2186 et
750 2145 953 2188 Eumenis
970 2147 1125 2188 milites
1149 2147 1355 2205 Salganea
1375 2151 1588 2193 tenebant.

195 2201 254 2243 Et
287 2202 331 2243 in
365 2202 525 2259 Euripo
553 2203 770 2244 castellum
802 2204 984 2245 Romani
1025 2205 1179 2246 milites
1216 2207 1340 2262 pauci
1377 2209 1591 2251 custodiae

194 2275 319 2301 causa
349 2260 430 2301 loci
461 2261 815 2303 communiebant.
882 2261 1086 2318 Salganea
1117 2263 1362 2321 Menippus,
1395 2281 1470 2307 rex
1502 2267 1589 2322 ipse

194 2317 410 2359 castellum
443 2318 593 2375 Euripi
624 2334 866 2375 oppugnare
899 2329 961 2361 cst
992 2320 1171 2362 adortus.
1235 2322 1401 2364 Priores
1427 2324 1592 2366 Achaei

194 2383 238 2416 et
259 2375 463 2417 Eumenis
485 2376 637 2418 milites
658 2377 783 2433 pacti,
807 2386 854 2418 ut
875 2378 964 2419 sine
986 2378 1132 2420 fraude
1154 2380 1300 2421 liceret
1321 2381 1448 2431 abire,
1471 2397 1592 2438 prae-

162 2432 300 2479 9sidio
328 2443 610 2475 excesserunt.
673 2435 937 2476 Pertinacius
964 2436 1149 2478 Romani
1176 2437 1384 2494 Euripum
1417 2440 1593 2482 tueban-

196 2499 274 2532 tur.
337 2491 397 2532 Hi
419 2507 588 2548 quoque
611 2500 765 2542 tamen,
789 2508 922 2549 quum
945 2502 1054 2535 terra
1074 2495 1263 2551 marique
1286 2496 1592 2549 obsiderentur,

238 2606 258 2638 6
286 2609 332 2638 Et
361 2609 502 2639 nondum
531 2614 589 2640 aut
624 2611 744 2641 indicto
773 2611 868 2649 bello]
959 2611 978 2641 8
1002 2613 1069 2642 Eos
1083 2612 1211 2652 cecidit]
1238 2614 1279 2645 In
1298 2624 1375 2646 voce
1387 2627 1438 2647 cos
1453 2617 1590 2656 suspica-

197 2650 295 2680 Duae
317 2655 408 2681 erant
428 2662 554 2687 causae,
571 2653 611 2683 ob
633 2663 712 2692 quas
729 2653 872 2684 Romani
916 2663 989 2684 mur
1010 2655 1111 2686 latere
1131 2657 1304 2688 mendum:
1332 2662 1363 2688 et
1386 2658 1514 2689 Livium
1539 2671 1593 2690 ex-

196 2692 297 2723 secun'
309 2694 508 2732 palarentur:
528 2695 603 2734 quia
613 2706 731 2735 nempe
741 2700 773 2726 et
782 2700 872 2727 erant
917 2697 1056 2736 primerc
1072 2698 1209 2730 voluisse
1222 2710 1393 2731 numerum
1410 2712 1519 2732 eorum
1537 2703 1592 2742 qui

196 2735 229 2765 in
253 2735 327 2765 fano
352 2736 488 2775 lucoque
512 2737 722 2776 sanctissimo,
747 2742 778 2768 et
804 2740 872 2769 bel·
918 2740 1000 2770 eaesi
1016 2744 1101 2772 sunt.
1125 2741 1231 2773 ΟΜΝ.

198 2778 265 2808 lum
283 2779 426 2808 nondum
444 2779 600 2810 indictum
618 2785 694 2811 erat.
721 2781 828 2812 ΟΜΝ.
960 2793 979 2823 9
992 2785 1190 2830 ⁴Euripum]
1233 2785 1385 2825 Intellige
1422 2789 1591 2818 castellum

243 2829 259 2860 7
282 2823 353 2851 Aut
367 2823 555 2861 sanyuinem
573 2833 708 2863 usquam
723 2824 870 2863 factum]
919 2824 1047 2865 Eurlpi,
1075 2828 1161 2866 quod
1185 2829 1282 2859 modo
1308 2829 1511 2860 nominatum
1534 2834 1591 2861 cst.

197 2863 228 2894 h.
247 2874 273 2894 e.
291 2864 434 2895 Caedem
451 2864 581 2896 factam.
606 2866 644 2896 cf.
662 2876 747 2905 supr.
765 2866 795 2898 ii.
814 2876 865 2905 30.
919 2868 1025 2899 CREv.
