1960 3218
342 153 421 190 104
858 145 1006 188 ΤΙΤΙ
1049 144 1227 187 LIVII

134 252 179 284 U.
196 253 235 284 C.
259 238 496 292 555.hostis:
530 252 737 294 causaque
759 236 962 279 libertatis
984 237 1155 278 fuerunt
1178 235 1366 286 Cauniis,
1390 235 1594 293 Myndiis,
1618 234 1740 276 Hali-

134 297 174 326 A.
199 297 237 326 C.
262 296 693 345 197-carnassensibus,
728 294 974 351 Samiisque.
1039 294 1141 335 Non
1173 309 1323 350 operae
1357 302 1420 334 est
1451 293 1661 349 persequi,
1692 301 1740 333 ut

347 368 541 409 quaeque
573 361 664 395 aeta
693 353 738 394 in
767 353 832 393 his
862 352 963 394 locis
994 351 1090 401 sint,
1114 366 1246 407 quum
1273 351 1327 392 ad
1354 366 1416 401 ea,
1439 366 1548 406 quae
1573 349 1740 406 proprie

348 411 533 453 Romani
554 411 654 452 belli
675 418 786 460 sunt,
809 410 879 451 vix
900 409 1112 451 sufficiam.

201 475 268 513 21.
406 468 572 510 Eodem
603 477 791 524 tempore
813 477 856 508 et
878 466 1047 508 Attalus
1071 481 1158 515 reX,
1182 480 1306 522 aeger
1332 466 1383 507 ab
1406 465 1566 506 Thebis
1586 464 1744 520 Perga-

138 530 243 560 Attali
253 539 338 560 mors
349 541 465 567 mum
487 526 698 575 advectus,
716 525 894 566 moritur
913 524 1044 566 altero
1061 532 1103 565 et
1119 523 1426 579 septuagesimo
1447 538 1582 572 anno3
1610 536 1742 578 quum
1757 531 1776 564 7

139 576 171 602 et
186 573 307 603 laudes.
350 593 550 640 quattuor
569 592 611 625 et
627 582 906 639 quadraginta
926 596 1057 623 annos
1077 589 1301 637 regnasset.
1365 579 1480 621 Huic
1501 580 1602 630 viro,
1624 586 1776 636 prae-8

350 651 414 683 ter
448 641 626 691 divitias,
663 640 771 681 nihil
807 640 861 681 ad
895 654 1012 696 spem
1052 639 1172 695 regni
1206 638 1374 679 fortuna
1408 637 1593 679 dederat.
1663 636 1745 677 His

350 698 474 740 simul
504 699 747 754 prudenter,
781 698 904 738 simul
934 696 1154 752 magnifice
1187 695 1360 746 utendo,
1384 695 1534 745 effecit,
1561 695 1745 751 primum

350 766 399 797 ut
440 757 530 806 sibi,
569 756 724 797 deinde
766 764 812 796 ut
853 755 942 797 aliis
982 770 1070 795 non
1109 753 1309 809 indignus
1347 753 1561 794 videretur
1601 767 1742 808 regno.

352 814 487 855 Victis
518 813 672 854 deinde
705 813 864 869 proelio
895 827 980 853 uno
1015 811 1160 861 Gallis,
1191 826 1299 866 quae
1331 818 1419 852 tum
1451 825 1554 866 gens
1584 809 1777 855 recenti9

352 871 537 913 adventu
567 870 791 912 terribilior
813 870 940 911 Asiae
962 877 1063 919 erat,
1085 869 1249 924 regium
1270 868 1414 909 ascivit
1434 882 1604 917 nomen,
1627 867 1746 908 cuius

352 928 635 985 magnitudini
671 942 837 983 semper
876 927 1064 968 animum
1105 925 1311 982 aequavit.
1383 925 1557 966 Summa
1588 924 1748 965 iustitia

352 1001 448 1027 suos
468 986 598 1027 rexit:
634 985 803 1026 unicam
828 984 958 1025 fidem
989 983 1110 1025 sociis
1139 983 1370 1039 praestitit:
1404 983 1535 1024 comis
1556 982 1679 1023 uxori
1699 996 1747 1023 ac
1763 1001 1776 1023 1

352 1043 505 1094 liberis,
529 1058 633 1099 quos
659 1042 903 1099 superstites
924 1041 1095 1091 habuit3
1129 1040 1241 1082 mitis
1271 1055 1318 1081 ac
1349 1039 1574 1081 munificus
1604 1039 1778 1080 amici52

352 1101 454 1142 suit:
487 1115 666 1157 regnum
697 1100 804 1141 adeo
835 1099 981 1140 stabile
1010 1114 1058 1140 ac
1090 1099 1260 1139 firmum
1291 1097 1474 1154 reliquit,
1507 1105 1556 1138 ut
1582 1096 1636 1139 ad
1666 1105 1779 1142 ter-3

353 1159 452 1199 tiam
476 1158 648 1214 stirpem
670 1157 874 1214 possessio
895 1156 985 1198 eius
1006 1156 1283 1197 descenderit.

416 1215 563 1264 Quum
593 1215 662 1256 hic
693 1224 823 1256 status
854 1229 993 1256 rerum
1024 1214 1066 1254 in
1095 1214 1212 1263 Asia,
1239 1213 1515 1269 Graeciaque,
1538 1220 1581 1254 et
1604 1211 1749 1254 Mace-

355 1273 483 1315 donia
515 1281 635 1323 esset,
661 1272 836 1313 vixdum
870 1272 1092 1313 terminato
1124 1286 1220 1312 cum
1251 1270 1450 1326 Philippo
1486 1270 1609 1319 bello,
1645 1284 1748 1326 pace

140 1343 253 1373 Motus
268 1342 301 1373 in
357 1340 469 1373 certe
500 1331 691 1372 nondum
720 1338 972 1386 perpetrata,
994 1329 1143 1384 ingens
1168 1328 1213 1369 in
1235 1328 1443 1384 Hispania
1462 1327 1658 1369 ulteriore
1680 1343 1751 1368 co-

140 1384 314 1425 Hispania.
357 1399 495 1430 ortum
522 1397 584 1430 est
613 1387 782 1430 bellum.
846 1386 908 1427 M.
927 1386 1106 1427 Helvius
1127 1401 1218 1427 eam
1240 1386 1498 1441 provinciam
1520 1385 1747 1426 obtinebat.

356 1446 397 1488 Is
428 1446 558 1487 literis
589 1454 781 1486 senatum
812 1444 1031 1485 certiorem
1057 1443 1169 1492 fecit,
1194 1449 1204 1467 ‘
1225 1442 1430 1484 Colcham
1452 1452 1495 1484 et
1517 1442 1751 1483 Luscinum

358 1511 369 1528 ‘
385 1504 550 1560 regulos
577 1504 621 1544 in
649 1503 772 1544 armis
794 1517 906 1543 esse:
940 1517 1036 1542 cum
1061 1500 1221 1543 Colcha
1242 1500 1389 1541 decem
1421 1509 1464 1541 et
1494 1508 1651 1556 septem
1675 1515 1752 1555 op-

357 1562 495 1618 ‘pida,
523 1576 619 1602 cum
651 1561 837 1601 Luscino
868 1559 1024 1600 validas
1056 1559 1191 1608 urbes,
1227 1557 1482 1599 Carmonem
1515 1566 1558 1598 et
1590 1557 1752 1598 Bardo-

358 1625 509 1660 ‘nemz
543 1619 587 1659 in
619 1618 827 1659 maritima
858 1632 929 1658 ora
961 1616 1206 1665 Malacinos,
1239 1615 1569 1671 Sexetanosque,
1594 1615 1784 1659 Baetu-4

358 1677 489 1717 ‘riam
525 1691 707 1725 omnem,
742 1683 785 1716 et
817 1690 924 1730 quae
961 1673 1153 1714 nondum
1193 1673 1354 1714 animos
1394 1673 1659 1721 nudaverint,
1697 1672 1752 1713 ad

358 1740 369 1758 ‘
386 1734 662 1775 finitimorum
693 1741 831 1773 motus
862 1731 1205 1773 consurrectum?
1267 1730 1348 1771 His
1374 1730 1505 1771 literis
1526 1745 1550 1770 a
1571 1729 1633 1770 M.
1657 1728 1782 1773 Ser-5

355 1792 425 1847 gio
460 1801 664 1847 praetore,
702 1790 820 1831 cuius
860 1789 1091 1829 iurisdictio
1127 1788 1237 1828 inter
1272 1788 1383 1828 cives
1418 1796 1518 1837 erat,
1553 1787 1750 1835 recitatis,

356 1849 633 1890 decreverunt
664 1848 823 1897 Patres,
856 1855 915 1896 ut,
948 1846 1126 1887 comitiis
1158 1853 1399 1902 praetorum
1434 1844 1643 1901 perfectiS,
1682 1844 1750 1885 cui

403 1977 419 2008 7
442 1969 555 2000 Altero
570 1973 600 2000 et
619 1968 866 2008 septuayesz'mo]
893 1966 1029 2006 Septua-
1122 1975 1134 1996 1
1166 1966 1283 2003 Urorz']
1319 1965 1413 1996 Uxor
1437 1964 1524 1994 dicta
1548 1966 1595 1994 est
1619 1962 1753 2002 Apollo-

356 2011 446 2051 ginta
458 2011 538 2041 duos
550 2021 650 2041 annos
663 2021 736 2040 eum
750 2009 863 2039 vixisse
876 2009 1032 2048 Polybius
1076 2007 1157 2046 nias,
1179 2008 1284 2047 patria
1309 2007 1480 2047 Cyzicena,
1503 2010 1584 2036 teste
1602 2005 1753 2045 Polybio,

358 2053 479 2091 scribit,
503 2053 590 2083 unde
615 2053 728 2091 liquet,
751 2052 777 2082 si
803 2056 910 2082 noster
935 2052 1032 2090 Poly·
1077 2051 1132 2090 qui
1154 2060 1225 2081 eam
1247 2050 1393 2089 pluribus
1413 2050 1535 2086 laudat,
1552 2052 1584 2078 et
1601 2051 1754 2087 quattuor

358 2096 447 2126 bium
471 2099 599 2126 secutus
622 2095 673 2133 sit,
694 2096 794 2125 allero
818 2104 875 2134 pro
898 2095 1035 2125 secundo
1079 2093 1219 2123 filiorum
1246 2092 1351 2123 Attali
1379 2095 1515 2122 matrem
1540 2091 1638 2122 fuisse
1664 2090 1752 2122 dicit.

358 2138 411 2169 hic
427 2138 581 2178 scriptum
599 2148 676 2168 esse.
703 2138 742 2167 cf.
760 2147 846 2176 supr.
862 2136 904 2167 iii.
923 2145 973 2175 33.
1081 2136 1198 2166 Dum.

401 2181 420 2210 8
443 2182 533 2211 IIuic
546 2181 613 2211 viro
626 2204 633 2211 .
651 2204 657 2211 .
676 2180 811 2210 nilzilad
821 2190 905 2218 spem
921 2179 1028 2217 reyni]
1122 2188 1137 2207 2
1162 2178 1304 2215 Liberis]
1336 2179 1508 2214 Quattuor,
1532 2186 1574 2207 sc.
1599 2175 1753 2213 Eumeni,

360 2223 468 2253 Docet
486 2223 662 2253 Pausanias
682 2222 715 2251 in
732 2221 850 2251 Atticis
870 2221 1032 2251 Philetac-
1078 2220 1203 2255 Attalo,
1216 2220 1397 2255 Athenaeo,
1413 2223 1445 2249 et
1463 2219 1660 2255 Philetaem,
1676 2228 1752 2257 quo-

359 2276 430 2295 rum
453 2265 664 2301 Eunuchum,
680 2263 866 2303 Lysimachi
887 2263 968 2302 regis
984 2273 1035 2293 ae-
1078 2273 1150 2293 rum
1182 2262 1330 2292 meminit
1361 2261 1472 2292 Livius
1501 2261 1574 2291 infr.
1601 2260 1670 2291 xlii.
1702 2267 1752 2299 55.

360 2308 441 2338 rario
458 2307 668 2347 praefectum,
684 2307 724 2336 ab
747 2316 785 2336 eo
807 2306 987 2342 descivisse,
1003 2309 1035 2335 et
1080 2305 1192 2336 Smox.

361 2351 555 2389 Pergamum
568 2358 753 2388 occupasse,
764 2348 853 2378 cuius
866 2348 952 2377 urbis
965 2357 1034 2386 pos-
1123 2356 1139 2385 3
1164 2348 1191 2376 A
1198 2348 1219 2376 cl
1230 2348 1354 2377 tertiam
1367 2346 1515 2385 stirpem]
1539 2345 1590 2376 Ad
1604 2345 1753 2375 Attalum

360 2393 530 2422 sessionem
548 2393 606 2422 sub
628 2391 755 2421 Seleuci
771 2390 875 2420 tutela
891 2394 923 2419 et
945 2400 1033 2428 prae-
1080 2389 1314 2425 Philometora,
1353 2387 1508 2418 Eumenis
1545 2387 1661 2425 tilium,
1698 2386 1753 2425 qui

360 2435 441 2463 sidio
459 2435 574 2471 tenuit,
591 2438 623 2463 et
639 2434 679 2463 ad
697 2434 831 2463 heredes
849 2431 1034 2462 transmisit.
1078 2435 1272 2461 testamento
1310 2431 1461 2460 heredem
1496 2430 1655 2469 populum
1687 2429 1753 2460 Ro-

363 2477 451 2506 lluie
475 2478 538 2506 duo
562 2478 674 2506 fratres
697 2476 796 2512 fuere,
816 2475 980 2505 Eumenes
1003 2478 1035 2503 et
1080 2484 1212 2504 manum
1229 2473 1314 2504 fecit.

363 2519 503 2548 Attalus.
523 2518 688 2547 Eumenes
698 2517 920 2556 cognominem
934 2516 1036 2546 filium
1123 2527 1142 2554 4
1166 2517 1207 2545 In
1223 2516 1384 2545 maritima
1396 2526 1453 2545 ora
1469 2538 1476 2544 .
1491 2537 1498 2545 .
1513 2537 1520 2545 .
1538 2514 1750 2552 nudaverint]

362 2561 475 2590 habuit
497 2561 692 2596 Eumenem,
708 2559 885 2598 itidemque
907 2559 1038 2588 Attalus
1082 2558 1191 2595 Vulgo
1210 2557 1323 2595 legitur
1338 2562 1368 2588 et
1385 2558 1575 2587 maritimam
1590 2567 1678 2587 oram
1691 2567 1753 2587 om-

363 2604 521 2632 Attalum.
568 2603 619 2632 Ab
646 2602 794 2631 Eumene
820 2600 953 2637 iuniore,
981 2600 1035 2639 qui
1082 2611 1163 2636 nem,
1176 2611 1258 2640 quae
1271 2601 1409 2629 nondum
1424 2601 1546 2629 animos
1562 2600 1753 2630 nudaverat.

363 2645 547 2675 Philetaero
564 2648 770 2680 successerat,
786 2643 838 2673 hic
855 2646 961 2672 noster
977 2644 1034 2672 At·
1124 2650 1140 2681 5
1174 2644 1202 2671 A
1236 2644 1286 2672 M.
1314 2643 1425 2680 ›Ser-{sio
1459 2646 1622 2680 praelat-e..
1660 2642 1754 2671 euius

362 2688 447 2717 talus
471 2686 576 2716 iunior
601 2685 746 2725 Pergami
769 2685 953 2725 dynastiam
979 2684 1033 2714 lie-
1079 2685 1258 2714 iuras-‘lieno
1274 2685 1359 2714 inter
1374 2685 1458 2714 eires
1474 2686 1560 2721 erat]
1589 2683 1655 2713 Hic
1674 2683 1753 2713 olim

361 2729 511 2759 reditui-io
533 2729 600 2758 iure
619 2728 755 2766 aceepit.
780 2729 818 2757 ef.
841 2728 944 2757 Sti-ab.
967 2726 1032 2757 xiii.
1080 2727 1244 2764 legebatur
1275 2728 1359 2757 inter
1388 2727 1472 2756 cives
1501 2730 1531 2757 et
1554 2727 1752 2765 pereyrinos.

361 2770 433 2809 624.
456 2771 567 2809 Polyb.
586 2770 674 2801 xviii.
693 2780 741 2808 24.
767 2772 872 2800 (flucv.
1079 2768 1261 2798 Gronovius
1282 2769 1361 2798 duas
1382 2769 1514 2798 ultimas
1530 2778 1623 2798 voees
1638 2767 1753 2798 merito

402 2824 422 2853 9
446 2814 577 2843 Ira-venti
607 2814 764 2849 adventu]
808 2811 1035 2849 Quadraginta
1079 2810 1198 2840 delevit
1215 2823 1222 2847 ;
1245 2821 1343 2849 quum
1362 2814 1483 2840 constet
1501 2811 1572 2841 infr.
1586 2809 1686 2840 xxxii.
1703 2810 1752 2840 28.

360 2856 425 2886 fere
449 2860 546 2885 antea
569 2866 678 2885 annos.
709 2856 754 2885 ct:
772 2854 887 2885 lustin.
910 2865 983 2885 xxv.
1001 2858 1033 2884 et
1079 2852 1222 2891 Sergium
1245 2854 1401 2883 urbanam
1423 2852 1675 2884 iurisdictionem
1696 2851 1751 2882 ha-

360 2897 458 2929 xxvii.
477 2898 591 2936 Polyb.
611 2897 696 2928 xviii.
716 2907 764 2934 1³4.
1080 2895 1193 2926 buisse.
1218 2895 1324 2926 CitBV.
