1960 3218
588 154 716 195 LIB.
750 151 972 194 XXXIII.
1018 151 1165 194 CAP.
1200 157 1238 194 8.
1558 156 1608 195 91

211 261 388 305 propere
416 246 552 297 missa,
575 259 665 286 rem
695 244 939 286 inclinatam
971 244 1268 285 restituerunt:
1304 258 1507 300 versaque
1528 243 1611 285 sor·
1626 253 1671 286 U.
1688 253 1726 286 C.
1750 262 1822 295 555.

213 315 327 355 tuna,
352 304 612 346 Macedones
637 303 874 344 laborantes
895 317 1019 359 opem
1041 302 1150 358 regis
1171 317 1248 358 per
1268 302 1439 342 nuntios
1460 301 1612 358 implo-
1625 298 1665 329 A.
1689 297 1728 329 C·
1753 305 1824 338 197·

182 365 369 414 7rabant.
436 362 532 412 Sed,
555 370 603 403 ut
624 361 698 418 qui
728 360 839 401 nihil
869 361 1009 401 minus
1039 360 1111 401 illo
1139 360 1207 401 die
1238 368 1410 416 propter
1435 360 1612 400 offusam

212 421 447 477 caliginem,
471 435 598 477 quam
628 419 849 476 proelium,
876 426 1172 474 exspectasset,
1202 433 1356 473 magna
1385 426 1504 473 parte
1536 417 1613 458 ho-

213 480 375 520 minum
406 479 542 520 omnis
572 477 737 534 generis
768 476 1014 533 pabulatum
1046 476 1181 525 missa,
1205 475 1465 532 aliquamdiu
1491 475 1614 531 inops

213 537 375 579 consilii
406 536 653 592 trepidavit:
687 535 857 585 deinde,
885 542 1110 591 postquam
1140 534 1279 574 nuntii
1316 533 1540 581 instabant,
1571 541 1614 574 et

212 595 296 636 iam
326 594 424 651 iuga
448 594 657 635 montium
679 593 900 634 detexerat
924 591 1091 641 nebula,
1114 600 1157 633 et
1178 592 1223 632 in
1244 599 1473 648 conspectu
1495 598 1614 631 erant

215 652 489 702 Macedones,
512 652 557 692 in
578 651 789 692 tumulum
817 650 1000 692 maxime
1033 649 1195 691 editum
1226 649 1336 690 inter
1367 648 1469 689 alios
1500 663 1614 689 com-

213 710 335 768 pulsi,
358 710 450 752 loco
471 725 514 751 se
536 709 680 766 magis,
704 724 831 765 quam
853 708 990 759 armis,
1013 716 1226 757 tutantes3
1265 705 1615 748 committendam

213 784 353 810 rerum
375 783 581 809 summam
603 768 646 808 in
669 767 895 808 discrimen
916 775 1134 822 utcunque
1156 774 1282 815 ratus,
1305 780 1359 805 ne
1390 764 1519 820 partis
1550 764 1616 804 in-

214 827 410 867 defensae
438 826 597 867 iactura
618 826 749 875 fieret,
774 825 1091 880 Athenagoram
1114 823 1266 864 ducem
1289 822 1483 863 mercede
1507 821 1617 862 mili-

214 884 394 926 tantium
417 899 512 925 cum
535 884 744 933 omnibus,
759 892 926 939 praeter
943 882 1141 931 Thracas,
1161 881 1340 931 auxiliis,
1359 889 1402 922 et
1423 880 1617 936 equitatu

216 942 505 983 Macedonum
527 957 574 983 ac
597 941 894 982 Thessalorum
929 940 1069 981 mittit.
1134 939 1294 980 Eorum
1327 938 1510 979 adventu
1543 937 1618 978 de-

215 1000 325 1057 pulsi
347 1001 397 1041 ab
415 1000 513 1056 iugo
534 1000 712 1040 Romani
739 1014 823 1040 non
846 1007 943 1039 ante
966 998 1222 1047 restiterunt,
1239 1012 1366 1053 quam
1388 997 1432 1036 in
1454 995 1617 1052 planio-

217 1073 305 1099 rem
328 1057 478 1098 vallem
500 1066 750 1113 perventum
773 1065 846 1097 est.
911 1055 980 1096 Ne
1004 1056 1135 1096 effusa
1156 1055 1484 1096 detruderentur
1504 1054 1615 1109 fuga,

217 1115 443 1172 plurimum
483 1115 527 1155 in
565 1115 729 1155 Aetolis
766 1114 980 1170 equitibus
1014 1113 1211 1169 praesidii
1247 1113 1338 1153 fuit.
1413 1111 1455 1152 Is
1491 1111 1616 1167 longe

218 1183 308 1214 tum
331 1173 513 1229 optimus
534 1187 664 1228 eques
692 1173 734 1212 in
761 1171 941 1212 Graecia
961 1180 1075 1212 erat:
1120 1170 1263 1226 pedite
1286 1171 1396 1211 inter
1416 1169 1618 1210 finitimos

184 1247 203 1276 g
218 1231 507 1272 vincebantur.
561 1230 734 1271 Laetior
754 1244 830 1278 reS‚
847 1244 972 1285 quam
995 1244 1071 1285 pro
1094 1243 1288 1269 successu
1310 1242 1490 1284 pugnae,
1508 1242 1619 1267 nun-

1711 1239 1749 1277 8.

219 1289 333 1338 tiata,
357 1303 488 1344 quum
511 1288 581 1329 alii
607 1302 732 1343 super
762 1287 865 1327 alios
895 1295 1159 1328 recurrentes
1190 1301 1243 1326 ex
1274 1285 1434 1341 proelio
1466 1284 1619 1325 clama·
1634 1294 1830 1325 Universum

219 1355 326 1396 rent,
348 1346 492 1402 fugere
521 1345 694 1403 pavidos
720 1345 948 1394 Romanos,
971 1344 1152 1385 invitum
1183 1352 1227 1384 et
1257 1342 1618 1392 cunctabundum,
1633 1341 1806 1369 certamen.

220 1412 263 1445 et
283 1404 495 1445 dicentem
525 1413 683 1444 temere
705 1403 809 1452 fieri,
833 1418 919 1443 non
941 1402 1078 1443 locum
1103 1402 1180 1442 sibi
1201 1401 1380 1458 placere,
1403 1416 1490 1441 non
1514 1409 1621 1441 tem-

220 1477 311 1518 pus,
334 1461 531 1518 perpulit,
552 1470 599 1502 ut
621 1461 821 1502 educeret
843 1476 988 1502 omnes
1010 1459 1150 1516 copias
1171 1459 1215 1500 in
1237 1459 1382 1500 aciem.
1435 1458 1555 1499 Idem
1579 1466 1623 1499 et

223 1520 454 1569 Romanus,
487 1519 619 1576 magis
652 1519 913 1568 necessitate,
947 1533 1074 1574 quam
1103 1517 1321 1559 occasione
1358 1531 1525 1573 pugnae
1558 1516 1623 1556 in-

222 1577 385 1627 ductus,
417 1577 529 1618 fecit.
593 1577 806 1618 Dextrum
840 1592 984 1626 cornu,
1018 1575 1253 1632 elephantis
1282 1583 1379 1616 ante
1407 1575 1526 1630 signa
1558 1574 1624 1614 in-

221 1636 402 1685 structis,
420 1635 465 1675 in
483 1635 676 1676 subsidiis
697 1634 887 1690 reliquit:
919 1634 1036 1675 laevo
1054 1649 1150 1674 cum
1173 1633 1289 1674 omni
1310 1632 1392 1673 levi
1415 1640 1625 1673 armatura

222 1693 266 1733 in
297 1693 462 1734 hostem
492 1692 630 1741 vadit3
665 1692 788 1733 simul
819 1692 1064 1741 admonens,
1090 1697 1101 1715 ‘
1118 1706 1214 1732 cum
1240 1690 1389 1731 iisdem
1420 1689 1624 1730 Macedo-

224 1756 235 1774 ‘
252 1750 375 1791 nibus
405 1760 679 1807 pugnaturos,
702 1766 808 1806 quos
839 1750 893 1790 ad
926 1749 1045 1806 Epiri
1066 1750 1219 1798 fauces,
1243 1748 1458 1789 montibus
1485 1747 1625 1787 flumi-

225 1808 460 1864 ‘nibusque
493 1817 670 1864 saeptos,
697 1808 806 1848 victa
836 1807 1016 1848 naturali
1047 1806 1293 1848 difficultate
1325 1805 1527 1854 locorum,
1551 1820 1625 1846 ex-

225 1870 237 1889 ‘
252 1865 468 1922 pulissent,
491 1866 667 1921 acieque
689 1873 1024 1922 expugnassent:
1057 1880 1153 1906 cum
1176 1865 1237 1914 iis,
1254 1878 1360 1919 quos
1381 1863 1429 1904 P.
1449 1862 1625 1918 Sulpicii

192 1944 212 1975 9
227 1929 238 1947 ⁶
253 1924 368 1980 prius
389 1924 520 1965 ductu
542 1924 791 1965 obsistentes
808 1924 852 1964 in
868 1923 1083 1964 Eordaeae
1106 1923 1224 1963 aditu
1241 1921 1448 1962 vicissent.
1498 1920 1626 1961 Fama

226 1987 238 2006 ‘
254 1982 429 2031 stetisse,
455 1997 542 2022 non
564 1981 732 2031 viribus,
757 1981 1037 2022 Macedoniae
1070 1996 1260 2036 regnum.
1325 1978 1430 2019 Eam
1453 1993 1625 2034 quoque

228 2039 407 2080 ‘famam
441 2039 613 2080 tandem
648 2039 892 2080 evanuisse.'
952 2037 1041 2078 Iam
1075 2046 1326 2093 perventum
1363 2036 1416 2077 ad
1453 2051 1548 2076 suos
1581 2035 1625 2075 in

226 2097 310 2137 ima
325 2096 429 2138 valle
454 2105 611 2137 stantes
633 2105 733 2145 erat,
750 2096 821 2152 qui
846 2095 1030 2136 adventu
1047 2095 1255 2136 exercitus
1277 2093 1625 2149 imperatorisque

227 2169 413 2210 pugnam
435 2162 650 2203 renovant,
670 2154 917 2209 impetuque
939 2154 1049 2194 facto
1070 2167 1211 2193 rursus
1231 2160 1427 2192 avertunt
1448 2150 1624 2191 hostem,

227 2211 450 2268 Philippus
481 2227 577 2252 cum
609 2211 802 2252 caetratis
834 2220 875 2252 et
906 2226 1038 2252 cornu
1068 2210 1218 2250 dextro
1248 2208 1454 2265 peditum,
1477 2209 1626 2248 robore

228 2269 499 2311 BIacedonici
525 2270 747 2318 exercitus,
771 2284 897 2325 quam
930 2268 1182 2324 phalangem
1205 2267 1423 2315 vocabant,
1447 2280 1627 2322 propero

201 2342 353 2369 xcursu
383 2327 436 2368 ad
467 2327 631 2368 hostem
663 2327 789 2368 vadit.
854 2326 1070 2375 Nicanori,
1104 2341 1157 2366 ex
1188 2324 1428 2381 purpuratis
1459 2323 1546 2372 uni,
1581 2331 1628 2363 ut

228 2400 325 2425 cum
356 2385 528 2440 reliquis
559 2385 690 2441 copiis
721 2384 940 2426 confestim
975 2392 1189 2439 sequatur,
1216 2382 1406 2438 imperat.
1470 2380 1627 2430 Primo,

229 2451 277 2483 ut
308 2443 351 2483 in
382 2443 528 2499 iugum
551 2442 692 2492 evasit,
717 2452 771 2490 et,
795 2442 1028 2482 iacentibus
1050 2441 1107 2481 ibi
1129 2440 1274 2496 paucis
1300 2440 1424 2480 armis
1445 2437 1630 2494 corpori-

229 2499 391 2557 busque
423 2500 620 2550 hostium,
652 2500 860 2556 proelium
893 2514 943 2540 eo
977 2498 1069 2540 loco
1100 2498 1239 2548 fuisse,
1272 2497 1498 2554 pulsosque
1530 2495 1630 2536 inde

278 2637 293 2668 7
317 2630 389 2666 Sed,
416 2634 452 2659 ut
481 2631 536 2669 qui
562 2631 648 2659 nihil
671 2631 795 2668 minus]
837 2631 906 2659 Rea·
950 2630 1088 2659 sidentes
1104 2630 1139 2658 in
1156 2629 1339 2659 Eordaeam
1353 2628 1475 2657 aditum
1488 2624 1633 2665 reposuit

234 2681 290 2710 pro
310 2673 365 2701 sm!
385 2682 424 2701 ex
447 2672 631 2702 coniectura
656 2672 793 2702 Iacobsii
816 2682 905 2711 repo·
954 2672 1094 2702 Bekker.
1142 2672 1227 2701 Ante
1245 2670 1447 2700 Gronovium
1467 2669 1633 2707 legebatur

233 2714 296 2744 suit
315 2713 455 2745 Bekker.
952 2715 1126 2744 obsidentes
1149 2715 1184 2743 in
1205 2714 1310 2743 eodem
1332 2714 1423 2742 aditu
1441 2711 1527 2749 quod
1545 2710 1631 2739 haud

277 2757 295 2785 8
320 2758 448 2787 Laetior
471 2767 532 2794 res,
554 2768 649 2797 quam
677 2767 738 2796 pro
761 2767 907 2788 successu
953 2756 1051 2786 dubie
1069 2755 1218 2786 vitiosum
1243 2759 1321 2785 erat.
1348 2756 1387 2785 cf.
1418 2754 1532 2793 Polyb.
1556 2751 1631 2781 xvii.

230 2801 380 2838 pamiae]
410 2799 515 2829 Aucta
539 2799 636 2829 resin
660 2800 774 2836 maius,
790 2803 822 2830 et
847 2800 909 2829 lae·
961 2808 1006 2840 19.

234 2846 296 2872 tlor
311 2841 459 2871 nuntiata
475 2841 551 2880 regi,
567 2851 662 2880 quam
686 2846 826 2881 quantus
841 2845 909 2872 erat
1002 2851 1013 2871 1
1045 2842 1100 2871 Ea*
1128 2841 1324 2881 purpuratis
1351 2840 1427 2877 uni]
1469 2838 1509 2869 cf.
1537 2837 1632 2875 Supr.

235 2894 361 2923 pugnae
378 2894 549 2914 successus.
574 2885 680 2915 Ciu-:xx
955 2893 1031 2915 xxx.
1050 2893 1100 2921 42.

264 2937 282 2966 9
301 2928 493 2957 Obsistentes
503 2928 538 2956 in
549 2927 715 2957 Eorclaeae
725 2927 833 2964 aditu]
851 2927 909 2956 Ob-
