1960 3218
153 478 170 510 5

153 1283 173 1316 6

159 1807 175 1839 ΚΥ

538 147 665 188 LIB.
700 144 921 186 XXXIII.
967 144 1116 186 CAP.
1151 149 1218 186 26.
1503 147 1580 188 107

183 240 534 297 magnificentius,
569 253 697 294 quam
736 237 849 286 alias,
885 236 996 286 facti,
1035 245 1079 277 et
1119 236 1267 277 laetius
1307 245 1480 293 propter
1519 252 1584 278 res
1599 251 1643 285 U,
1661 252 1699 284 o,
1724 252 1796 293 556·

182 298 294 340 bello
327 298 434 339 bene
468 305 603 353 gestas
635 295 824 352 spectati,
858 294 1020 350 totique
1051 302 1114 335 ter
1149 294 1391 335 instaurati:
1428 294 1584 350 plebeii
1598 296 1638 327 A·
1663 296 1701 327 C·
1727 295 1796 337 Ι96·

183 356 337 412 septies
372 354 601 396 instaurati.
666 352 738 394 M’.
764 352 928 393 Acilius
967 351 1142 393 Glabrio
1171 360 1214 392 et
1244 353 1293 393 C.
1314 351 1485 393 Laelius
1513 367 1584 393 eos

183 413 305 454 ludos
332 413 545 453 fecerunt:
581 420 623 452 et
647 411 700 451 de
729 419 903 466 argento
925 409 1158 450 multaticio
1188 409 1268 450 tria
1299 409 1418 465 signa
1439 424 1583 459 aenea,

187 470 348 519 Cereri,
372 470 627 525 Liberoque,
650 477 693 509 et
715 468 908 516 Liberae,
930 475 1173 523 posuerunt.

249 527 299 568 L.
332 527 483 568 Furius
519 536 562 568 et
598 525 660 566 M.
691 525 897 566 Claudius
935 524 1176 574 Marcellus,
1207 524 1427 566 consulatu
1463 524 1582 574 inito,
1600 536 1636 567 L.
1656 535 1754 566 Furio

183 601 315 642 quum
337 585 390 626 de
412 584 638 641 provinciis
660 592 864 639 ageretur,
883 591 925 624 et
946 582 1111 623 Italiam
1133 583 1302 638 utrique
1323 581 1584 638 provinciam
1599 579 1647 610 M
1659 577 1798 610 Claudio

183 652 351 684 senatus
379 643 638 690 decerneret,
661 650 709 682 ut
730 640 1028 682 Macedoniam
1051 655 1148 680 cum
1174 639 1296 681 Italia
1321 639 1582 689 sortirentur,
1599 622 1689 654 Coss.

184 700 426 742 tendebant.
490 698 732 748 Marcellus,
759 698 998 754 provinciae
1035 697 1240 753 cupidior,
1273 712 1420 754 pacem
1456 697 1585 739 simu-

182 757 310 799 latam
346 773 393 799 ae
425 757 612 798 fallacem
648 756 843 806 dicendo,
873 765 916 797 et
950 755 1267 805 rebellaturum,
1303 756 1337 796 si
1373 755 1585 796 exercitus

183 815 283 856 inde
311 816 556 871 deportatus
584 822 706 864 esset,
736 829 893 870 regem,
917 813 1067 854 dubios
1093 813 1326 854 sententiae
1349 812 1496 854 Patres
1524 812 1585 853 fe-

183 882 306 914 cerat.
357 873 415 914 Et
434 873 606 914 forsitan
624 872 903 913 obtinuissent
923 871 1128 921 consules,
1145 871 1190 911 ni
1211 870 1265 919 Q.
1283 870 1471 911 Marcius
1487 869 1584 911 Rex

184 939 227 972 et
251 930 301 972 C.
319 931 493 972 Atinius
524 931 682 979 Labeo,
715 929 873 971 tribuni
904 929 1052 985 plebis,
1085 944 1128 970 se
1159 929 1458 969 intercessuros
1490 927 1584 968 dix-

185 989 335 1031 issent:
369 989 414 1029 ni
435 989 550 1044 prius
572 988 651 1044 ipsi
672 988 726 1028 ad
746 987 914 1043 plebem
932 986 1136 1036 tulissent,
1155 986 1312 1027 vellent
1332 986 1582 1026 iuberentne
1599 997 1670 1028 Pax
1687 1008 1760 1028 cum

185 1061 280 1087 cum
312 1062 409 1102 rege
436 1046 636 1102 Philippo
669 1060 816 1101 pacem
851 1060 951 1085 esse.
1016 1044 1080 1085 Ea
1109 1044 1270 1100 rogatio
1301 1044 1346 1084 in
1370 1042 1583 1099 Capitolio
1598 1040 1786 1071 Macedoni-

184 1104 239 1145 ad
269 1104 436 1160 plebem
461 1103 545 1144 lata
565 1112 639 1144 est.
704 1102 865 1144 Omnes
887 1102 1076 1158 quinque
1098 1110 1142 1142 et
1163 1101 1333 1157 triginta
1354 1101 1498 1151 tribus,
1522 1100 1584 1141 uti
1596 1084 1666 1115 bus.

184 1170 366 1217 rogatae,
398 1161 619 1202 iusserunt.
684 1160 741 1200 Et
776 1175 861 1215 quo
897 1160 1029 1215 magis
1064 1174 1212 1215 pacem
1248 1168 1380 1200 ratam
1417 1173 1504 1200 esse
1539 1158 1584 1198 in
1599 1167 1715 1199 Tristis

185 1218 442 1260 BIacedonia
468 1217 594 1274 vulgo
626 1217 893 1267 laetarentur,
926 1217 1055 1258 tristis
1086 1232 1139 1257 ex
1173 1215 1380 1272 Hispania
1411 1216 1585 1257 nuntius
1598 1211 1788 1271 nuntiusuex

185 1276 334 1318 allatus
364 1276 516 1325 effecit,
538 1275 815 1331 vulgataeque
842 1274 1000 1324 literae,
1025 1281 1035 1298 ‘
1055 1273 1105 1315 C.
1129 1274 1426 1330 Sempronium
1449 1274 1586 1314 Tudi·
1601 1255 1686 1294 th
1689 1264 1773 1286 ama.

187 1340 360 1375 ‘tanum
381 1333 675 1390 proconsulem
704 1333 748 1372 in
774 1333 966 1373 citeriore
991 1331 1199 1388 Hispania
1220 1331 1380 1387 proelio
1401 1331 1582 1372 victum:

187 1397 200 1415 ‘
215 1392 448 1433 exercitum
480 1391 570 1432 eius
600 1391 739 1431 fusum
767 1390 1057 1446 fugatumque,
1081 1398 1122 1431 et
1143 1389 1297 1431 multos
1322 1388 1504 1430 illustres
1525 1389 1587 1429 vi-

187 1455 280 1491 ‘ros
316 1450 361 1490 in
396 1449 484 1490 acie
526 1448 736 1490 cecidisse.
800 1448 1077 1497 Tuditanum,
1119 1463 1216 1489 cum
1256 1447 1370 1503 gravi
1412 1446 1586 1487 vulnere

189 1512 201 1531 ‘
216 1507 395 1548 relatum
416 1522 470 1548 ex
491 1506 663 1562 proelio,
681 1505 797 1546 haud
819 1505 876 1546 ita
896 1505 1029 1546 multo
1050 1513 1145 1561 post
1165 1504 1422 1561 exspirasse.⁷
1471 1503 1587 1545 Con-

187 1564 348 1606 sulibus
370 1565 572 1605 ambobus
594 1563 716 1604 Italia
742 1563 958 1619 provincia
988 1578 1085 1604 cum
1115 1562 1179 1603 his
1211 1562 1460 1618 legionibus,
1484 1576 1588 1617 quas

188 1622 422 1678 superiores
453 1621 645 1663 consules
675 1621 932 1670 habuissent,
955 1620 1136 1670 decreta,
1159 1629 1201 1662 et
1231 1629 1278 1661 ut
1300 1627 1499 1675 quattuor
1529 1619 1589 1660 le-

188 1680 334 1735 giones
374 1694 502 1720 novas
543 1679 794 1720 scriberent:
836 1678 939 1719 duas
973 1679 1164 1727 urbanas,
1199 1677 1315 1726 duas,
1349 1692 1470 1732 quae,
1503 1691 1589 1732 quo

188 1746 357 1779 senatus
378 1737 618 1785 censuisset,
642 1735 921 1777 mitterentur.
986 1735 1042 1776 Et
1065 1735 1116 1776 T.
1137 1735 1364 1783 Quinctius
1388 1734 1589 1774 Flamini-

189 1810 268 1836 nus
289 1810 384 1836 cum
407 1794 570 1835 duabus
592 1793 826 1849 legionibus
847 1793 1105 1849 provinciam
1129 1792 1279 1833 eodem
1301 1792 1493 1833 exercitu
1514 1792 1588 1832 ob-

189 1853 323 1893 tinere
365 1852 524 1893 iussus:
568 1851 793 1907 imperium
833 1851 872 1891 ei
913 1858 1183 1906 prorogatum
1225 1850 1323 1890 satis
1364 1849 1447 1890 iam
1489 1856 1587 1889 ante

187 1910 322 1951 videri
353 1925 453 1950 esse.
516 1910 735 1950 Praetores
766 1908 921 1949 deinde
953 1908 1188 1963 provincias
1218 1907 1367 1956 sortiti,
1390 1906 1441 1947 L.
1466 1908 1589 1962 Apu-

188 1967 290 2008 stius
326 1966 447 2007 Fullo
484 1967 686 2007 urbanam
727 1965 1073 2014 iurisdietionem,
1108 1964 1182 2005 M’.
1209 1964 1373 2005 Acilius
1412 1962 1588 2004 Glabrio

188 2024 299 2065 inter
319 2024 429 2065 cives
451 2035 493 2065 et
514 2023 770 2079 peregrinos,
798 2023 851 2071 Q.
868 2022 1022 2063 Fabius
1045 2022 1183 2063 Buteo
1207 2021 1459 2076 Hispaniam
1481 2020 1590 2061 ulte-

189 2082 355 2131 riorem,
382 2082 435 2129 Q.
456 2081 674 2121 Minucius
696 2080 907 2121 Thermus
939 2079 1190 2128 citeriorem,
1217 2078 1267 2119 C.
1288 2078 1460 2119 Laelius
1485 2077 1590 2119 Sici-

189 2139 302 2189 liam,
326 2139 391 2179 Ti.
411 2138 684 2194 Sempronius
707 2138 880 2193 Longus
915 2136 1162 2177 Sardiniam.
1231 2135 1283 2183 Q.
1304 2135 1433 2176 Fabio
1457 2135 1590 2176 Bute-

191 2196 261 2237 oni
283 2204 326 2237 et
350 2196 402 2244 Q.
422 2195 628 2244 Minucio,
652 2196 805 2251 quibus
828 2194 1060 2250 Hispaniae
1084 2193 1323 2249 provinciae
1347 2200 1587 2241 evenerant,

191 2253 382 2295 consules
411 2253 596 2309 legiones
617 2252 801 2308 singulas
823 2267 875 2293 ex
898 2260 1098 2307 quattuor
1128 2251 1179 2291 ab
1212 2265 1253 2291 se
1286 2250 1461 2305 scriptis,
1486 2265 1589 2306 quas

190 2311 415 2360 videretur,
439 2311 500 2351 uti
522 2311 683 2359 darent,
707 2310 924 2350 decretum
947 2318 1036 2357 est3
1071 2317 1113 2349 et
1141 2308 1300 2348 socium
1330 2322 1377 2348 ac
1406 2307 1588 2348 nominis

191 2368 335 2409 Latini
366 2377 570 2424 quaterna
611 2367 741 2407 millia
776 2367 982 2422 peditum,
1014 2374 1205 2406 trecenos
1239 2365 1428 2420 equites:
1473 2365 1588 2420 iique

1666 1912 1732 1951 26.

237 2488 253 2520 5
279 2481 401 2517 Cereri,
413 2482 599 2521 Liberoque,
612 2485 641 2511 ec
655 2481 806 2518 Liberae]
827 2480 865 2510 ef.

194 2523 288 2562 Supr.
305 2523 348 2553 iii.
366 2531 415 2561 55.

959 2486 974 2518 7
1000 2480 1080 2509 (funi
1102 2480 1228 2509 (inaltus
1249 2480 1444 2517 [efflantibus]
1476 2479 1589 2508 Assen-

913 2522 991 2551 titur
1022 2521 1310 2551 lmikcnborchius
1336 2520 1510 2558 Crevierio,
1534 2521 1589 2559 qui

236 2564 255 2596 6
279 2567 313 2597 C.
330 2567 555 2605 Sempronium
578 2566 775 2595 Tuditanum
795 2576 868 2604 pro-

193 2609 368 2645 consulem]
397 2609 469 2638 Imo
487 2612 678 2646 praetorem,
694 2611 727 2637 ut
743 2611 868 2637 constat

195 2660 280 2689 supr.
308 2650 408 2680 xxxii.
438 2652 486 2680 28.
543 2651 650 2689 Atque
682 2650 742 2679 hoe
774 2651 869 2679 modo

196 2691 311 2731 legitur
326 2692 357 2721 in
381 2692 522 2731 epitome
543 2692 640 2722 huius
657 2692 736 2722 libri.
762 2692 869 2723 ΟΜΝ.

196 2734 482 2764 Drakenborehius
509 2734 592 2764 eirca
619 2735 697 2764 haec
725 2738 871 2772 tempora

195 2777 227 2806 id
253 2777 459 2815 praecipuum
484 2777 665 2815 provinciae
689 2776 868 2815 Hispaniae

196 2819 308 2848 datum
343 2828 409 2848 esse
444 2819 618 2855 existimat,
650 2823 683 2848 nt
719 2830 866 2858 promae<

197 2861 319 2891 toribus
349 2861 378 2889 in
410 2870 480 2890 cam
513 2860 615 2890 missis
650 2862 781 2891 daretur
811 2861 867 2891 im-

198 2903 320 2942 perium
340 2903 574 2941 proconsulare.

914 2565 972 2594 has
989 2575 1092 2601 voceS,
1109 2568 1223 2603 utpote
1243 2563 1374 2593 omnino
1392 2563 1520 2599 otiosas,
1537 2564 1590 2593 dc-

914 2607 1026 2637 lendas
1043 2611 1161 2637 censet.
1210 2607 1253 2636 Et
1270 2606 1401 2645 quidem
1420 2606 1590 2635 Drakenb.

916 2649 1064 2679 videntur
1104 2649 1233 2679 additae
1272 2648 1380 2683 fuisse,
1419 2651 1590 2687 postquam

917 2702 976 2721 vox
994 2693 1148 2727 urbanas,
1161 2701 1256 2730 quam
1277 2690 1441 2729 Kreyssig.
1455 2694 1487 2720 et
1505 2690 1590 2719 Bek-

915 2734 983 2763 ker.
1010 2738 1231 2772 reposuerunt,
1258 2734 1305 2763 vel
1333 2733 1397 2762 tale
1423 2732 1511 2770 qnid,
1537 2743 1589 2762 ex-

914 2776 1047 2810 ciderat,
1078 2780 1113 2806 ut
1141 2776 1185 2806 ita
1218 2778 1390 2812 constaret,
1421 2775 1461 2804 ad
1493 2784 1588 2812 quem

914 2828 1005 2848 usum
1038 2819 1121 2848 duae
1156 2819 1298 2857 reliquae
1331 2817 1481 2856 legiones,
1512 2826 1591 2855 quas

914 2861 1061 2890 eonsules
1110 2861 1376 2900 conscripserant,
1426 2858 1590 2889 adhibitae

911 2902 1043 2933 suerint.
