1960 3218
544 195 670 236 LIB.
706 194 926 236 XXXIX.
964 194 1110 236 CAP.
1149 198 1211 236 14.
1499 197 1582 235 389

181 284 322 327 ‘tinae
353 300 450 327 611111
481 294 664 326 amatore
695 299 930 326 sermonem
960 284 1002 325 in
1031 299 1120 326 rem
1147 299 1234 325 non
1262 283 1411 325 seriam
1437 282 1577 332 modo,
1596 290 1640 321 U.
1657 289 1695 321 C.
1717 287 1790 327 566·

182 347 194 366 ⁶
209 343 283 384 sed
312 343 532 400 capitalem
561 343 701 407 etiam,
724 342 830 383 verti
852 342 1002 384 vellet.
1036 357 1079 383 56
1108 341 1295 383 terrendi
1323 342 1412 382 cius
1440 334 1632 390 601150,Α·
1657 332 1694 364 O.
1721 330 1790 363 186.

182 405 195 424 ⁶
211 416 297 442 11011
326 417 410 458 quo
438 401 563 442 sciret
591 400 832 456 quicquam,
855 416 905 441 ea
932 400 1115 441 locutam
1141 415 1241 440 6556.
1247 399 1256 417 ’
1318 398 1401 440 Hic
1427 399 1579 440 Postu-

181 458 290 500 mius
311 474 510 500 accensus
530 459 603 508 ira,
638 464 649 482 ⁶
667 458 781 499 Tum
803 458 999 514 quoque,’
1020 458 1090 507 ait,
1125 462 1137 481 ⁶
1153 472 1244 499 eam
1271 472 1368 498 cum
1390 457 1579 498 Aebutio

184 521 254 557 (56
290 525 474 558 amatore
511 515 694 558 cavillari
731 516 914 566 credere,
952 531 1039 557 non
1075 515 1119 556 in
1154 515 1280 556 domo
1312 514 1579 571 gravissimae

183 573 390 615 ‘feminae
419 581 461 615 et
488 589 585 615 cum
613 574 784 615 consule
812 573 955 630 loqui.
969 574 977 591 ⁷
1008 581 1050 615 et
1079 572 1266 629 Sulpicia
1292 572 1481 614 attollere
1506 587 1581 628 pa-

181 641 377 681 ventem3
410 631 533 673 simul
564 632 677 673 illam
709 631 932 681 adhortari,
965 631 1090 672 simul
1120 631 1224 672 iram
1255 630 1401 687 generi
1433 629 1578 671 lenire.

182 664 378 730 Tandem
396 690 654 740 confirmata,
677 690 895 731 multum
886 705 1014 731 1116115·
1008 698 1075 731 1ῖο
1095 689 1273 754 perfidia
1294 687 1484 738 Aebutii,
1507 687 1582 743 qui

181 747 330 803 optimi
352 748 396 788 in
417 763 467 789 60
489 748 579 804 ipso
601 748 740 789 meriti
763 747 886 789 talem
904 747 1080 804 gratiam
1097 745 1319 796 retulisset,
1344 752 1356 769 ⁶
1370 745 1581 802 Magnum

183 806 290 847 ‘sibi
326 815 486 847 metum
523 806 712 856 deorum,
747 821 927 862 qu01um
963 805 1128 847 occulta
1168 805 1289 845 initia
1328 804 1581 853 enuntiaret,

185 863 413 905 ‘maiorem
445 863 604 914 multo,’
634 864 755 913 dixit,
802 863 1050 905 ‘hominum
1081 878 1183 913 esse,
1217 862 1291 919 qui
1321 877 1364 903 se
1397 835 1583 902 indiceni

185 926 197 944 ⁶
214 922 406 963 manibus
427 922 511 962 suis
527 922 777 978 discerpturi
799 930 949 963 essent.
998 921 1148 978 Itaque
1170 922 1250 962 hoc
1271 936 1313 962 se
1339 919 1582 977 Sulpiciam,

186 979 294 1021 ‘hoc
324 979 541 1021 consulem
572 995 706 1045 01Ηο16,
726 988 772 1021 ut
803 995 845 1021 56
875 988 993 1021 extra
1021 978 1186 1020 Italiam
1214 978 1356 1034 aliquo
1385 977 1586 1019 amanda-

186 1042 198 1060 ⁶
213 1046 321 1087 rent,
344 1038 417 1079 ubi
437 1037 648 1094 leliquum
669 1038 777 1079 vitae
799 1037 952 1094 degere
976 1046 1067 1079 tuto
1088 1044 1238 1093 posset.
1300 1035 1422 1077 Bono
1443 1035 1585 1076 animo

186 1095 321 1136 ⁶esse’
352 1095 496 1136 iubere
534 1096 672 1137 ‘eam'
703 1095 862 1146 consul,
895 1104 950 1145 et,
997 1095 1102 1136 ‘sibi
1133 1109 1256 1136 curae
1285 1094 1398 1159 fore,’
1430 1093 1583 1143 dicere,

187 1158 262 1194 ‘ut
285 1153 447 1195 Romae
471 1162 561 1195 tuto
586 1153 820 1195 habitaret?
881 1127 994 1195 Τ1101
1017 1152 1194 1209 Hispala
1218 1152 1422 1208 originem
1449 1166 1585 1192 sacro-
1600 1158 1765 1189 Indicium

185 1226 279 1252 rum
301 1211 522 1268 expromit.
573 1217 584 1235 ⁶
600 1212 743 1253 Primo
764 1211 988 1252 sacrarium
1010 1211 1055 1252 id
1076 1211 1327 1252 feminarum
1347 1209 1487 1259 fuisse,
1505 1225 1584 1250 nec
1600 1201 1770 1242 Hispalae.

187 1274 199 1292 ⁶
212 1284 471 1325 quemquam
487 1269 623 1310 virum
645 1285 694 1310 eo
716 1269 881 1310 admitti
903 1269 1082 1310 solitum.
1132 1268 1269 1310 Tres
1260 1284 1303 1308 10
1325 1283 1436 1309 anno
1457 1276 1586 1309 statos

187 1332 199 1350 ⁶
216 1327 305 1368 dies
334 1327 539 1392 habuisse,
563 1327 715 1383 quibus
747 1327 932 1368 interdiu
962 1326 1140 1368 Bacchis
1168 1326 1447 1367 initiarentur.
1514 1325 1588 1366 Sa-

156 1401 172 1421 2
188 1390 199 1409 ⁶
215 1384 438 1426 cerdotes
428 1400 472 1425 10
494 1385 628 1426 vicem
652 1393 862 1426 matronas
887 1385 1018 1426 creari
1039 1384 1190 1425 solitas.
1254 1383 1469 1424 Pacullam
1495 1383 1588 1424 An-

188 1448 199 1466 ⁶
215 1443 330 1483 niam
383 1442 646 1499 Campanam
696 1443 954 1484 sacerdotem
1006 1442 1159 1508 onmia,
1208 1450 1409 1506 tanquam
1459 1441 1586 1482 deum

188 1501 393 1550 ⁶monitu,
436 1501 688 1542 immutasse.
769 1501 881 1542 Nam
920 1510 962 1542 et
997 1500 1105 1541 viros
1147 1515 1239 1541 6001
1279 1514 1458 1556 prunam
1494 1514 1589 1540 suos

190 1558 324 1599 ‘filios
357 1559 554 1608 initiasse,
580 1559 768 1600 Minium
794 1568 836 1600 et
871 1558 1138 1599 Herennium
1165 1557 1406 1598 Cerrinios·
1441 1566 1483 1598 et
1513 1572 1590 1598 no-

191 1622 415 1658 ‘cturnum
444 1631 606 1657 sacrum
640 1632 662 1657 e
697 1616 884 1665 diurno,
896 1625 939 1657 et
969 1631 1044 1680 pio
1071 1615 1237 1656 tribus
1228 1631 1270 1655 10
1298 1630 1409 1656 anno
1441 1615 1590 1656 diebus

191 1675 370 1730 ‘quinos
399 1673 572 1731 singulis
601 1675 814 1715 mensibus
836 1674 925 1715 dies
953 1674 1170 1714 initiorum
1192 1673 1347 1714 fecisse.
1413 1672 1480 1713 Ex
1503 1688 1588 1728 quo

191 1738 202 1756 ⁶
219 1733 262 1772 in
284 1732 521 1788 promiscuo
543 1747 658 1773 3ε·1610
678 1732 773 1782 sint,
799 1741 842 1773 et
866 1731 1067 1788 permixti
1090 1731 1166 1771 viri
1189 1730 1368 1780 feminis,
1391 1738 1434 1771 et
1455 1729 1590 1771 noetis

193 1796 203 1813 ⁶
219 1789 390 1831 licentia
410 1790 640 1840 0666356111,
664 1790 771 1830 nihil
796 1790 853 1831 ibi
878 1789 1085 1838 facinoris,
1109 1788 1216 1829 nihil
1237 1788 1383 1844 fiagitii
1406 1797 1591 1844 praeter-

193 1853 204 1871 ⁶
221 1848 404 1889 missum.
454 1848 582 1889 Plura
602 1848 785 1890 virorum
807 1848 918 1889 inter
938 1862 1041 1896 sese,
1064 1861 1192 1902 quam
1214 1846 1478 1895 feminamm,
1502 1860 1590 1886 esse

193 1911 374 1962 ⁶.stupra
421 1905 465 1947 Si
486 1906 560 1962 qui
581 1906 720 1947 minus
741 1906 950 1971 patientes
972 1904 1190 1946 dedecoris
1212 1904 1308 1953 sint,
1327 1913 1369 1945 et
1389 1903 1592 1960 pigriores

194 1963 275 2005 ‘ad
310 1963 483 2014 facinus,
521 1979 597 2020 pro
634 1964 812 2005 victimis
848 1962 1081 2004 immolari:
1127 1961 1234 2002 nihil
1270 1962 1386 2002 nefas
1422 1962 1590 2010 ducere,

195 2021 330 2063 ‘hanc
366 2037 572 2062 summam
608 2022 718 2062 inter
753 2037 824 2063 eos
860 2020 1106 2076 religionem
1143 2034 1243 2061 6556.
1307 2019 1443 2083 Viros,
1477 2018 1593 2059 velut

196 2084 207 2102 ⁶
223 2088 364 2120 mente
392 2088 527 2135 capta,
550 2094 647 2120 cum
678 2079 901 2120 iactatione
929 2079 1110 2119 fanatica
1136 2092 1207 2118 601
1210 2092 1322 2133 pons
1346 2076 1589 2117 vaticinari·
1581 2108 1590 2124 ,

196 2122 208 2160 ⁶
224 2145 433 2178 matronas
456 2136 718 2178 Baccharum
744 2137 891 2178 habitu
913 2136 1098 2177 crinibus
1119 2135 1269 2191 sparsis
1290 2150 1386 2176 cum
1409 2133 1594 2175 ardenti-

197 2199 208 2218 ‘
224 2195 302 2235 bus
327 2194 349 2234 f
343 2194 484 2235 1611)(15
509 2194 730 2236 decurrere
760 2195 812 2235 ad
836 2194 1039 2242 Tiberim,
1062 2192 1382 2248 demissasque
1372 2207 1416 2232 10
1441 2206 1594 2247 aquam

166 2258 183 2289 3
198 2257 209 2275 (
225 2251 347 2301 faces,
371 2252 471 2307 quia
491 2252 632 2293 vivum
654 2251 946 2308 sulphureum
969 2251 1082 2292 calce
1109 2250 1221 2299 insit,
1244 2251 1407 2305 integra
1428 2250 1596 2290 flamma

199 2309 385 2350 ⁶efferre.
451 2309 612 2366 Raptos
641 2325 664 2350 a
691 2309 771 2350 diis
798 2309 990 2350 homines
1015 2309 1112 2357 dici,
1136 2322 1241 2363 quos
1270 2307 1487 2348 machinae
1515 2306 1596 2347 illi-

199 2372 342 2423 ‘gatos
364 2382 416 2408 ex
439 2376 667 2432 conspectu
692 2367 735 2408 in
765 2367 928 2408 abditos
954 2382 1102 2422 specus
1125 2366 1359 2421 abripiant:
1394 2380 1464 2406 eos
1493 2379 1594 2413 6556,

200 2425 310 2490 ‘qui‘
338 2433 410 2466 aut
443 2425 673 2473 coniurare,
709 2434 781 2466 aut
816 2424 964 2465 sociari
996 2423 1262 2472 facinoribus,
1298 2430 1370 2463 aut
1405 2431 1596 2478 stuplum

201 2482 315 2538 ‘pati
356 2482 581 2524 noluerint.
657 2482 983 2524 BIultitudinem
1026 2482 1256 2537 ingentem,
1294 2480 1470 2522 alterum
1514 2494 1597 2520 1010

202 2545 358 2595 ‘prope
381 2540 583 2597 populum
610 2555 724 2581 esse:
759 2540 803 2580 in
832 2540 896 2580 1115
924 2539 1085 2580 nobiles
1112 2538 1316 2595 quosdam
1342 2538 1451 2578 viros
1478 2537 1598 2578 femi-

203 2603 214 2620 ‘
231 2612 273 2637 n
260 2612 400 2661 0511116.
465 2598 646 2639 Biennio
672 2598 864 2655 proximo
886 2598 1125 2638 institutum
1152 2611 1253 2645 csse,
1277 2611 1330 2636 116
1353 2596 1445 2651 quis
1468 2595 1600 2636 maim

204 2660 215 2678 ⁶
231 2654 380 2709 viginti
402 2655 522 2696 annis
542 2655 799 2697 initiaretur.
824 2655 980 2711 captari
998 2663 1074 2695 aet·
1068 2663 1154 2696 ites
1170 2663 1212 2695 et
1234 2653 1383 2695 erroris
1404 2662 1446 2694 et
1466 2652 1598 2708 stupri

205 2712 466 2768 ‘patientes'
541 2712 717 2766 Peracto
767 2713 938 2763 indicio,
985 2712 1182 2754 advoluta
1231 2727 1371 2752 rursus
1421 2710 1599 2767 genibus
1682 2715 1745 2753 14.

251 2849 267 2869 2
292 2841 333 2869 In
352 2840 466 2877 ricem]
494 2839 558 2869 Per
574 2836 668 2870 vices.
929 2844 972 2876 et,
988 2850 1088 2879 quum
1113 2840 1280 2877 globosum
1307 2842 1339 2869 ct
1364 2838 1501 2869 solidum
1528 2838 1602 2867 effo-

251 2891 267 2921 3
293 2884 405 2913 Vivum
420 2883 576 2921 sulphur]
596 2883 781 2912 Secundum
797 2882 882 2914 Plin.
929 2883 1027 2919 ditur,
1051 2882 1235 2914 avidissime
1262 2883 1426 2913 1100110010
1453 2880 1604 2919 concipit.

209 2925 254 2955 ΙΙ.
278 2925 322 2955 N.
345 2935 441 2955 xxxx'.
470 2933 515 2962 15.
546 2925 651 2955 vivum
676 2925 813 2963 sulphur
836 2928 884 2955 est
931 2925 1125 2957 'rum-mnus.

210 2967 302 3006 illud,
319 2968 404 3006 quod
425 2967 531 3007 ignem
554 2978 617 2999 non
637 2972 683 2999 est
702 2970 885 3007 expertum,
