1960 3218
330 130 417 168 480
862 128 1009 172 ΤΙΤΙ
1047 129 1226 173 LIVII

290 225 492 272 3.quanto
523 232 619 258 cum
650 218 836 274 periculo
868 234 943 261 suo
973 219 1183 263 hereditas
1207 221 1326 278 regni
1349 230 1524 265 ventura
1544 231 1652 264 esset
1672 222 1727 264 ad

289 279 318 310 9·
332 274 498 325 Persea,
521 283 568 316 ut
588 275 770 331 primum
792 276 930 318 labare
952 278 1140 319 animum
1161 279 1281 335 regis,
1304 289 1346 320 et
1367 279 1639 336 ingemiscere
1661 281 1727 321 in-

332 332 499 374 terdum
529 333 605 374 filii
636 333 844 376 desiderio
876 335 1026 385 sensit3
1061 351 1174 377 nunc
1194 337 1435 393 praebendo
1456 353 1588 387 aures,
1611 353 1725 379 nunc

331 389 574 432 lacessendo
596 391 722 432 etiam
753 393 1012 434 mentionem
1043 394 1104 434 rei
1135 403 1292 436 temere
1324 404 1454 445 actae,
1477 411 1599 452 saepe
1622 411 1726 452 que-

332 448 442 489 renti
464 463 644 504 querens
665 458 708 490 et
729 450 815 506 ipse
838 450 1003 492 aderat:
1040 461 1095 501 et,
1118 468 1250 508 quum
1273 453 1404 494 multa
1423 453 1598 494 assoleat
1619 454 1727 494 veri-

333 514 393 546 tas
414 507 612 562 praebere
634 508 810 564 vestigia
830 508 906 557 sui,
926 509 1039 549 omni
1062 525 1140 565 ope
1163 510 1398 560 adiuvabat,
1417 526 1501 567 quo
1523 511 1726 552 maturius

332 564 474 605 omnia
504 575 758 606 emanarent.
825 565 1016 622 Suspecti
1047 577 1089 608 et
1121 567 1300 608 ministri
1323 568 1528 619 facinoris,
1552 569 1759 625 Apelles4

332 622 514 663 maxime
547 631 590 663 et
621 622 841 673 Philocles,
875 632 1016 672 erant3
1056 624 1130 680 qui
1167 624 1348 665 Romam
1384 625 1510 681 legati
1545 626 1726 676 fuerant,

331 678 555 736 literasque
585 680 774 721 exitiales
798 681 1016 722 Demetrio
1048 682 1124 722 sub
1156 683 1326 723 nomine
1358 683 1584 724 Flaminini
1615 694 1726 725 attu-

185 739 252 778 55.
331 736 478 778 lerant.
542 737 681 778 Falsas
702 754 803 787 esse,
827 747 870 779 et
890 754 914 779 a
934 739 1068 780 scriba
1088 740 1266 790 vitiatas,
1290 740 1540 796 signumque
1563 742 1726 783 adulte-

332 794 485 844 rinum,
508 794 633 851 vulgo
656 795 699 836 in
716 796 831 851 regia
850 796 1095 838 fremebant.
1147 797 1363 848 Ceterum,
1383 814 1515 854 quum
1536 808 1727 855 suspecta

332 852 476 908 magis,
499 868 626 908 quam
657 854 889 903 manifesta,
913 863 1021 895 esset
1048 871 1124 904 res,
1154 856 1259 897 forte
1292 855 1471 913 Xychus
1502 857 1648 898 obvius
1679 857 1756 903 fit5

333 910 566 966 Antigono,
585 911 996 968 comprehensusque
1020 914 1070 953 ab
1088 928 1137 954 eo
1159 913 1201 953 in
1223 914 1380 970 regiam
1403 924 1465 956 est
1485 915 1723 971 perductus.

333 967 500 1009 Relicto
531 984 582 1010 eo
613 969 869 1020 custodibus,
893 970 1135 1026 Antigonus
1161 971 1215 1012 ad
1236 971 1483 1028 Philippum
1510 973 1723 1029 processit.

121 1032 280 1079 Ipnocen-
334 1030 345 1048 ‘
363 1025 539 1076 Multis,’
560 1027 711 1083 inquit,
736 1028 1020 1069 ‘sermonibus
1051 1029 1305 1070 intellexisse
1327 1030 1483 1080 videor,
1507 1046 1658 1087 magno
1685 1039 1725 1072 te

119 1078 169 1146 pq
184 1075 302 1148 Dethe-
335 1088 346 1106 ‘
362 1084 689 1134 aestimaturum,
713 1085 745 1125 si
767 1085 871 1126 scire
893 1101 991 1127 vera
1012 1087 1152 1127 onmia
1172 1087 1302 1143 possis
1324 1088 1375 1129 de
1398 1088 1494 1129 filiis
1515 1089 1610 1138 tuis,
1632 1097 1728 1130 uter

136 1127 171 1146 ru
187 1128 259 1157 agm
276 1129 304 1150 a.
333 1146 345 1164 ‘
361 1141 412 1182 ab
434 1150 528 1183 utro
549 1143 705 1198 petitus
725 1143 870 1184 fraude
893 1152 935 1184 et
956 1144 1116 1185 insidiis
1138 1153 1256 1186 esset.
1323 1145 1466 1187 Homo
1496 1162 1605 1188 unus
1637 1162 1727 1187 om-

333 1204 345 1222 ‘
361 1199 492 1249 nium,
516 1200 590 1256 qui
620 1200 780 1241 nodum
811 1201 936 1242 huius
967 1203 1115 1243 erroris
1141 1203 1353 1244 exsolvere
1380 1204 1520 1260 possit,
1543 1205 1587 1245 in
1607 1213 1727 1260 pote-

333 1262 464 1298 ‘state
495 1266 567 1298 tua
598 1267 660 1299 est
687 1258 876 1315 Xychus.
940 1259 1063 1300 Forte
1096 1260 1282 1302 oblatum
1312 1262 1649 1318 perductumque
1681 1262 1725 1302 in

332 1320 345 1338 ‘
360 1315 517 1371 regiam
546 1316 684 1356 vocari
712 1317 837 1357 iube.’
898 1316 954 1357 Et
986 1318 1191 1359 adductus
1222 1319 1357 1374 primo
1388 1320 1446 1360 ita
1476 1335 1629 1375 negare
1660 1320 1726 1360 in-

331 1382 582 1422 constanter,
606 1382 665 1422 ut,
687 1389 815 1429 parvo
846 1383 961 1415 metu
987 1375 1169 1425 admoto,
1197 1373 1391 1431 paratum
1420 1377 1604 1418 indicem
1635 1393 1723 1418 esse.

330 1439 561 1486 appareret.
628 1431 915 1487 Conspectum
947 1433 1112 1473 tortoris
1143 1434 1448 1490 verberumque
1482 1450 1567 1476 non
1602 1435 1721 1476 susti-

330 1489 446 1529 nuit:
481 1488 757 1545 ordinemque
775 1505 943 1529 omnem
959 1490 1154 1531 facinoris
1170 1491 1401 1546 legatorum
1419 1492 1723 1548 ministeriique

330 1546 394 1586 sui
426 1546 630 1601 exposuit.
696 1546 922 1602 Extemplo
954 1548 1079 1597 missi,
1103 1548 1175 1603 qui
1206 1548 1364 1604 legatos
1395 1550 1726 1606 comprehende-

330 1611 436 1652 rent,
459 1603 706 1653 Philoclem,
730 1604 807 1660 qui
834 1620 1028 1660 praesens
1058 1615 1158 1655 erat,
1182 1616 1500 1663 oppresserunt:
1536 1607 1723 1664 ApelleS,

330 1661 478 1702 missus
528 1661 580 1702 ad
624 1661 859 1703 Chaeream
901 1663 1113 1718 quendam
1163 1665 1515 1720 persequendum,
1567 1665 1724 1706 indicio

330 1718 475 1775 Xychi
496 1719 652 1769 audito,
674 1720 718 1760 in
742 1719 907 1761 Italiam
939 1721 1110 1762 traiecit.
1174 1722 1242 1763 De
1265 1723 1454 1764 Philocle
1486 1723 1590 1763 nihil
1622 1723 1723 1764 certi

329 1776 546 1832 vulgatum
568 1786 640 1818 est.
704 1777 793 1818 Alii
823 1778 959 1834 primo
990 1779 1204 1819 audaciter
1234 1790 1472 1836 negantem,
1501 1790 1723 1836 postquam

328 1834 373 1874 in
395 1844 667 1891 conspectum
698 1835 904 1876 adductus
926 1836 978 1876 sit
999 1835 1191 1893 Xychus,
1214 1852 1298 1878 non
1331 1837 1439 1879 ultra
1467 1838 1720 1886 tetendisse3

330 1892 398 1932 alii
421 1900 630 1933 tormenta
650 1893 775 1933 etiam
796 1893 1049 1934 infitiantem
1077 1910 1319 1950 perpessum
1342 1896 1558 1936 affirmant.
1621 1895 1725 1936 Phi-

329 1949 446 2006 lippo
467 1950 775 2006 redintegratus
802 1960 864 1992 est
895 1950 1031 1992 luctus
1061 1953 1404 2008 geminatusque:
1440 1962 1483 1994 et
1503 1953 1724 1994 infelicita-

331 2015 417 2048 tem
445 2023 562 2049 suam
593 2008 637 2048 in
668 2008 808 2049 liberis
838 2009 1084 2065 graviorem,
1107 2010 1222 2066 quod
1243 2010 1346 2052 alter
1369 2011 1557 2067 perisset,
1580 2021 1757 2053 oense-6

183 2063 250 2102 56.
330 2065 411 2106 bat.
474 2065 667 2115 Perseus,
690 2067 842 2107 certior
862 2067 994 2108 factus
1023 2069 1163 2108 omnia
1187 2068 1352 2109 detecta
1379 2084 1481 2119 esse,
1513 2068 1724 2124 potentior

331 2123 503 2179 quidem
525 2132 626 2173 erat,
649 2139 777 2179 quam
808 2132 855 2166 ut
884 2125 1026 2180 fugam
1059 2126 1333 2167 necessariam
1361 2127 1545 2168 duceret.
1609 2126 1649 2167 T
1651 2141 1725 2167 an-

331 2190 434 2231 tum,
464 2191 511 2222 ut
541 2181 687 2237 procul
718 2182 892 2231 abesset,
915 2184 1099 2233 curabat,
1128 2184 1298 2225 interim
1318 2184 1433 2226 velut
1455 2185 1505 2226 ab
1527 2183 1725 2225 incendio

330 2239 543 2295 flagrantis
564 2239 661 2289 irae,
685 2239 786 2280 dum
810 2240 1031 2296 Philippus
1052 2241 1224 2291 viveret,
1258 2257 1300 2283 se
1332 2242 1601 2283 defensurus:
1636 2241 1723 2297 qui,

329 2311 401 2352 spe
432 2296 628 2353 potiundi
661 2297 715 2338 ad
745 2313 926 2354 poenam
958 2299 1142 2355 corporis
1173 2300 1263 2341 eius
1294 2296 1455 2350 amissa,
1482 2299 1598 2356 quod
1628 2298 1725 2340 reli-

122 225 263 265 U.C.5

120 269 150 298 A
186 268 213 300 C

271 233 286 264 7

153 291 161 299 .
216 276 286 308 ,ιγ

375 2438 393 2464 4
416 2428 563 2466 Suspecti
592 2433 623 2459 et
655 2429 796 2459 ministri
823 2430 1003 2468 facinoris]
1052 2441 1161 2461 sumus
1181 2431 1268 2461 hunc
1294 2430 1451 2470 Xychum
1473 2429 1569 2459 fuisse
1590 2427 1726 2459 scribam

333 2468 440 2498 Possis
460 2470 591 2508 quidem
615 2471 778 2511 explicare
802 2472 862 2502 hoc
887 2474 1004 2503 modo:
1052 2474 1158 2511 illum,
1184 2473 1238 2512 qui
1268 2474 1365 2502 modo
1392 2476 1588 2502 memoratus
1615 2476 1663 2501 est
1690 2471 1725 2501 li-

332 2510 567 2549 suspicionibus
583 2524 710 2552 quoque
732 2515 925 2544 odorabatur
942 2516 1006 2545 An·
1052 2520 1136 2545 teras
1152 2516 1299 2545 exitiales
1317 2514 1484 2544 Demetrio
1501 2516 1540 2544 ab
1559 2515 1677 2553 Apelle
1693 2518 1725 2544 et

332 2553 470 2592 tigonus,
508 2555 639 2593 quinam
684 2556 821 2586 ministri
859 2557 1008 2587 facinoris
1054 2559 1202 2588 Philocle
1228 2556 1340 2596 legatis
1367 2558 1424 2587 sub
1449 2557 1579 2587 nomine
1606 2557 1724 2587 Flami-

333 2595 477 2626 fuissent.
537 2597 642 2635 Magis
686 2602 794 2628 tamen
840 2600 981 2638 placeret
996 2611 1003 2630 :
1050 2600 1117 2630 nini
1134 2601 1250 2630 allatas
1268 2599 1404 2630 vitiasse.
1440 2600 1489 2629 Eo
1506 2601 1629 2630 ducunt
1645 2600 1724 2629 hacc

333 2640 470 2678 suspecti
483 2649 522 2669 ω’
537 2641 693 2670 ministris
701 2641 864 2678 facinoris
876 2643 1006 2680 Apelles
1051 2653 1132 2681 quae
1155 2653 1229 2672 mox
1252 2646 1425 2680 sequentur
1441 2644 1535 2673 verba
1550 2654 1556 2673 :
1582 2643 1725 2673 ordinem.

333 2682 470 2712 mawime
507 2686 537 2712 et
570 2683 728 2713 Philocles
761 2688 864 2714 erant.
900 2686 1006 2715 (λων.
1052 2708 1059 2714 .
1077 2708 1084 2715 .
1102 2708 1108 2715 .
1137 2695 1255 2715 omnem
1276 2686 1439 2723 facinoris
1465 2687 1639 2725 (effatorum
1667 2685 1724 2714 mi-

339 2725 381 2754 m
397 2725 536 2754 ministri
554 2725 695 2764 reposuit
714 2725 855 2755 Bekker.
1050 2728 1240 2767 nisteriiqm’
1255 2729 1316 2758 sui.
1341 2729 1446 2758 CREV.

379 2774 395 2804 5
420 2767 571 2805 Xychus]
610 2767 694 2802 (Quis
723 2767 777 2797 ille
809 2768 858 2802 sit.
890 2772 920 2798 et
952 2779 1008 2799 cur
1094 2769 1113 2799 6
1139 2772 1230 2806 Qum!
1258 2772 1340 2800 alter
1367 2772 1518 2810 perisset]
1562 2769 1723 2800 Emenda-

337 2809 521 2847 planissime
538 2813 644 2839 nosset
659 2809 802 2840 ordinem
820 2811 1006 2841 insidiarum
1052 2812 1171 2842 tionem
1186 2813 1304 2843 Mureti
1317 2818 1506 2853 superesset,
1522 2823 1563 2844 se.
1581 2813 1725 2848 Perseus,

336 2851 367 2880 in
396 2851 611 2889 Demetrium,
637 2853 792 2883 debuerat
820 2853 931 2884 Livius
955 2864 1008 2884 cx-
1054 2855 1086 2886 in
1103 2859 1229 2886 textum
1247 2855 1366 2895 reecpit
1384 2856 1525 2887 Bekker.

337 2904 465 2932 ponere.
512 2895 589 2925 Non
616 2895 726 2935 inopte
752 2895 905 2935 suspicari
938 2907 1007 2936 pos-

1940 293 1947 442 ,οι--..ι’
