1960 3218
553 134 681 177 LIB.
715 133 938 178 XXXIX.
981 135 1129 177 CAP.
1163 139 1231 177 34.
1508 139 1593 177 409

196 223 456 275 mandatum,
484 232 532 266 ut
561 225 613 267 ab
644 225 770 267 Aeno
791 232 834 266 et
856 224 1064 268 Maronea
1093 225 1302 283 praesidia
1331 225 1594 268 deduceren-

197 291 277 332 tur,
301 283 591 338 maritimaque
614 283 749 323 omnis
772 283 979 325 Thraciae
1011 299 1083 325 ora
1113 299 1137 325 a
1161 284 1361 341 Philippo
1382 293 1426 325 et
1449 284 1594 326 Mace-

197 340 378 381 donibus
418 340 674 381 liberaretur.
738 340 1079 406 Peloponnesum
1113 357 1283 397 quoque
1323 342 1438 383 adire
1480 342 1592 391 111331,

197 398 311 439 unde
339 398 452 454 prior
476 397 629 453 legatio
650 398 895 439 discesserat
915 399 1137 440 incertiore
1160 409 1269 440 statu
1291 415 1444 449 lerum,
1468 415 1595 456 quam

166 456 232 496 4si
252 471 339 496 non
360 455 581 496 venissent.
646 455 759 496 Nam
790 471 916 512 super
946 466 1085 497 cetera
1115 457 1242 497 etiam
1274 457 1363 498 sine
1396 473 1595 513 lesponso

197 513 369 562 dimissi,
399 528 477 554 nee
509 513 656 554 datum
683 514 926 569 petentibus
951 523 1039 555 0131
1062 514 1332 555 Αο11300111111
1355 515 1594 556 0011011111111.

198 571 266 612 De
298 586 382 626 qua
412 586 455 612 re
488 580 692 627 querente
723 571 904 627 graviter
928 572 981 620 Q.
1002 571 1202 621 Caecilio,
1231 572 1355 613 simul
1382 572 1597 614 Lacedae-

197 628 349 669 moniis
370 628 698 685 deplorantibus,
732 629 900 670 moenia
921 630 1074 680 diruta,
1097 630 1319 671 abductam
1352 629 1520 686 plebem
1552 630 1597 671 in

197 686 405 728 Achaiam
437 696 480 727 et
509 686 807 736 venundatam,
838 687 1068 744 ademptas,
1091 688 1245 744 quibus
1276 688 1330 728 ad
1361 701 1454 729 eam
1483 687 1597 729 diem

197 744 342 785 civitas
367 744 560 794 stetisset,
584 745 770 801 Lycurgi
792 744 917 801 leges,
942 745 1107 787 Achaei
1128 746 1310 787 maxime
1333 745 1501 787 concilii
1523 761 1598 786 ne-

197 802 283 858 gati
314 802 473 843 crimen
505 803 774 852 excusabant,
803 803 1020 844 recitando
1052 803 1202 860 legem,
1232 819 1353 859 quae,
1387 803 1467 844 nisi
1498 803 1597 845 belli

197 860 362 916 pacisve
395 874 529 909 031133,
559 869 601 901 01
629 875 760 916 quum
796 860 924 917 legati
957 862 1008 902 ab
1042 870 1189 902 senatu
1227 877 1323 902 cum
1359 861 1490 902 literis
1525 869 1598 902 aut

198 918 361 974 scriptis
397 918 604 959 mandatis
636 918 841 969 venirent,
874 927 1035 960 vetaret
1066 919 1198 960 indici
1230 919 1469 960 concilium.
1533 919 1598 960 Ea

198 991 252 1017 ne
283 984 429 1032 postea
459 976 673 1017 excusatio
704 984 825 1026 esset,
855 976 1040 1018 ostendit
1070 985 1250 1027 senatus,
1278 992 1401 1018 curae
1429 977 1479 1017 iis
1507 992 1596 1018 esse

198 1034 366 1083 debere,
389 1042 435 1075 ut
458 1034 662 1075 Romanis
683 1034 829 1090 legatis
851 1049 1017 1090 semper
1037 1034 1222 1075 adeundi
1244 1034 1471 1075 concilium
1492 1050 1597 1090 gen-

199 1092 250 1133 tis
271 1100 454 1148 potestas
475 1092 596 1133 fieret
611 1108 621 1141 3
656 1092 1015 1148 quemadmodum
1044 1101 1086 1133 et
1113 1092 1207 1142 illis,
1231 1092 1397 1148 quoties
1424 1092 1596 1142 vellent,

198 1158 367 1190 senatus
388 1149 569 1190 daretur.

258 1207 484 1248 Dimissis
474 1208 525 1248 1is
545 1207 836 1264 legationibuS,
860 1208 1096 1264 Philippus,
1124 1224 1148 1250 3
1172 1208 1256 1249 31113
1278 1208 1429 1250 certior
1448 1207 1595 1258 1301113,

199 1265 438 1306 cedendum
460 1265 709 1330 civitatibus,
732 1266 1068 1321 deducendaque
1100 1266 1308 1322 piaesidia
1335 1282 1436 1316 esse,
1460 1266 1597 1307 infen-

199 1338 268 1364 sus
290 1323 496 1372 omnibus,
526 1323 570 1363 in
600 1323 871 1365 Maronitas
861 1339 965 1364 iram
997 1324 1188 1365 effundit.
1254 1324 1499 1373 Onomasto,
1522 1319 1629 1389 quia

1610 235 1654 266 U.
1672 235 1710 266 O.
1735 234 1809 275 568.

1608 278 1648 309 A.
1673 279 1712 309 C.
1738 280 1807 316 184.

1568 342 1576 349 .
1608 320 1721 360 Legati
1734 321 1810 351 mis-

1607 363 1632 394 si
1648 364 1681 393 in
1699 364 1753 394 Gr·
1748 374 1799 394 10-

1608 406 1701 437 ciam.

1674 1209 1742 1248 34.

1610 1265 1794 1296 Maronitae

1609 1308 1709 1338 aPhi
1715 1308 1734 1338 li
1740 1319 1805 1348 ppo

1609 1351 1782 1381 crudeliter

198 1390 389 1437 praeerat
419 1381 651 1423 maritimae
678 1397 787 1431 orae,
811 1381 995 1431 mandat,
1018 1390 1066 1422 ut
1096 1381 1224 1438 partis
1255 1381 1451 1423 advelsae
1482 1382 1594 1439 prin-
1609 1393 1774 1426 tmcidati.

199 1439 314 1504 cipes
335 1448 445 1480 111101
447 1439 601 1480 ficeret
664 1438 741 1480 Ille
763 1454 838 1495 pel
862 1413 1126 1480 Casandrum
1144 1439 1370 1495 quendam,
1389 1455 1522 1480 unum
1544 1455 1597 1481 ex

199 1497 324 1553 regiis
354 1497 437 1538 iam
467 1497 540 1538 diu
567 1497 827 1538 habitantem
854 1496 1096 1547 Maroneae,
1119 1505 1242 1539 nocte
1266 1497 1503 1539 Thracibus
1534 1497 1599 1537 in-

170 1558 186 1589 5
202 1555 414 1604 tromissis,
436 1554 582 1596 velut
573 1570 618 1595 ln
639 1555 750 1596 bello
771 1564 894 1610 capta
914 1555 1031 1604 urbe,
1054 1555 1227 1596 caedem
1248 1555 1358 1596 fecit.
1413 1554 1463 1596 Id
1486 1555 1600 1611 apud

204 1612 419 1653 Romanos
459 1612 616 1668 legatos
652 1621 876 1668 querentes
912 1621 997 1653 tam
1033 1613 1260 1655 crudeliter
1296 1613 1494 1654 adversus
1534 1613 1600 1654 in·-

202 1670 351 1711 noxios
380 1669 625 1720 Maronitas,
650 1679 735 1711 tam
766 1671 945 1726 superbe
977 1670 1173 1712 adversus
1203 1670 1408 1727 populum
1442 1671 1601 1712 Roma-

202 1743 305 1769 num
334 1728 510 1793 factum,
540 1737 600 1777 ut,
630 1728 783 1784 quibus
819 1728 1056 1769 libertatem
1091 1728 1395 1770 restituendam
1430 1737 1600 1770 senatus

201 1786 443 1836 censuisset,
475 1786 504 1826 ii
534 1801 610 1842 pro
641 1786 830 1827 hostibus
863 1785 1184 1836 trucidarentur,
1207 1787 1431 1836 abnuebat,
1456 1786 1601 1843 ‘quic-

204 1850 356 1899 ‘quam
377 1859 522 1885 eorum
545 1844 599 1884 ad
620 1859 677 1894 se,
693 1852 765 1885 aut
779 1855 1036 1900 quemquam
1057 1859 1229 1885 suorum
1250 1844 1473 1901 pertinere.
1525 1843 1601 1885 Se-

204 1902 388 1943 ‘ditione
425 1902 536 1943 inter
567 1902 677 1958 ipsos
708 1902 967 1952 dimicatum,
1001 1917 1133 1958 quum
1166 1902 1235 1943 3111
1265 1902 1319 1943 ad
1351 1918 1408 1952 se,
1440 1902 1511 1943 3111
1547 1902 1601 1944 ad

204 1959 467 2001 ‘Eumenem
503 1959 716 2001 civitatem
748 1959 973 2000 traher.ent
1037 1959 1089 2000 Id
1121 1960 1240 2001 facile
1274 1960 1449 2002 scituros
1485 1975 1597 2001 esse:

203 2023 603 2073 ‘percunctarentur
633 2017 744 2073 ipsos
765 2017 1044 2058 Maronitas:’
1079 2017 1193 2058 haud
1214 2018 1379 2067 dubius,
1401 2018 1601 2074 perculsis

203 2075 397 2116 omnibus
429 2084 583 2116 terrore
607 2085 690 2116 tam
712 2075 892 2116 recentis
914 2074 1065 2125 caedis,
1088 2075 1304 2116 neminem
1335 2075 1496 2116 hiscere
1527 2075 1601 2116 ad-

202 2147 344 2174 versus
369 2147 410 2173 se
433 2148 642 2173 ausurum.
707 2132 876 2188 Negare
900 2132 1080 2189 Appius,
1105 2138 1116 2156 ‘
1131 2133 1241 2174 Rem
1263 2133 1502 2175 evidentem
1523 2148 1600 2189 pro

206 2190 359 2231 ‘dubia
393 2190 690 2246 quaerendam.
762 2190 805 2232 Si
842 2190 893 2231 ab
926 2205 968 2231 se
1005 2190 1173 2246 culpam
1208 2206 1422 2232 removere
1459 2190 1599 2241 vellet,

206 2248 513 2289 ‘Onomastum
544 2257 587 2289 et
617 2247 893 2298 Casandrum,
923 2263 999 2305 per
1024 2264 1128 2304 quos
1159 2256 1251 2290 acta
1280 2263 1345 2290 res
1376 2248 1599 2298 diceretur,

205 2305 416 2347 ‘mitteret
439 2306 636 2355 Romam,
659 2315 706 2347 ut
727 2321 798 2347 eos
820 2316 987 2347 senatus
1008 2306 1273 2362 percunctari
1295 2307 1460 2362 posset.'
1508 2306 1602 2347 Pri-

204 2378 273 2405 mo
305 2363 411 2404 adeo
442 2363 701 2419 perturbavit
723 2379 773 2404 ea
794 2379 875 2404 vox
896 2379 1052 2419 regem,
1076 2372 1123 2404 ut
1144 2379 1230 2405 non
1252 2363 1378 2413 color,
1402 2379 1489 2405 non
1510 2363 1602 2405 vu]-

204 2429 271 2462 tus
301 2421 341 2462 ei
372 2430 602 2463 constaret:
637 2421 805 2470 deinde,
833 2420 1008 2462 collecto
1036 2421 1207 2463 tandem
1235 2421 1389 2471 animo,
1414 2427 1425 2445 ‘
1441 2421 1602 2463 Casan-

206 2478 367 2529 ‘drum,
391 2479 464 2535 qui
487 2479 717 2520 Maroneae
748 2479 905 2528 fuisset,
937 2479 970 2519 si
1001 2479 1149 2534 utique
1177 2479 1346 2529 vellent,
1378 2494 1420 2520 se
1453 2479 1602 2520 missu-

208 2537 344 2577 ‘rum⁷
378 2536 497 2578 dixit.
569 2536 671 2579 ‘Ad
706 2536 984 2579 Onomastum
1024 2536 1197 2593 quidem
1233 2536 1336 2593 quid
1377 2552 1471 2578 eam
1511 2552 1600 2578 rem

250 2700 269 2727 4
291 2690 368 2720 Sine
402 2699 551 2728 responso
581 2691 719 2729 dimissi]
761 2689 879 2721 Fusius
924 2693 994 2721 tum
1010 2689 1122 2721 fuisset
1139 2689 1311 2720 concilium
1327 2690 1439 2729 gentis.
1464 2690 1571 2721 Cnssv.

207 2741 274 2762 rem
299 2731 433 2770 exponit
459 2732 574 2771 Polyb.
597 2732 673 2772 Leg.
696 2743 746 2770 41.
772 2734 880 2764 docet·
969 2741 985 2771 5
1010 2734 1052 2763 Icl
1077 2735 1168 2773 apud
1193 2734 1368 2771 Romanos]
1404 2732 1516 2763 Oratio
1543 2732 1601 2762 im-

207 2784 269 2813 quc
293 2774 336 2809 Q.
353 2774 532 2805 Caecilium
557 2785 620 2804 non
642 2775 709 2806 sine
730 2786 881 2815 responso
927 2775 1049 2814 pedita,
1078 2776 1111 2806 in
1146 2786 1209 2815 qua
1240 2775 1422 2807 Crevit-rius
1459 2775 1602 2804 notabile

207 2817 372 2847 dimissum
395 2818 435 2846 ab
452 2816 601 2853 Achaeis,
617 2818 673 2848 sed
693 2828 880 2858 responsum
926 2818 1127 2857 hyberbaton
1158 2818 1312 2857 agnoscit.
1357 2818 1459 2857 Apud
1487 2818 1602 2847 Roma-

206 2861 246 2889 ab
264 2859 467 2890 Achaeorum
484 2860 721 2897 magistratibus
735 2861 882 2900 accipere
926 2871 982 2892 nos
998 2862 1118 2901 [effatos
1133 2866 1302 2902 querentes
1318 2861 1488 2898 idsactum
1506 2883 1512 2890 .
1532 2882 1539 2890 .
1557 2883 1564 2891 .

206 2902 358 2941 noluisse,
373 2902 576 2942 indignatum
599 2903 685 2942 quod.
707 2902 766 2933 sibi
788 2913 881 2943 nega-
