1960 3218
539 123 667 165 LIB.
701 122 900 166 XXXII.
948 124 1095 167 CAP.
1134 129 1198 167 10.
1516 131 1570 171 55

173 215 454 258 memorabilis
488 215 549 257 rei
579 215 805 272 quicquam
836 216 975 272 gessit.
1040 215 1097 258 Et
1125 216 1176 257 T.
1204 215 1431 264 Quinctius
1464 217 1570 259 alter

1583 229 1627 261 U.
1644 228 1683 261 C.
1706 236 1778 270 554.

172 273 318 315 consul
338 273 552 323 maturius,
571 288 698 329 quam
718 273 876 329 priores
896 273 1007 314 soliti
1028 282 1148 315 erant
1168 273 1373 323 consules,
1388 288 1412 314 a
1428 273 1567 315 Brun·
1580 272 1619 302 A.
1644 272 1683 303 C.
1709 281 1721 320 ‚¹
1726 272 1779 314 98.

172 330 279 372 disio
302 346 435 387 quum
461 330 765 381 transmisisset,
791 330 1022 387 Corcyram
1051 331 1187 372 tenuit
1208 345 1305 372 cum
1326 340 1420 372 octo
1441 331 1567 372 milli·
1578 357 1610 387 in
1623 357 1777 388 Macedo-

1078 388 1149 429 Ab
1180 387 1368 445 Corcyra
1394 388 1439 428 in
1469 404 1567 444 pro·
1578 399 1676 430 niam.

170 389 250 430 bus
279 388 483 445 peditum,
508 388 720 444 equitibus
751 388 1014 443 octingentis.

172 446 287 486 xima
323 445 443 502 Epiri
477 445 774 502 quinqueremi
810 446 994 487 traiecit:
1038 454 1081 487 et
1120 446 1166 486 in
1206 454 1340 486 castra
1373 445 1568 488 Romana

171 503 334 559 magnis
369 503 589 544 itineribus
623 503 865 552 contendit3
910 503 1009 544 inde
1039 502 1169 544 Villio
1195 502 1379 552 dimisso,
1411 518 1567 558 paucos

170 568 354 601 moratus
390 560 492 610 dies,
525 560 627 602 dum
662 576 705 602 se
741 561 885 617 copiae
922 561 974 602 ab
1010 560 1198 617 Corcyra
1229 568 1565 616 assequerentur,

170 617 393 659 consilium
423 618 583 668 habuit,
615 625 758 659 utrum
791 626 905 660 recto
932 618 1083 660 itinere
1116 633 1191 674 per
1218 625 1351 659 castra
1381 617 1566 658 hostium

138 675 255 716 4vim
276 675 412 716 facere
433 684 680 717 conaretur:
716 690 782 726 an,
805 691 859 717 ne
880 684 1042 717 tentata
1063 675 1236 731 quidem
1257 690 1301 716 re
1325 674 1430 716 tanti
1450 674 1566 716 labo-

168 732 225 773 ris
249 747 296 773 ac
323 733 511 788 periculi,
534 748 609 789 per
630 732 891 775 Dassaretios
918 733 1058 789 potius
1079 733 1330 790 Lycumque
1363 740 1455 773 tuto
1486 732 1566 773 eir-

169 789 284 831 cuitu
315 789 613 832 Macedoniam
643 790 830 833 intraret.
893 790 1158 846 Vicissetque
1190 805 1240 831 ea
1269 789 1491 839 sententia,
1519 789 1565 830 ni

170 847 389 896 timuisset,
411 863 479 898 ne,
502 863 635 904 quum
655 863 680 889 a
699 848 804 889 mari
831 848 997 904 longius
1017 848 1263 896 recessisset,
1285 847 1410 888 misso
1432 861 1455 887 e
1477 861 1565 887 ma-

168 904 292 945 nibus
322 904 455 954 hoste,
477 905 524 955 si,
547 905 662 960 quod
692 914 816 946 antea
841 906 1008 955 fecerat,
1038 904 1335 946 solitudinibus
1365 903 1564 959 silvisque

168 976 212 1002 se
234 961 361 1002 tutari
385 977 460 1003 rex
479 961 690 1012 voluisset,
712 962 802 1003 sine
824 962 910 1004 ullo
930 963 1086 1004 effectu
1106 970 1238 1003 aestas
1259 961 1561 1002 extraheretur.

169 1018 402 1074 Utcunque
433 1028 542 1060 esset
570 1019 720 1074 igitur,
740 1019 812 1061 illo
843 1020 934 1075 ipso
963 1028 1049 1061 tam
1081 1019 1228 1074 iniquo
1264 1018 1356 1059 loco
1392 1017 1565 1074 aggredi

167 1075 332 1117 hostem
361 1076 530 1132 placuit.
596 1076 680 1118 Sed
711 1077 843 1132 magis
872 1077 964 1118 fieri
995 1077 1039 1117 id
1069 1076 1272 1132 placebat,
1295 1090 1436 1131 quam,
1459 1090 1565 1131 quo-

137 1146 154 1178 5
168 1133 295 1174 modo
315 1133 447 1182 fieret,
469 1134 567 1175 satis
587 1134 880 1189 expediebant.
943 1134 1048 1174 Dies
1070 1133 1347 1188 quadraginta
1367 1132 1456 1173 sine
1478 1131 1564 1173 ullo

1581 314 1756 350 Quinctius

1645 1144 1710 1183 10.

168 1199 323 1231 conatu
343 1190 536 1232 sedentes
557 1191 602 1231 in
621 1200 850 1247 conspectu
870 1190 1054 1231 hostium
1075 1191 1403 1245 absumpserant.
1455 1189 1563 1230 Inde
1577 1199 1727 1230 Consulis
1743 1201 1776 1230 et

167 1262 261 1303 spes
287 1247 386 1288 data
412 1247 612 1304 Philippo
640 1257 715 1297 est,
738 1263 814 1304 per
836 1247 1106 1303 Epirotarum
1136 1256 1309 1303 gentem
1337 1245 1563 1287 tentandae

1579 1241 1726 1281 Philippi

1578 1284 1676 1314 collo—

166 1305 303 1360 pacis:
341 1304 568 1361 habitoque
602 1305 776 1346 consilio
808 1305 962 1346 delecti
998 1305 1051 1345 ad
1088 1319 1181 1345 eam
1216 1318 1306 1345 rem
1342 1304 1563 1360 agendam,
1578 1326 1700 1365 qujum.

167 1361 395 1403 Pausanias
425 1371 604 1418 praetor,
627 1371 671 1403 et
692 1362 939 1403 Alexander
967 1361 1164 1418 magister
1185 1361 1390 1417 equitum,
1414 1376 1565 1401 consu-

167 1418 252 1460 lem
282 1427 326 1460 et
352 1434 508 1475 regem,
531 1420 603 1460 ubi
634 1420 679 1460 in
707 1420 931 1461 artissimas
958 1419 1068 1475 ripas
1090 1419 1211 1459 Aous
1232 1418 1396 1474 cogitur
1416 1418 1563 1467 amnis,

167 1476 213 1517 in
235 1476 491 1533 colloquium
515 1476 796 1518 adduxerunt.
863 1476 1036 1518 Summa
1055 1475 1361 1531 postulatorum
1383 1474 1566 1516 consulis

169 1543 271 1584 erat,
304 1534 512 1590 praesidia
539 1549 592 1575 ex
623 1534 859 1575 civitatibus
889 1549 965 1575 rex
993 1533 1233 1574 deduceret.
1296 1532 1365 1582 Iis,
1384 1547 1566 1588 quorum

167 1606 286 1647 agros
314 1592 521 1647 urbesque
552 1591 776 1648 populatus
801 1599 922 1641 esset,
944 1590 1143 1632 redderet
1163 1605 1241 1639 res,
1265 1604 1373 1644 quae
1396 1603 1566 1644 compa-

136 1656 157 1688 6
168 1657 331 1690 rerent:
365 1657 601 1690 ceterorum
632 1664 767 1705 aequo
799 1649 968 1690 arbitrio
1001 1647 1236 1689 aestimatio
1267 1647 1398 1687 fieret.
1462 1646 1566 1686 Phi-

168 1705 308 1762 lippus
330 1705 477 1747 ‘aliam
506 1706 680 1747 aliarum
703 1706 934 1747 eivitatium
956 1705 1244 1746 conditionem
1266 1704 1373 1745 esse'
1393 1718 1566 1759 respon-

168 1762 241 1804 dit.
306 1769 318 1788 ‘
334 1763 451 1812 Quas
472 1764 559 1819 ipse
583 1764 774 1819 cepisset,
797 1778 865 1805 eas
886 1763 1172 1804 liberaturum.
1239 1760 1360 1809 Quae
1383 1761 1460 1801 sibi
1484 1769 1566 1801 tra-

169 1820 309 1861 ‘ditae
350 1836 375 1862 a
414 1821 639 1862 maioribus
679 1829 832 1870 essent,
874 1835 1018 1862 earum
1065 1818 1318 1860 hereditaria
1365 1832 1411 1858 ac
1457 1817 1567 1859 iusta

169 1878 455 1934 ‘possessione
491 1893 578 1919 non
609 1893 889 1919 excessurum.
955 1876 999 1918 Si
1027 1891 1130 1932 quas
1158 1883 1436 1931 quererentur
1466 1874 1567 1915 belli

170 1940 181 1959 ‘
197 1934 336 1976 clades
364 1950 438 1976 eae
466 1935 666 1985 civitates,
689 1950 785 1976 cum
808 1935 961 1991 quibus
988 1933 1191 1975 bellatum
1215 1933 1322 1973 foret
1336 1947 1345 1981 ;
1380 1931 1564 1982 arbitrio,

140 2002 156 2035 7
171 1997 183 2016 ‘
198 2007 283 2048 quo
303 1992 472 2042 vellent,
495 2008 549 2048 po
582 1992 760 2042 ulorum,
783 2007 880 2033 cum
901 1991 1054 2047 quibus
1081 2005 1164 2046 pax
1192 1990 1381 2044 utrisque
1408 1988 1564 2037 fuisset,

171 2054 241 2090 ‘se
276 2050 475 2090 usurum.'
539 2008 713 2099 Consul,
748 2048 899 2089 ‘Nihil
934 2048 987 2088 ad
1019 2048 1064 2088 id
1095 2046 1269 2102 quidem
1304 2046 1458 2086 arbitro
1493 2053 1565 2086 aut

171 2106 338 2147 ‘iudice
367 2122 471 2162 opus
499 2107 613 2155 esse,’
639 2106 790 2147 dicere.
855 2111 866 2129 ‘
886 2104 969 2145 Cui
1001 2104 1114 2145 enim
1148 2119 1235 2144 non
1268 2117 1480 2158 apparere,
1513 2102 1565 2142 ab

171 2169 262 2213 ‘eo,
292 2163 365 2218 qui
397 2164 509 2219 prior
539 2178 653 2204 arma
684 2162 903 2210 intulisset,
937 2161 1134 2202 iniuriam
1160 2160 1324 2201 ortam?
1356 2174 1434 2199 nec
1463 2158 1566 2199 Phi-

171 2226 183 2244 ‘
199 2220 362 2276 lippum
390 2221 442 2262 ab
467 2220 562 2261 ullis
592 2220 704 2261 bello
734 2219 984 2267 lacessitum,
1007 2219 1144 2273 ipsum
1166 2217 1348 2272 priorem
1369 2216 1455 2256 vim
1477 2230 1566 2256 om-

171 2278 322 2318 ‘nibus
350 2277 521 2319 fecisse.'
581 2277 687 2318 Inde
714 2292 846 2332 quum
878 2283 1083 2331 ageretur,
1107 2289 1214 2330 quae
1244 2273 1431 2314 civitates
1462 2272 1564 2313 libe-

169 2334 324 2375 randae
347 2345 496 2384 essent,
521 2334 742 2375 Thessalos
763 2334 918 2389 primos
940 2332 1130 2373 omnium
1151 2330 1385 2372 nominavit
1407 2328 1562 2370 consul.

139 2391 244 2435 8Ad
274 2391 320 2432 id
347 2406 444 2433 vero
475 2392 580 2433 adeo
611 2406 810 2432 accensus
842 2389 1131 2445 indignatione
1160 2396 1222 2428 est
1249 2402 1337 2436 rex,
1360 2395 1407 2426 ut
1428 2385 1567 2426 excla-

215 2498 234 2525 4
257 2488 464 2525 Vimsacere]
481 2487 716 2518 Similiterinfr.
724 2485 846 2518 xxxvii.

176 2538 224 2561 11.
237 2531 300 2560 vim
309 2531 424 2568 facere
438 2540 498 2569 per
506 2531 625 2568 fauces
638 2528 761 2569 portas.

222 2579 238 2609 5
267 2573 353 2603 Satis
375 2573 602 2611 eoepediebant]
660 2572 700 2602 In
728 2571 848 2611 vulgat.

174 2613 290 2652 legitur
312 2615 510 2653 eoepediebat,
526 2625 568 2645 sc.
585 2615 706 2651 consul,
728 2614 783 2644 sed
804 2623 849 2643 re-

174 2655 256 2686 ctius
270 2656 332 2686 hoc
350 2657 480 2687 verbum
503 2657 545 2687 ad
569 2656 787 2687 consultantes
803 2666 848 2685 re-

174 2697 282 2729 fertur.

222 2739 241 2770 6
266 2740 465 2779 Ceterorum]
515 2741 703 2772 Ceterarum
734 2750 850 2777 rerum,

174 2792 257 2821 qiute
274 2792 337 2812 non
354 2788 586 2821 comparerent.

225 2832 240 2862 7
267 2826 336 2861 Quo
366 2826 498 2863 vellent]
560 2827 702 2863 Quorum
734 2826 850 2857 vellent

175 2867 300 2898 mavult
317 2866 510 2898 Gronovius.

935 2485 953 2515 8
977 2486 1032 2515 Ad
1050 2486 1085 2515 id
1104 2495 1178 2515 vero
1199 2485 1276 2514 adeo
1297 2492 1449 2513 accensus
1465 2483 1568 2520 indigl-

893 2529 1024 2558 nacz‘one
1039 2531 1084 2558 est
1100 2528 1174 2564 rav]
1197 2525 1287 2561 Quia
1303 2525 1453 2554 nimirum
1468 2524 1568 2554 Thes-

894 2570 952 2600 sali
978 2569 1071 2609 primi
1089 2569 1153 2599 fere
1169 2567 1313 2598 omnium
1332 2566 1491 2597 Graeciae
1515 2576 1569 2604 po-

895 2613 1045 2652 pulorum
1086 2611 1118 2641 in
1156 2610 1375 2641 Macedonum
1414 2608 1570 2638 ditionem

895 2658 1128 2691 concesserant,
1155 2664 1173 2682 a
1205 2652 1360 2690 Philippo
1392 2649 1570 2681 Alexandri

895 2696 1006 2736 Magni
1036 2701 1137 2734 patre,
1164 2695 1205 2724 ad
1235 2695 1422 2725 societatem
1449 2702 1571 2728 secum,

895 2740 948 2769 sed
977 2739 1090 2777 impari
1123 2738 1262 2773 foedere,
1290 2735 1486 2775 iungendam
1517 2734 1572 2764 ad-

893 2781 968 2817 acti,
984 2791 1021 2810 ac
1038 2780 1154 2810 deinde
1175 2779 1361 2810 Alexandro
1386 2776 1571 2807 successori—

894 2825 1016 2862 busque
1034 2823 1102 2852 cius
1120 2832 1246 2861 semper
1269 2820 1414 2850 subiecti.
1446 2820 1485 2850 cf.
1504 2819 1569 2849 Ius—

896 2866 952 2897 tin.
972 2864 1021 2895 vii.
1041 2864 1069 2896 6.
1088 2868 1118 2895 et
1136 2864 1177 2895 xi.
1197 2873 1224 2903 3.
1249 2863 1356 2895 ΟΜΝ.

1581 2392 1676 2423 Irrito

1580 2439 1709 2466 eventu.
