1960 3218
357 173 439 213 328
877 172 1026 217 ΤΙΤΙ
1066 172 1245 217 LIVII

153 267 198 300 U.
216 270 253 302 C.
277 270 348 310 563.
361 273 476 305 creto
506 264 655 320 gentis,
678 264 732 306 ad
752 265 968 307 consulem
990 275 1208 307 venerunt.
1273 265 1385 307 Nam
1407 272 1574 322 praetor
1595 277 1755 313 eorum,

152 312 192 343 A·
217 314 256 345 C·
281 315 348 355 ¹89·
363 337 495 376 quum
527 322 608 363 alia
636 332 754 379 parte
787 324 1059 365 Ambraciam
1089 324 1324 380 oppugnari
1355 331 1558 372 cerneret,
1581 322 1662 363 alia
1691 322 1756 362 in-

362 380 510 420 festam
533 395 645 421 oram
669 381 843 422 navibus
865 381 1048 422 hostium
1069 396 1170 431 esse,
1194 382 1273 423 alia
1295 380 1601 437 Amphilochos
1623 379 1755 420 Dolo·

363 437 562 493 piamque
584 454 608 479 a
629 438 938 480 Macedonibus
960 439 1123 489 vastari,
1146 454 1224 480 nec
1247 438 1420 480 Aetolos
1441 437 1564 479 simul
1595 437 1648 478 ad
1679 436 1758 477 tria

364 494 527 536 diversa
546 495 655 536 bella
674 506 938 538 occursantes
954 497 1157 546 sufficere,
1172 505 1399 538 convocato
1417 495 1607 544 concilio,
1624 494 1759 534 Aeto-

154 561 265 593 Aetoli
282 574 337 603 pa-
362 551 424 593 los
459 553 682 609 principes,
720 554 824 610 quid
861 554 1071 610 agendum
1108 563 1228 603 esset,
1265 553 1486 594 consuluit.
1552 551 1758 594 Omnium

154 616 295 645 cempe-
365 624 415 651 eo
448 612 679 652 sententiae
713 612 1002 661 decurrerunt,
1039 617 1111 652 ‘ut
1141 626 1236 667 pax,
1269 612 1303 651 si
1338 619 1489 666 posset,
1524 609 1691 665 aequis3
1724 607 1759 648 si

153 652 237 679 tunt.
367 673 377 690 ‘
395 668 546 717 minus,
571 668 795 710 tolerandis
816 669 1128 710 conditionibus
1149 678 1372 725 peteretur.
1426 667 1629 708 Antiochi
1651 665 1760 707 fidu-

366 730 379 748 ‘
395 726 459 766 cia
480 726 637 766 bellum
659 736 909 783 susceptum.
974 727 1189 767 Antiocho
1211 735 1320 767 terra
1340 725 1528 780 marique
1550 733 1758 780 superato,

367 787 438 824 ‘et
479 798 608 839 prope
650 794 769 824 extra
803 785 945 825 orbem
984 794 1114 825 terrae
1152 784 1260 824 ultra
1299 784 1397 838 iuga
1432 783 1563 823 Tauri
1598 791 1789 830 exacto,1

367 845 522 896 ‘quam
554 856 671 896 spem
703 856 790 882 esse
823 841 1058 882 sustinendi
1088 841 1220 882 belli?
1282 840 1500 881 Phaeneas
1528 849 1570 881 et
1600 839 1762 880 Damo-

368 897 511 946 ‘tcles,
535 898 650 953 quod
681 914 703 939 e
735 914 779 939 re
812 898 1078 948 Aetolorum,
1108 909 1155 940 ut
1179 899 1223 939 in
1252 898 1323 939 tali
1348 913 1458 947 casu,
1488 897 1658 952 fideque
1687 911 1762 937 sua

369 959 483 995 ‘esse
512 964 745 1005 censerent,
769 964 951 1012 agerent.
1019 956 1148 1004 Quod
1179 956 1293 997 enim
1324 955 1402 996 sibi
1433 954 1667 1003 consilium,
1690 961 1763 994 aut

369 1017 380 1035 ‘
396 1012 514 1053 cuius
539 1013 599 1053 rei
621 1013 872 1054 electionem
894 1029 918 1054 a
937 1013 1106 1055 fortuna
1125 1013 1311 1055 relictam
1326 1013 1361 1054 ἴθ’
1424 1012 1537 1054 Cum
1558 1011 1623 1052 his
1644 1026 1762 1052 man-

367 1069 475 1110 datis
496 1069 621 1126 legati
645 1071 757 1112 missi
779 1075 894 1112 orare
916 1071 1145 1120 consulem,
1170 1077 1180 1094 ‘
1195 1081 1240 1112 ut
1262 1079 1450 1126 parceret
1470 1070 1576 1119 urbi,
1593 1070 1763 1110 misere-

370 1132 380 1150 ‘
396 1135 513 1168 retur
532 1128 669 1183 gentis
687 1128 901 1184 quondam
923 1129 1072 1178 sociae,
1094 1128 1205 1169 nolle
1227 1128 1366 1169 dicere
1389 1127 1564 1177 iniuriis,
1586 1126 1762 1168 miseriis
1777 1147 1793 1167 2

369 1190 509 1226 ‘certe
540 1194 706 1227 coactae
738 1186 931 1227 insanire.
996 1186 1097 1227 Non
1128 1186 1222 1242 plus
1252 1186 1351 1226 mali
1387 1185 1556 1226 meritos
1588 1183 1764 1225 Aetolos

370 1242 602 1283 ‘Antiochi
634 1243 757 1293 bello,
787 1259 914 1299 quain
943 1244 1042 1285 boni
1071 1253 1182 1294 ante,
1215 1258 1346 1299 quum
1378 1243 1575 1284 adversus
1600 1241 1764 1297 Philip-

370 1305 499 1355 ‘pum
527 1300 729 1342 bellatum
750 1302 816 1350 sit,
839 1301 996 1342 fecisse.
1061 1301 1155 1342 Nec
1187 1310 1276 1342 tum
1308 1300 1420 1356 large
1451 1300 1627 1356 gratiam
1659 1299 1764 1340 rela-

370 1363 483 1397 ‘tam
520 1358 610 1407 sibi,
646 1374 723 1399 nec
759 1374 874 1399 nunc
906 1358 1129 1400 immodice
1167 1373 1346 1414 poenam
1382 1358 1548 1413 iniungi
1584 1356 1764 1398 debere.’

370 1414 442 1454 Ad
463 1430 512 1456 ea
532 1416 678 1456 consul
699 1416 937 1472 respondit:
974 1416 1134 1472 ‘Magis
1152 1431 1289 1472 saepe,
1305 1431 1430 1472 quam
1448 1430 1544 1456 vere
1563 1429 1763 1470 unquam,

371 1477 382 1495 ‘
401 1471 577 1513 Aetolos
612 1488 758 1529 pacem
799 1482 954 1529 petere.
1019 1473 1290 1514 Imitarentur
1321 1472 1582 1514 Antiochum
1614 1472 1659 1512 in
1691 1487 1766 1528 pe-

370 1529 526 1570 ‘tenda
565 1545 681 1586 pace,
719 1546 846 1586 quem
888 1531 932 1571 in
973 1531 1130 1572 bellum
1171 1531 1402 1572 traxissent.
1478 1530 1581 1571 Non
1621 1529 1765 1585 paucis

371 1592 382 1609 ‘
398 1587 570 1628 urbibus
592 1603 702 1637 eum,
726 1589 778 1629 de
802 1604 978 1644 quarum
1008 1589 1198 1630 libertate
1229 1598 1435 1630 certatum
1466 1588 1530 1638 sit,
1553 1587 1628 1629 sed
1649 1586 1766 1628 omni

370 1650 381 1667 ‘
399 1644 502 1685 Asia
522 1645 581 1685 eis
603 1645 791 1686 Taurum
824 1654 1025 1695 montem,
1049 1646 1190 1702 opimo
1211 1661 1355 1702 regno,
1378 1646 1614 1687 excessisse.
1677 1644 1766 1685 Ae-

371 1701 517 1751 ‘tolos,
550 1703 631 1743 nisi
663 1703 857 1752 inermes,
890 1703 942 1744 de
975 1719 1077 1760 pace
1114 1712 1287 1758 agentes
1315 1719 1399 1744 non
1433 1703 1675 1744 auditurum
1706 1717 1762 1744 se.

372 1764 383 1782 ‘
402 1758 535 1800 Arma
563 1759 644 1801 illis
668 1761 782 1816 prius
814 1776 1028 1816 equosque
1057 1757 1202 1802 omnes
1231 1761 1457 1802 tradendos
1485 1776 1586 1810 esse,
1609 1760 1764 1801 deinde

372 1816 512 1857 ‘mille
544 1817 749 1858 talentum
786 1818 949 1874 argenti
983 1818 1141 1874 populo
1172 1819 1366 1859 Romano
1397 1818 1610 1859 dandum:
1647 1817 1765 1858 cuius

372 1879 382 1896 ‘
399 1889 584 1915 summae
605 1874 828 1915 dimidIum
850 1891 1045 1931 praesens
1066 1885 1368 1925 numeraretur,
1387 1876 1419 1916 si
1441 1890 1588 1932 pacem
1610 1875 1763 1916 habere

371 1936 382 1953 ‘
400 1931 566 1972 vellent.
630 1931 704 1972 Ad
731 1948 781 1973 ea
808 1933 1072 1974 adiecturum
1093 1934 1218 1974 etiam
1248 1934 1292 1974 in
1313 1933 1460 1974 foedus
1482 1948 1583 1982 esse,
1606 1942 1653 1973 ut
1674 1947 1765 1973 eos-

372 1994 383 2011 ‘
399 1987 509 2038 dem,
533 2004 638 2044 quos
670 1990 849 2045 populus
876 1990 1107 2040 Romanus,
1130 1991 1284 2032 amicos
1315 1999 1441 2046 atque
1470 1990 1610 2031 hostes
1637 1990 1765 2031 habe-

371 2051 382 2068 ‘
399 2046 497 2086 ant.'
557 2046 774 2088 Adversus
796 2063 903 2103 quae
930 2048 1068 2104 legati,
1092 2057 1134 2089 et
1155 2049 1255 2104 quia
1281 2049 1422 2104 gravia
1448 2058 1578 2098 erant,
1602 2057 1645 2089 et
1666 2048 1766 2103 quia

369 2118 539 2143 suorum
562 2104 722 2145 animos
743 2105 970 2146 indomitos
991 2121 1038 2146 ac
1060 2105 1282 2146 mutabiles
1302 2114 1517 2155 noverant,
1534 2105 1650 2146 nullo
1671 2105 1765 2146 red-
1778 2117 1795 2148 3

370 2160 459 2200 dito
485 2176 695 2217 responso,
718 2161 891 2203 domum
923 2163 1097 2219 regressi
1128 2173 1238 2212 sunt,
1261 2172 1308 2204 ut
1329 2164 1454 2204 etiam
1476 2172 1602 2219 atque
1624 2162 1763 2212 etiam,

370 2217 474 2272 quid
514 2218 726 2273 agendum
760 2228 880 2269 esset,
918 2235 961 2261 re
995 2221 1170 2276 integra,
1206 2229 1440 2276 praetorem
1476 2229 1519 2262 et
1554 2220 1765 2276 principes
1808 2223 1813 2236 ‘

370 2274 646 2316 consulerent.
713 2275 909 2317 Clamore
942 2286 983 2318 et
1014 2278 1149 2333 iurgio
1180 2278 1360 2333 excepti,
1389 2284 1542 2333 ‘quam
1571 2277 1645 2317 diu
1675 2292 1764 2318 rem

371 2337 381 2354 ‘
398 2331 623 2381 traherent,
648 2333 988 2389 qualemcunque
1017 2350 1163 2390 pacem
1191 2335 1343 2375 referre
1369 2335 1516 2375 iussi?’
1547 2349 1677 2390 quum
1700 2349 1765 2375 re-

369 2388 508 2429 dirent
531 2390 814 2440 Ambraciam,
841 2391 1111 2432 Acarnanum
1134 2392 1296 2432 insidiis
1323 2407 1452 2447 prope
1477 2392 1583 2432 viam
1606 2391 1762 2446 positis,

369 2446 618 2499 quibuscum
648 2447 804 2488 belluni
833 2457 934 2497 erat,
957 2449 1244 2498 circumventi,
1269 2448 1476 2504 Thyrium
1498 2448 1796 2492 custodiendi4

368 2502 647 2544 deducuntur.
716 2504 835 2545 Haec
877 2520 992 2547 mora
1032 2506 1186 2546 iniecta
1226 2514 1287 2546 est
1328 2505 1431 2561 paci.
1498 2505 1644 2554 Quum
1679 2506 1763 2547 iam

239 2050 275 2088 ΞΟ

416 2679 425 2697 1
453 2671 562 2707 Prope
587 2674 681 2699 cni-tra
707 2672 811 2701 orbem
843 2673 967 2710 terrae]
1003 2672 1042 2702 cf.
1088 2672 1203 2707 forem,
1221 2676 1251 2702 ct
1269 2672 1386 2703 idcirco
1405 2673 1469 2703 ficri
1488 2679 1605 2713 posset,
1622 2679 1658 2705 ut
1677 2675 1764 2714 leges

369 2712 461 2750 Supr.
480 2711 600 2742 xxxvii.
619 2721 668 2749 55.
1088 2725 1107 2743 a
1126 2715 1283 2744 Romanis
1300 2715 1412 2753 dictam,
1429 2720 1584 2755 tanquam
1605 2717 1764 2757 graviores

414 2763 429 2782 2
454 2754 548 2783 Nolle
569 2755 674 2785 (licere
696 2755 845 2792 iniuriis]
878 2755 989 2790 Quam
1011 2767 1043 2786 se
1088 2756 1184 2789 iusto.
1200 2762 1455 2796 aspernarentur.

369 2797 451 2826 nolle
474 2795 613 2832 dicebat,
636 2796 655 2826 i.
673 2807 699 2826 c.
718 2797 847 2826 uolebat
869 2798 974 2827 dicem
996 2799 1042 2827 in-
1132 2810 1150 2836 4
1175 2801 1372 2836 Quibuscum
1410 2803 1523 2832 bellum
1563 2803 1649 2839 erat]
1692 2802 1763 2831 llas

368 2839 475 2874 iuriis,
486 2841 628 2868 attamen
641 2840 776 2870 nais-eriis
789 2843 932 2869 eoactum
946 2840 1043 2870 fuisse
1090 2851 1182 2871 voces
1207 2852 1265 2870 suo
1292 2843 1362 2872 loco
1385 2847 1455 2882 post
1471 2846 1685 2874 Actu-naama
1708 2854 1761 2874 ex-

371 2881 528 2910 insmzire.
1088 2883 1199 2914 cidisse
1217 2888 1324 2916 censet
1342 2885 1482 2917 Crevier.

411 2931 427 2959 ,3
453 2924 501 2953 Ac
524 2924 708 2961 mutabiles]
740 2923 839 2959 Quod
864 2923 1041 2955 indomitae
