1960 3218
351 150 429 189 156
855 144 1004 186 ΤΙΤΙ
1047 144 1227 186 LIVII

139 247 183 279 U.
200 248 238 279 C.
261 238 482 288 557.‘iusto
515 253 562 278 ac
596 237 798 294 legitimo,
828 237 937 278 facta
967 244 1040 277 est.
1107 235 1242 277 Cuius
1270 236 1335 276 ius
1365 235 1532 293 tyranni
1554 250 1744 291 quoque,

138 291 177 321 Α·
199 292 237 323 C·
265 296 446 351 ¹95·‘qui
482 304 626 352 postea
661 310 737 351 per
772 295 857 336 vim
890 303 1119 336 tenuerunt
1147 293 1468 335 Lacedaemone
1506 292 1743 348 imperium,

348 353 472 409 ‘quia
500 368 575 395 nos
604 352 713 395 bella
739 368 854 394 nunc
879 352 1055 401 Punica,
1085 367 1199 393 nunc
1230 351 1405 401 Gallica,
1435 366 1548 392 nunc
1580 349 1660 391 alia
1690 365 1743 391 ex

347 411 462 453 ‘aliis
483 421 802 468 occupaverant,
827 418 1106 466 usurparunt3
1140 410 1248 451 sicut
1269 418 1315 450 tu
1337 425 1506 466 quoque
1537 408 1618 449 hoc
1647 407 1744 449 Ma-

347 475 358 494 ‘
371 469 574 511 cedonico
596 469 705 510 bello
727 469 872 510 fecisti.
927 467 1040 508 Nam
1058 467 1162 523 quid
1183 468 1321 508 minus
1343 467 1599 515 conveniret,
1615 480 1742 522 quam

347 534 454 578 ‘eos,
478 528 551 583 qui
575 543 652 583 pro
682 527 873 568 libertate
899 525 1104 567 Graeciae
1135 525 1333 566 adversus
1354 525 1601 580 Philippum
1622 539 1742 579 gere-

346 591 510 627 ‘rcmus
537 585 708 634 bellum,
737 599 833 626 cum
863 593 1043 640 tyranno
1075 583 1293 624 instituere
1326 582 1582 624 amicitiam?
1614 590 1656 622 et
1677 590 1742 638 ty-

346 650 504 684 ‘ranno
532 658 673 699 quam,
696 643 769 698 qui
795 656 994 698 unquam,
1027 640 1265 682 saevissimo
1295 649 1337 682 et
1366 639 1667 681 violentissimo
1697 639 1741 679 in
1758 653 1771 674 1

346 702 497 742 ‘suos?
558 700 693 742 Nobis
718 715 829 749 vero,
852 699 1015 741 etiamsi
1046 698 1184 755 Argos
1212 713 1290 740 nec
1319 698 1498 753 cepisses
1528 712 1604 753 per
1630 696 1742 737 frau-

345 759 481 809 ‘dem,
513 774 592 800 nee
624 771 800 807 teneres,
832 756 1106 798 liberantibus
1140 771 1307 797 omnem
1340 755 1577 805 Graeciam,
1608 754 1742 795 Lace-

346 817 551 858 ‘daemon
578 831 747 872 quoque
776 814 1031 856 vindicanda
1063 814 1107 854 in
1141 814 1359 870 antiquam
1386 813 1622 854 libertatem
1653 821 1742 853 erat

345 882 356 899 ⁶
370 885 496 931 atque
519 875 560 915 in
584 874 697 930 leges
718 888 823 923 suaS,
847 887 1026 928 quarum
1056 871 1196 921 modo,
1220 881 1421 926 tanquam
1442 870 1631 912 aemulus
1654 869 1741 926 Ly-

345 933 500 988 ‘curgi,
535 932 794 973 mentionem
829 930 974 972 fecisti.
1038 930 1124 979 An,
1152 938 1199 970 ut
1229 930 1279 970 ab
1314 928 1426 970 Iasso
1457 937 1500 969 et
1532 927 1740 984 Bargyliis

345 989 576 1047 ‘praesidia
596 989 784 1046 Philippi
805 988 1082 1037 deducantur,
1101 1002 1224 1028 curae
1247 987 1327 1028 erit
1347 986 1497 1027 nobis?
1539 986 1677 1041 Argos
1699 994 1741 1027 et

345 1055 356 1072 ‘
371 1047 750 1096 Lacedaemonem,
780 1047 883 1088 duas
911 1045 1156 1087 clarissimas
1184 1045 1320 1094 urbes,
1343 1044 1504 1085 lumina
1525 1043 1740 1100 quondam

344 1106 590 1155 ‘Graeciae,
624 1105 700 1147 sub
736 1105 916 1161 pedibus
952 1104 1034 1145 tuis
1066 1103 1380 1159 relinquemus3
1424 1117 1532 1158 quae
1571 1100 1772 1142 titulumz

345 1165 489 1206 ‘nobis
514 1164 711 1205 liberatae
736 1162 940 1204 Graeciae
973 1162 1200 1202 servientes
1231 1160 1501 1202 deforment?
1542 1159 1604 1200 At
1625 1158 1740 1200 enim

345 1228 355 1245 ‘
369 1237 465 1264 cum
486 1221 686 1277 Philippo
708 1220 856 1277 Argivi
878 1228 1110 1261 senserunt.
1176 1218 1451 1259 Remittimus
1472 1217 1551 1259 hoc
1573 1216 1662 1266 tibi,
1685 1231 1738 1257 ne

344 1286 552 1321 ‘nostram
575 1280 710 1320 vicem
732 1278 928 1319 irascaris.
995 1276 1102 1318 Satis
1130 1284 1393 1332 compertum
1422 1275 1638 1324 habemus,
1661 1274 1740 1315 du-

344 1343 501 1388 ‘orum,
524 1346 597 1379 aut
621 1351 832 1378 summum
862 1336 989 1376 trium
1020 1335 1064 1375 in
1093 1350 1142 1376 ea
1169 1349 1225 1383 re,
1249 1349 1335 1374 non
1357 1332 1548 1382 civitatis,
1571 1332 1738 1388 culpam

343 1401 355 1419 ‘
369 1411 480 1437 esse:
516 1404 613 1444 tam,
636 1394 788 1444 hercle,
805 1409 931 1450 quam
953 1393 996 1434 in
1019 1401 1059 1434 te
1082 1401 1240 1448 tuoque
1261 1390 1469 1447 praesidio
1490 1388 1738 1431 arcessendo

344 1453 699 1510 ‘accipiendoque
728 1453 772 1492 in
798 1466 935 1493 arcem
958 1450 1064 1491 nihil
1086 1465 1173 1491 esse
1195 1449 1365 1506 publico
1387 1448 1561 1489 consilio
1584 1456 1735 1489 actum.

344 1518 354 1535 ‘
369 1511 604 1560 Thessalos,
628 1520 670 1552 et
691 1510 943 1558 Phocenses,
967 1517 1010 1549 et
1035 1508 1281 1557 Locrenses,
1311 1521 1516 1548 consensu
1548 1505 1736 1546 omnium
1752 1519 1769 1549 3

343 1575 354 1593 ⁶
367 1570 519 1611 scimus
547 1569 729 1625 partium
752 1566 939 1623 Philippi
961 1565 1087 1606 fuisse
1105 1581 1115 1614 3
1149 1574 1290 1606 tamen
1312 1579 1408 1605 cum
1430 1572 1569 1605 cetera
1587 1562 1738 1604 libera-

342 1628 502 1668 ‘vimus
526 1626 716 1668 Graecia.
783 1624 901 1673 Quid
927 1623 1098 1665 tandem
1123 1638 1267 1664 censes
1299 1622 1343 1662 in
1371 1621 1554 1678 Argivis,
1577 1621 1652 1677 qui
1673 1620 1770 1662 in-4

343 1691 508 1727 ‘sontes
540 1684 698 1741 publici
729 1682 892 1724 consilii
921 1682 1016 1730 sint,
1039 1681 1249 1722 facturos?
1294 1679 1517 1721 Servorum
1539 1678 1592 1719 ad
1614 1678 1738 1719 liber-

342 1749 496 1785 ‘tatem
518 1751 773 1791 vocatorum,
796 1750 838 1781 et
866 1739 1086 1795 egentibus
1116 1738 1357 1778 hominibus
1388 1737 1476 1792 agri
1506 1736 1628 1777 divisi
1659 1735 1738 1776 cri-

342 1801 481 1842 ‘mina
512 1801 587 1842 tibi
621 1799 746 1841 obiici
777 1798 955 1839 dicebas.
1019 1795 1121 1837 Non
1143 1795 1317 1851 quidem
1348 1810 1427 1835 nec
1456 1794 1546 1850 ipsa
1575 1792 1737 1834 medio-

342 1859 476 1900 ‘criaz
511 1858 585 1899 sed
607 1856 711 1913 quid
738 1857 815 1897 ista
841 1864 938 1896 sunt
968 1869 1066 1910 prae
1095 1854 1158 1903 iis,
1181 1868 1288 1909 quae
1317 1868 1341 1893 a
1372 1861 1412 1893 te
1443 1852 1608 1907 tuisque
1631 1866 1737 1907 quo-

343 1916 469 1958 ‘tidie
498 1915 578 1957 alia
608 1929 733 1970 super
766 1913 846 1955 alia
875 1912 1060 1953 facinora
1087 1911 1300 1952 eduntur?
1362 1909 1529 1950 Exhibe
1563 1908 1735 1949 liberam

342 1974 613 2015 ‘concionem
640 1972 707 2013 vel
739 1971 878 2027 Argis,
910 1969 977 2011 vel
1011 1968 1342 2017 Lacedaemone,
1375 1967 1408 2008 si
1440 1966 1584 2008 audire
1620 1966 1736 2007 iuvat

342 2038 463 2073 ‘vera
497 2029 796 2072 dominationis
831 2026 1203 2084 impotentissimae
1240 2026 1426 2067 crimina.
1497 2024 1559 2065 Ut
1595 2023 1736 2064 omnia

342 2090 447 2131 ‘alia
476 2089 704 2131 vetustiora
733 2087 936 2136 omittam,
964 2100 1090 2140 quam
1119 2084 1291 2126 caedem
1321 2082 1447 2139 Argis
1475 2081 1735 2138 Pythagoras

342 2149 443 2189 ‘iste
464 2162 594 2204 gener
614 2156 710 2187 tuus
730 2160 863 2201 paene
885 2144 929 2184 in
951 2142 1081 2184 oculis
1103 2142 1206 2183 meis
1223 2141 1386 2182 edidit?
1415 2155 1541 2196 quam
1563 2148 1609 2180 tu
1629 2139 1731 2194 ipse,

342 2212 499 2262 ‘quum
535 2206 617 2245 iam
657 2218 788 2260 prope
829 2202 874 2243 in
910 2201 1064 2242 finibus
1100 2199 1533 2241 Lacedaemoniorum
1569 2197 1734 2238 essem?

342 2263 581 2319 ‘Agedum‚
614 2276 719 2318 quos
750 2261 795 2300 in
823 2260 1026 2301 concione
1063 2257 1398 2314 comprehensos,
1433 2255 1626 2297 omnibus
1661 2269 1735 2294 au-

341 2321 579 2362 ‘dientibus
606 2319 765 2360 civibus
792 2318 886 2366 tuis,
910 2317 954 2357 in
975 2315 1166 2357 custodia
1197 2324 1237 2355 tc
1266 2314 1507 2355 habiturum
1529 2327 1615 2353 esse
1638 2326 1734 2367 pro-

342 2378 580 2427 ‘nuntiasti,
610 2377 706 2418 iube
738 2376 899 2416 vinctos
929 2373 1119 2430 produci,
1152 2381 1199 2413 ut
1230 2372 1369 2412 miseri
1400 2378 1607 2427 parentes,
1630 2384 1735 2425 quos

342 2497 518 2533 Quinctius
534 2496 640 2526 dicere
657 2499 761 2535 posset
774 2499 846 2534 post
859 2495 890 2524 111
902 2494 1015 2524 foedus
1060 2491 1153 2521 malis
1168 2492 1317 2520 omnium.
1343 2490 1495 2519 Gnoxov.

344 2541 509 2570 Romanos
523 2549 606 2568 nunc
624 2538 768 2575 Punicis,
778 2548 863 2567 nunc
877 2535 1015 2567 Gallicis
1104 2543 1120 2563 ‘2
1146 2536 1236 2570 Quae
1267 2533 1395 2562 titulum
1426 2532 1530 2569 nobis]

341 2583 435 2613 bellis
445 2586 619 2620 occupatos
631 2581 735 2611 fuisse.
776 2581 892 2618 Itaque
906 2588 1014 2617 super-
1062 2586 1110 2607 22.
1128 2576 1181 2606 ubi
1193 2575 1326 2605 servitus
1336 2574 1430 2604 unius
1446 2573 1584 2603 civitatis
1598 2572 1732 2612 gloriam

1571 2530 1610 2561 οἱ
1639 2530 1733 2569 Supn

340 2630 388 2656 est
411 2625 648 2663 inquirendum,
669 2623 739 2662 quis
758 2623 814 2652 ille
838 2632 893 2652 rex
916 2622 1013 2651 Lace-

341 2667 582 2698 daemoniorum
604 2666 710 2702 fucrit‚
728 2665 817 2695 cuius
838 2674 956 2694 nomen
974 2663 1014 2692 sit

341 2711 402 2740 hoc·
420 2711 490 2739 loco
512 2709 743 2748 reponendum.
792 2707 862 2737 Nisi
880 2708 961 2736 forte
983 2709 1014 2735 ct

342 2754 402 2783 hoc
424 2752 506 2782 inter
534 2751 614 2781 Livii
640 2751 822 2789 sphalmata
847 2759 1013 2779 numerun-

341 2797 417 2826 (111111
436 2798 492 2825 ost.
525 2795 564 2824 cf.
582 2804 668 2833 supr.
686 2792 734 2823 26.
761 2793 866 2823 Ciu-zv.

390 2849 396 2868 1
428 2840 543 2875 Quam,
558 2838 613 2877 qni
637 2847 790 2875 unquam,
811 2834 1010 2870 saevissimo]

343 2882 372 2912 11.
390 2890 416 2911 e.
443 2882 552 2916 Quam
579 2877 761 2909 saevissimo
789 2876 931 2906 omnium
960 2875 1014 2914 qui

343 2933 482 2963 unquam
501 2923 640 2956 fuerunt,
655 2920 712 2951 uisi
729 2930 892 2959 proquam
910 2919 1013 2957 legero

1061 2619 1214 2648 liberatae
1235 2617 1403 2653 Gracc-iac,
1425 2616 1444 2646 i.
1462 2627 1489 2647 c.
1511 2616 1657 2653 titulum,
1674 2625 1732 2645 nec

1060 2662 1189 2700 plenam
1207 2670 1265 2690 nec
1282 2660 1436 2697 integram
1451 2670 1517 2689 esse
1533 2658 1618 2689 sinit.

1103 2713 1119 2741 3
1161 2704 1322 2733 (mnsensa
1362 2703 1518 2739 omnium]
1570 2711 1613 2731 sc.
1655 2700 1732 2731 Uno

1059 2747 1176 2776 auimo.
1202 2745 1240 2775 cf.
1258 2755 1343 2783 supr.
1362 2753 1389 2783 5.

1102 2800 1120 2826 4
1145 2790 1186 2818 [η
1199 2788 1347 2827 .-1=12‹siv1's]
1375 2788 1509 2817 Sextum
1524 2795 1632 2816 casum
1646 2784 1730 2814 simi-

1061 2831 1131 2861 liter
1169 2830 1313 2869 usurpari
1351 2828 1614 2859 animadverteris
1646 2837 1730 2866 supr.

1061 2873 1168 2904 xxviii.
1187 2882 1236 2911 43.
1254 2883 1329 2903 xxx.
1352 2882 1399 2910 25·
