1960 3218
561 155 687 198 LIB.
722 153 988 196 XXXVIII.
1035 154 1071 196 C
1085 154 1125 196 A
1135 154 1182 195 P.
1216 157 1284 195 40.
1542 155 1623 196 357

223 255 347 297 mata,
365 262 472 303 quae
495 245 593 287 data
612 244 750 301 priore
772 244 943 285 decreto
960 252 1079 285 erant
1095 260 1105 293 3
1129 243 1264 300 Lycia
1285 252 1328 284 et
1352 242 1479 284 Caria
1499 243 1621 285 datae
1638 253 1681 285 U.
1698 253 1736 284 C.
1760 252 1834 293 564·

222 320 357 361 usque
386 304 439 345 ad
466 302 749 344 BIaeandrum
778 317 960 351 amnem,
983 310 1148 357 praeter
1177 301 1445 342 Telmissum'.
1509 300 1621 357 Regi
1633 297 1674 328 A·
1698 296 1736 327 C·
1762 297 1833 328 188.

224 361 409 404 Eumeni
433 361 742 403 Chersonesum
765 359 810 399 in
833 359 1004 415 Europa
1025 368 1067 400 et
1088 358 1414 415 Lysimachiam,
1437 358 1618 408 castella,

221 420 348 469 vicos,
366 434 497 475 agros,
515 419 670 474 quibus
690 417 844 458 finibus
867 425 1061 457 tenuerat
1078 416 1330 465 Antiochus,
1349 416 1616 458 adiecerunt:

220 477 267 518 in
297 477 402 519 Asia
431 476 661 533 Phrygiam
694 483 930 530 utramque,
965 473 1158 528 (alteram
1191 473 1244 514 ad
1278 473 1618 529 Hellespontum,

221 535 423 575 maiorem
459 533 633 574 alteram
664 531 837 587 vocant)
870 540 913 573 et
946 531 1145 588 BIysiam,
1179 546 1307 587 quam
1340 531 1509 572 Prusias
1545 546 1620 572 rex

221 592 446 641 ademerat,
479 591 520 632 ei
551 590 850 632 restituerunt:
884 598 927 630 et
958 589 1231 646 Lycaoniam,
1264 598 1306 630 et
1337 587 1542 645 lililyada,
1577 597 1621 630 et

189 649 418 707 6Lydiam,
445 658 487 690 et
513 648 763 689 nominatim
795 647 918 688 urbes
948 646 1122 696 Tralles,
1157 658 1284 702 atque
1317 646 1547 702 Ephesum,
1578 655 1621 687 et

221 707 487 749 Telmissum.
551 705 620 747 De
650 704 902 762 Pamphylia
929 704 1209 761 disceptatum
1239 704 1351 745 inter
1380 703 1619 745 Eumenem

220 773 263 806 et
284 764 489 806 Antiochi
518 763 677 820 legatos
706 778 838 819 quum
870 775 990 812 esset,
1014 762 1114 818 quia
1143 777 1237 818 pars
1265 762 1355 803 eius
1386 761 1501 811 eitra,
1524 777 1619 818 pars

220 823 329 863 ultra
351 822 539 863 Taurum
561 830 648 862 est:
684 821 847 876 integra
867 836 931 862 res
953 820 1006 861 ad
1028 828 1220 861 senatum
1241 819 1442 861 reiicitur.

280 880 360 921 His
391 879 632 921 foederibus
664 878 928 934 decretisque
963 878 1083 927 datis,
1114 877 1315 927 Manlius,
1345 892 1442 919 cum
1470 876 1619 918 decem
1694 886 1763 925 40,

219 938 367 995 legatis
395 938 594 993 omnique
624 936 812 978 exercitu
839 936 893 977 ad
916 935 1243 992 Hellespontum
1270 935 1493 991 profectus,
1521 951 1619 976 evo-
1632 940 1832 989 Gallisleges

219 997 321 1037 catis
372 1011 421 1037 eo
472 995 626 1051 regulis
675 994 909 1042 Gallorum,
951 993 1077 1049 leges,
1120 994 1272 1049 quibus
1322 1008 1471 1049 pacem
1521 1008 1618 1034 cum
1631 985 1748 1016 (hetae.

221 1053 414 1095 Eumene
448 1061 673 1101 servarent,
706 1052 840 1101 dixit3
879 1051 1243 1107 denuntiavitque,
1277 1060 1325 1091 ut
1358 1066 1516 1092 morem
1550 1066 1620 1092 va-

218 1111 346 1168 gandi
373 1126 469 1152 cum
495 1110 620 1152 armis
642 1110 825 1159 finirent,
848 1124 1127 1165 agrorumque
1157 1124 1326 1150 suorum
1357 1109 1547 1151 terminis
1575 1124 1618 1149 se

220 1170 497 1210 continerent.
563 1167 802 1209 Contractis
833 1167 987 1209 deinde
1022 1182 1075 1207 ex
1107 1167 1222 1208 omni
1256 1181 1327 1208 ora
1356 1167 1544 1216 navibus,
1578 1175 1619 1207 et
1633 1175 1780 1207 Manlius
1796 1177 1829 1207 in

221 1227 427 1268 Eumenis
468 1226 595 1267 etiam
631 1225 757 1266 classe
793 1240 868 1280 per
904 1225 1176 1266 Athenaeum
1213 1224 1384 1265 fratrem
1425 1224 1534 1280 regis
1567 1224 1618 1265 ab
1633 1220 1801 1280 Europam

220 1284 352 1326 Elaea
379 1283 572 1332 adducta,
596 1283 736 1339 copias
767 1297 913 1323 omnes
944 1283 988 1323 in
1016 1281 1230 1338 Europam
1258 1282 1432 1323 traiecit.
1496 1281 1617 1332 Inde,
1630 1266 1758 1294 tranem

218 1357 295 1399 per
330 1341 643 1383 Chersonesum
678 1340 852 1381 modicis
885 1340 1106 1381 itineribus
1138 1355 1262 1396 grave
1296 1339 1453 1395 praeda
1483 1340 1620 1381 omnis

218 1400 384 1456 generis
424 1415 576 1455 agmen
618 1398 799 1447 trahens,
837 1397 1129 1454 Lysimachiae
1166 1397 1315 1438 stativa
1350 1397 1525 1447 habuit3
1573 1406 1622 1439 ut

220 1473 348 1514 quam
381 1458 563 1498 maxime
596 1456 836 1498 recentibus
869 1465 911 1497 et
945 1456 1118 1512 integris
1149 1455 1349 1497 iumentis
1378 1455 1619 1505 Thraciam,

219 1531 295 1571 per
323 1531 450 1572 quam
483 1515 563 1556 iter
592 1514 717 1570 vulgo
751 1514 991 1564 horrebant,
1025 1514 1326 1569 ingrederetur.
1394 1513 1492 1562 Quo
1523 1529 1620 1570 pro-

218 1573 352 1615 fectus
385 1582 448 1614 est
480 1573 531 1614 ab
565 1572 833 1629 Lysimachia
867 1572 952 1622 die,
986 1572 1039 1613 ad
1072 1587 1253 1621 amnem,
1284 1571 1460 1612 BIelana
1491 1587 1619 1627 quem

219 1640 384 1681 vocant,
406 1631 504 1672 inde
526 1644 693 1686 postero
715 1630 782 1670 die
809 1629 994 1686 Cypsela
1013 1630 1216 1686 pervenit.
1271 1629 1313 1669 A
1338 1628 1532 1685 Cypselis
1553 1629 1620 1670 via

219 1688 367 1730 decem
403 1689 582 1729 millium
621 1688 707 1729 fere
750 1687 959 1737 silvestris,
997 1696 1184 1743 angusta,
1223 1686 1466 1742 confragosa
1505 1687 1620 1728 exei-

219 1747 372 1802 piebat.
436 1746 616 1802 Propter
643 1745 762 1787 euius
783 1745 1074 1787 difficultatem
1100 1745 1261 1786 itineris
1287 1745 1331 1784 in
1353 1744 1456 1785 duas
1481 1753 1619 1800 partes

219 1804 375 1845 divisus
408 1805 641 1845 exereitus:
676 1812 718 1844 et
750 1803 1000 1859 praecedere
1034 1818 1120 1844 una
1152 1803 1274 1851 iussa,
1304 1802 1433 1843 altera
1465 1817 1618 1858 magno

218 1862 438 1903 intervallo
467 1877 615 1918 cogere
645 1876 810 1917 agmen,
833 1860 974 1903 media
1004 1860 1309 1917 impedimenta
1338 1860 1615 1916 interposuit:

219 1919 404 1976 plaustra
453 1935 549 1961 cum
599 1919 781 1975 pecunia
829 1918 998 1974 publiea
1047 1927 1178 1967 erant,
1221 1917 1487 1974 pretiosaque
1539 1917 1620 1959 alia

218 1977 386 2033 praeda.
450 1977 612 2033 Itaque,
643 1992 775 2032 quum
808 1991 884 2032 per
917 1976 1067 2017 saltum
1100 1976 1192 2025 iret,
1222 1975 1438 2016 Thracum
1469 1975 1619 2016 decem

219 2035 334 2076 haud
362 2035 540 2091 amplius
572 2034 702 2076 millia
733 2050 785 2075 cx
817 2043 1017 2089 quattuor
1044 2033 1223 2089 populis,
1248 2033 1372 2082 Astii,
1396 2042 1438 2074 et
1467 2032 1616 2082 Caeni,

191 2102 264 2138 7et
292 2092 555 2142 Maduateni,
583 2102 626 2133 et
651 2091 808 2140 Coreli,
835 2091 887 2132 ad
922 2092 1029 2147 ipsas
1062 2091 1273 2147 angustias
1300 2090 1410 2131 viam
1439 2091 1618 2131 circnm-

220 2150 430 2191 sederunt.
477 2150 636 2205 Opinio
658 2159 758 2198 erat,
777 2164 862 2189 non
884 2149 972 2190 sine
995 2149 1183 2205 Philippi
1204 2149 1312 2203 regis
1330 2147 1619 2189 BIacedonum

219 2207 366 2249 fraude
389 2208 431 2248 id
448 2207 627 2248 factum:
653 2222 750 2247 eum
771 2206 907 2255 scisse,
931 2222 1016 2247 non
1033 2207 1124 2256 alia,
1143 2221 1269 2262 quam
1287 2221 1362 2262 per
1379 2206 1617 2255 Thraciam,

220 2265 428 2306 redituros
447 2265 675 2314 Romanos,
693 2278 736 2305 et
757 2273 956 2319 quantam
978 2264 1202 2320 pecuniam
1225 2279 1366 2304 secum
1388 2272 1617 2319 portarent.

221 2322 273 2364 In
299 2323 434 2379 primo
463 2323 629 2378 agmine
659 2322 884 2378 imperator
908 2331 1007 2371 erat,
1031 2321 1231 2363 sollicitus
1262 2330 1434 2377 propter
1461 2321 1619 2376 iniqni-

222 2389 352 2422 tatem
374 2380 572 2422 locorum.
636 2379 822 2420 Thraces
847 2379 952 2419 nihil
978 2395 1020 2420 sc
1051 2388 1284 2428 moverunt,
1308 2379 1443 2420 donee
1471 2378 1617 2420 armati
1631 2384 1774 2417 Thraces

222 2438 456 2481 transirent.
510 2438 739 2493 Postquam
761 2438 917 2493 primos
939 2452 1152 2493 superasse
1175 2437 1386 2492 angustias
1408 2436 1617 2486 viderunt,
1632 2430 1811 2503 gumtinva-

222 2504 453 2551 postremos
481 2496 671 2537 nondum
700 2495 1097 2552 appropinquantes,
1125 2494 1429 2551 impedimenta
1461 2503 1504 2536 ct
1536 2509 1620 2536 sar·
1656 2483 1724 2504 un.

267 2655 286 2686 6
310 2657 354 2685 Et
395 2655 594 2692 Telmissum]
647 2653 774 2683 Tamen
812 2662 898 2691 supr.
944 2656 1064 2689 rentur,
1084 2651 1259 2682 Douiatins
1275 2652 1423 2683 tentabat
1439 2654 1624 2691 Marlyteni‚

223 2698 346 2729 xxxvii.
395 2695 444 2734 56.
491 2696 669 2726 Telmissus
714 2695 900 2734 exci1›itur;
943 2706 962 2725 a
993 2696 1132 2734 Madyto
1161 2696 1211 2725 vel
1243 2695 1400 2734 Madytis,
1431 2695 1622 2726 Chersonesi

224 2746 379 2780 tanquam
408 2749 511 2778 neque
540 2739 677 2769 Rhodiis
702 2739 819 2775 danda,
846 2748 898 2767 ne-
945 2738 1103 2768 Thraciae
1120 2739 1207 2768 urbe.
1254 2738 1317 2768 Sed
1336 2738 1623 2768 Drakenborchius

225 2795 288 2824 que
306 2781 455 2814 Eumeni.
480 2782 585 2811 Ciu-:xz
945 2781 1163 2811 Maduatenos
1184 2781 1225 2810 ad
1248 2781 1387 2819 populos
1407 2780 1622 2819 ignobiliores,

272 2834 287 2865 7
313 2825 526 2861 Almlnateni]
569 2826 682 2858 Quum
718 2823 749 2853 hi
787 2822 899 2862 populi
944 2833 1079 2862 quornm
1098 2823 1193 2852 inulti
1210 2823 1328 2853 fuerint
1350 2823 1381 2852 in
1404 2823 1532 2860 regione
1553 2823 1622 2854 bar-

225 2869 314 2909 npud
345 2868 426 2898 alios
459 2866 628 2906 scriptores
662 2866 748 2897 haud
780 2876 899 2896 meino-
946 2867 1033 2903 bara,
1050 2866 1234 2896 referendos
1250 2869 1352 2904 putat.
1379 2866 1489 2895 Domz.
