1960 3218
159 248 204 280 U.
221 248 260 280 C.
282 247 354 289 567.

157 291 198 323 A.
222 292 261 324 C.
286 292 355 331 185.

227 2267 294 2305 29.

165 2321 278 2360 Legati
295 2333 360 2353 me-

163 2363 216 2393 <lio
233 2375 360 2404 respon-

162 2416 196 2435 so
213 2417 278 2437 rem
296 2419 361 2438 sus-

162 2450 318 2488 pendunt.

361 156 446 194 404
884 152 1032 195 TITI
1069 152 1249 196 LIVII

369 247 380 266 ‘
398 242 603 285 Eumenis
642 244 875 294 sumebant,
911 260 1018 300 quae
1056 244 1261 286 Antiochi
1300 243 1484 292 fuerunt,
1523 241 1760 283 Eumenem

369 305 381 324 ‘
397 302 571 358 aequius
588 317 689 352 esse,
705 317 832 358 quam
850 317 929 351 me,
948 302 1113 343 habere.
1163 301 1215 342 Id
1236 316 1313 357 ego
1335 300 1454 341 aliter
1473 300 1597 356 longe
1620 299 1761 340 iudico

370 364 382 382 ‘
399 374 499 400 esse.
564 359 777 401 Eumenes
798 360 925 409 enim,
943 375 1029 401 non
1049 359 1129 400 nisi
1149 359 1345 400 vicissent
1368 358 1563 407 Romani,
1585 357 1659 398 sed
1682 356 1760 397 nisi
1774 366 1794 398 9

372 421 383 439 ‘
399 416 556 458 bellum
577 417 811 474 gessissent,
835 433 1004 458 manere
1036 417 1080 457 in
1111 432 1241 473 regno
1262 432 1336 457 suo
1359 431 1444 456 non
1466 414 1614 471 potuit.
1677 414 1763 455 Ita-

372 480 481 530 ‘que
508 474 576 516 ille
603 483 787 516 vestrum
815 476 1012 516 meritum
1041 475 1179 523 habet,
1212 489 1298 515 non
1319 489 1391 514 vos
1416 473 1549 514 illius:
1585 472 1668 513 mei
1689 487 1763 512 au-

371 537 384 555 ‘
400 541 486 573 tem
507 533 638 589 regni,
655 541 818 574 tantum
841 534 995 581 aberat,
1012 540 1059 573 ut
1080 532 1165 572 ulla
1184 546 1278 587 pars
1299 531 1343 571 in
1365 530 1604 571 discrimine
1622 529 1761 579 fuerit,

371 594 446 630 ‘ut
478 590 555 631 tria
585 590 715 631 millia
747 590 965 641 talentum,
992 599 1034 630 et
1061 588 1370 644 quinquaginta
1400 596 1529 629 tectas
1559 603 1697 636 naves,
1720 596 1764 628 et

372 652 383 670 ‘
400 663 544 689 omnes
569 647 771 689 Graeciae
794 648 994 696 civitates,
1018 661 1121 702 quas
1145 655 1268 687 antea
1299 646 1538 695 tenuissem,
1560 645 1763 702 pollicen-

372 710 384 728 ‘
401 714 485 746 tem
507 705 617 746 ultro
640 705 902 746 Antiochum
930 704 975 744 in
1006 703 1245 744 mercedem
1276 703 1484 744 societatis
1515 704 1592 743 sim
1624 718 1763 759 asper-

372 768 383 786 ‘
399 772 534 813 natuS,
557 763 805 818 hostemque
834 763 873 803 ei
906 777 971 802 me
1000 776 1088 802 esse
1116 761 1230 817 prius
1255 761 1395 810 etiam,
1419 776 1545 816 quam
1568 760 1640 801 M’.
1661 760 1764 801 Aci-

372 821 479 862 ‘lius
510 820 742 861 exercitum
774 821 819 860 in
850 819 1073 870 Graeciam
1107 819 1327 867 traiiceret,
1359 833 1457 874 prae
1489 833 1555 859 me
1589 817 1687 858 tuli:
1721 826 1765 859 et

371 883 383 902 ⁶
399 893 495 919 cum
517 893 567 919 eo
589 877 759 919 consule
781 877 880 918 belli
900 886 1075 933 partem,
1097 891 1395 932 quamcunque
1417 875 1519 916 mihi
1541 875 1762 931 delegavit,

371 941 383 959 ‘
397 936 517 992 gessi.
582 935 639 976 Et
663 935 904 991 insequenti
925 934 1086 975 consuli
1107 934 1156 975 L.
1176 933 1377 990 Scipioni,
1400 949 1532 989 quum
1554 942 1663 974 terra
1682 941 1765 974 sta-

371 998 383 1017 ‘
401 994 546 1035 tuisset
576 993 729 1034 ducere
758 992 990 1034 exercitum
1012 992 1066 1033 ad
1096 991 1437 1047 Hellespontum,
1461 1007 1547 1032 non
1572 991 1650 1032 iter
1673 999 1765 1032 tan-

371 1056 490 1093 ‘tum
525 1066 602 1108 per
635 1066 814 1108 regnum
846 1059 1035 1091 nostrum
1069 1049 1182 1099 dedi,
1212 1049 1287 1090 sed
1313 1050 1398 1090 vias
1431 1049 1557 1090 etiam
1588 1049 1763 1099 munivi,

371 1114 548 1166 ‘pontes
581 1109 674 1159 feci,
707 1117 964 1150 commeatus
999 1107 1196 1163 praebui:
1242 1122 1320 1148 nec
1355 1122 1432 1163 per
1467 1106 1764 1148 Macedoniam

371 1172 383 1190 ‘
401 1175 579 1217 tantum,
611 1167 685 1208 sed
716 1182 792 1222 per
823 1166 1047 1207 Thraciam
1079 1165 1219 1214 etiam,
1254 1165 1326 1205 ubi
1363 1165 1473 1205 inter
1508 1173 1646 1206 cetera
1680 1179 1795 1220 pax1

372 1230 384 1248 ‘
401 1240 570 1281 quoque
602 1224 852 1281 praestanda
884 1239 908 1264 a
937 1223 1120 1264 barbaris
1141 1231 1239 1264 erat.
1304 1222 1388 1263 Pro
1409 1222 1488 1263 hoc
1510 1222 1649 1263 studio
1670 1237 1765 1263 meo

372 1288 383 1306 ‘
400 1298 498 1338 erga
524 1298 609 1332 vos,
638 1298 691 1323 ne
723 1282 859 1322 dicam
892 1281 1054 1330 merito,
1084 1289 1226 1321 utrum
1256 1280 1435 1321 adiicere
1458 1295 1542 1330 VOS,
1567 1279 1764 1329 Romani,

371 1340 573 1396 ‘aliquid,
603 1348 645 1381 et
672 1339 925 1396 amplificare
958 1347 1000 1379 et
1031 1353 1183 1394 augere
1215 1353 1395 1393 regnum
1423 1353 1565 1378 meum
1596 1338 1767 1379 munifi-

371 1404 384 1422 ‘
400 1398 538 1439 centia
558 1407 696 1438 vestra
722 1397 954 1453 oportebat,
977 1411 1043 1445 an,
1067 1411 1174 1451 quae
1202 1395 1400 1436 haberem
1432 1403 1504 1436 aut
1536 1410 1629 1436 meo
1660 1395 1764 1445 iure,

372 1461 383 1479 ‘
399 1465 471 1496 aut
501 1455 707 1496 beneficio
728 1462 878 1503 vestro,
902 1454 1094 1509 eripere?
1125 1453 1170 1494 id
1192 1453 1306 1509 quod
1328 1469 1440 1494 nunc
1461 1453 1606 1494 facitis.
1670 1452 1767 1494 Ma-

372 1513 610 1554 ‘cedonum
641 1513 841 1561 civitates,
872 1527 975 1567 quas
1010 1510 1129 1566 regni
1170 1511 1254 1551 mci
1285 1510 1410 1552 fuisse
1443 1510 1648 1560 fatemini,
1680 1526 1767 1551 non

372 1576 384 1594 ‘
400 1571 689 1612 restituuntur.
753 1569 980 1618 Eumenes,
1003 1577 1204 1623 tanquam
1225 1567 1279 1609 ad
1301 1568 1576 1617 Antiochum,
1599 1568 1652 1609 ad
1672 1583 1768 1624 spo-

372 1634 384 1652 ‘
400 1628 587 1669 liandum
616 1643 682 1668 me
704 1627 832 1677 venit,
855 1634 910 1676 et,
934 1626 966 1667 si
988 1626 1068 1667 diis
1088 1625 1237 1681 placet,
1261 1626 1407 1666 decem
1439 1625 1671 1682 legatorum
1693 1625 1767 1667 de-

373 1691 385 1710 ‘
401 1698 562 1727 cretum
584 1685 819 1726 calumniae
842 1683 1230 1740 impudentissimae
1251 1683 1513 1739 praetendit3
1545 1699 1629 1738 quo
1650 1699 1768 1724 max-

374 1744 484 1785 ‘ime
507 1752 549 1784 et
570 1743 703 1784 refelli
722 1751 764 1783 et
785 1742 954 1798 coargui
974 1749 1123 1797 potest.
1172 1740 1456 1782 Disertissime
1479 1741 1592 1782 enim
1613 1741 1768 1797 planis-

373 1807 385 1825 ‘
401 1801 590 1857 simeque
613 1802 657 1840 in
679 1815 729 1841 eo
750 1799 951 1855 seriptum
973 1808 1047 1848 est,
1065 1798 1377 1839 Chersonesum
1395 1807 1438 1839 et
1455 1798 1767 1855 Lysimachiam

374 1864 386 1882 ‘
404 1858 587 1899 Eumeni
609 1857 710 1899 dari.
776 1857 863 1898 Ubi
885 1856 1056 1897 tandem
1078 1856 1240 1905 Aenus,
1263 1865 1305 1897 et
1327 1855 1544 1905 Maronea,
1567 1865 1609 1897 et
1632 1856 1671 1897 T
1673 1856 1768 1897 hra-

374 1916 488 1957 ‘ciae
518 1915 706 1957 civitates
739 1915 942 1970 ascriptae
973 1914 1101 1954 sunt?
1132 1913 1248 1969 quod
1277 1914 1327 1954 ab
1360 1913 1442 1954 illis
1472 1929 1525 1955 ne
1556 1913 1766 1969 postulare

374 1979 385 1997 ‘
402 1973 575 2029 quidem
597 1982 659 2014 est
679 1988 815 2022 ausus,
837 1972 882 2012 id
903 1971 1016 2028 apud
1038 1986 1122 2020 VOS,
1146 1980 1347 2027 tanquam
1376 1972 1427 2012 ab
1460 1971 1540 2012 illis
1570 1972 1768 2027 impetra-

374 2036 386 2055 ‘
401 2032 519 2081 verit,
543 2030 780 2072 obtinebit?
844 2029 942 2078 Quo
969 2029 1014 2069 in
1039 2044 1215 2070 numero
1240 2044 1307 2069 me
1329 2028 1443 2084 apud
1464 2044 1536 2070 vos
1557 2044 1644 2070 esse
1666 2029 1769 2070 veli-

374 2094 386 2112 ‘
403 2089 467 2138 tis,
504 2089 642 2130 refert.
718 2088 762 2129 Si
798 2096 998 2143 tanquam
1040 2086 1257 2127 inimicum
1294 2095 1336 2127 et
1371 2086 1534 2127 hostem
1573 2087 1798 2128 insectari2

376 2152 387 2170 ‘
403 2147 662 2202 propositum
694 2154 768 2195 est,
797 2145 970 2201 pergite,
998 2152 1045 2185 ut
1074 2144 1269 2200 coepistis
1298 2144 1445 2185 facere.
1513 2144 1587 2185 Sin
1618 2144 1768 2200 aliquis

376 2210 387 2227 ‘
403 2212 616 2260 respectus
644 2214 707 2245 est
732 2204 827 2252 mci,
850 2211 899 2244 ut
919 2202 1019 2243 socii
1041 2210 1167 2257 atque
1190 2202 1313 2242 amici
1333 2202 1454 2258 regis,
1477 2201 1691 2258 deprecor,
1714 2217 1767 2243 ne

375 2267 470 2302 ‘me
507 2270 623 2302 tanta
655 2261 807 2302 iniuria
839 2260 1015 2315 dignum
1050 2259 1270 2301 iudicetis.'
1330 2259 1469 2300 Movit
1504 2259 1768 2315 aliquantum

374 2319 505 2360 oratio
522 2319 630 2374 regis
651 2318 819 2374 legatos.
877 2317 1027 2373 Itaque
1049 2316 1190 2358 medio
1212 2332 1409 2373 responso
1430 2332 1516 2357 rem
1539 2316 1768 2372 suspende-

374 2385 494 2417 runt:
531 2382 542 2400 ‘
558 2376 602 2418 Si
623 2376 771 2417 decem
793 2376 1024 2431 legatorum
1046 2374 1216 2415 decreto
1232 2374 1415 2415 Eumeni
1436 2374 1558 2414 datae
1580 2373 1767 2415 civitates

375 2440 472 2474 ‘eae
504 2442 655 2483 essent,
684 2433 789 2474 nihil
822 2448 865 2474 se
899 2442 1072 2472 mutare.
1139 2431 1182 2472 Si
1204 2431 1426 2486 Philippus
1454 2430 1564 2471 bello
1588 2431 1767 2487 cepisset

375 2497 481 2540 ‘eas,
512 2490 746 2547 praemium
776 2490 973 2531 victoriae
1006 2489 1096 2529 iure
1129 2488 1229 2529 belli
1264 2488 1515 2529 habiturum.
1582 2488 1627 2530 Si
1661 2504 1767 2530 neu-

375 2554 511 2589 ‘trum
532 2563 676 2589 eorum
698 2549 816 2597 foret,
839 2546 1003 2603 placere
1030 2545 1313 2601 cognitionem
1344 2546 1508 2586 senatui
1538 2546 1762 2588 reservari:

413 2746 433 2778 9
454 2739 530 2767 Non
545 2737 609 2767 nisi
624 2737 773 2767 vicissent
788 2736 944 2773 Romani]
969 2736 1044 2765 Par-
1090 2738 1208 2771 tutam,
1239 2738 1275 2765 ut
1313 2736 1437 2765 nullam
1474 2735 1537 2766 vim
1571 2746 1591 2766 a
1624 2737 1766 2767 barbaris

372 2779 475 2810 ticula
491 2790 556 2810 non
575 2779 760 2818 saepissime
777 2778 893 2808 dicitur
909 2788 966 2817 pro
981 2788 1046 2809 'non
1090 2778 1248 2808 transiens
1261 2778 1420 2808 exercitus
1433 2778 1641 2818 experiretur.
1658 2780 1764 2811 CREV.

370 2824 469 2857 modo,
484 2823 657 2852 sedetiam.
684 2822 810 2852 Iti-ison.
1134 2830 1150 2850 ‘z
1175 2821 1305 2858 Refert]
1334 2820 1373 2850 ld
1401 2820 1524 2860 agitur:
1559 2821 1591 2851 id
1618 2826 1764 2861 spectan-

419 2874 427 2894 1
457 2866 531 2894 [⁷²an
555 2888 561 2894 .
579 2888 585 2895 .
604 2888 611 2894 .
630 2866 828 2903 praestanda
854 2875 872 2893 a
898 2864 1045 2893 barbaris
1090 2864 1167 2894 dnm
1187 2863 1295 2894 venit:
1321 2863 1353 2893 in
1370 2873 1408 2894 co
1424 2873 1474 2894 res
1491 2863 1634 2896 vertitur.
1657 2864 1764 2896 ΟΜΝ.

369 2909 456 2945 erut]
494 2907 614 2938 Danda
641 2917 738 2947 opera
765 2910 844 2945 crat,
869 2910 904 2937 ut
932 2916 1045 2945 pacem
