1960 3218
336 152 420 190 482
855 149 1003 191 ΤΙΤΙ
1045 149 1223 192 LIVII

138 248 180 280 U.
197 249 236 281 c.
259 239 397 290 573.ad
427 240 697 281 concitandos
726 239 948 282 Bastarnas
978 241 1148 298 missus)
1168 242 1282 284 haud
1312 242 1457 300 procul
1483 242 1731 299 Amphipoli

135 292 176 365 ᾗ·
201 292 239 364 {3-
264 301 333 334 Ι79·
344 298 466 348 fama,
487 297 586 339 inde
609 297 711 339 certi
735 299 875 340 nuntii
897 308 1178 350 occurrerunt,
1200 309 1413 342 mortuum
1444 316 1530 342 esse
1563 316 1729 356 regem:

133 345 321 409 οοῗῗοῇζῗῗξ
346 371 454 412 quae
485 370 550 397 res
576 371 744 397 omnem
765 356 956 398 ordinem
987 358 1149 398 consilii
1179 359 1371 400 turbavit.
1438 357 1731 414 Compositum

134 418 333 460 Philippoin
346 424 486 454 autem
511 413 568 455 sic
593 413 748 455 fuerat:
783 415 1002 456 transitum
1027 430 1101 471 per
1122 415 1345 457 Thraciam
1377 425 1514 457 tutum
1544 425 1587 457 et
1617 432 1733 457 com-

134 461 316 495 Dardanos.
345 481 506 513 meatus
543 471 754 513 Bastarnis
789 481 836 513 ut
868 472 1090 529 Philippus
1126 482 1364 530 praestaret.
1428 474 1479 515 Id
1514 483 1561 515 ut
1594 473 1731 515 facere

342 538 494 586 posset,
509 529 728 586 regionum
750 530 958 586 principes
980 531 1101 571 donis
1122 531 1317 580 coluerat,
1335 532 1417 573 fide
1440 547 1514 573 sua
1534 531 1729 587 obligata,

342 596 489 643 pacato
510 588 676 643 agmine
699 588 943 629 transituros
963 588 1194 630 Bastarnas.
1242 589 1536 630 Dardanorum
1557 598 1730 645 gentem

342 644 481 686 delere
514 646 774 702 propositum
806 654 905 695 erat,
937 646 1066 701 inque
1098 661 1243 687 eorum
1276 661 1374 702 agro
1405 647 1523 688 sedes
1551 647 1728 689 fundare

342 701 566 744 Bastarnis.
629 703 803 759 Duplex
836 703 935 744 inde
967 712 1055 745 erat
1089 703 1356 745 commodum
1391 704 1591 754 futurum,
1623 705 1654 746 si
1687 714 1729 746 et

342 760 545 810 Dardani,
576 776 679 817 gens
715 775 879 817 semper
914 761 1179 802 infestissima
1210 761 1500 811 Macedoniae,
1531 763 1730 818 tempori-

339 819 503 874 busque
528 819 684 874 iniquis
711 834 858 875 regum
888 819 1125 868 imminens,
1148 818 1363 861 tolleretur
1378 835 1389 869 ;
1424 828 1466 860 et
1487 819 1728 870 Bastarnae,

339 876 495 917 relictis
515 876 558 917 in
581 876 798 918 Dardania
817 877 1066 931 coniugibus
1092 877 1330 934 liberisque,
1362 877 1415 919 ad
1444 877 1729 934 populandam

340 933 505 975 Italiam
536 943 707 990 possent
734 935 855 976 mitti.
920 935 1028 976 ‘Per
1051 934 1287 977 Scordiscos
1315 936 1395 977 iter
1419 950 1506 976 esse
1535 935 1588 976 ad
1615 950 1729 977 mare

341 991 660 1033 ‘Hadriaticum
688 992 963 1049 Italiamque:
999 992 1078 1034 alia
1098 993 1165 1034 via
1190 993 1351 1034 traduci
1380 993 1611 1035 exercitum
1641 1009 1726 1035 non

341 1055 352 1072 ‘
364 1065 496 1106 posse.
556 1049 693 1091 Facile
710 1050 922 1092 Bastarnis
939 1050 1176 1092 Scordiscos
1196 1051 1276 1092 iter
1291 1051 1460 1092 daturos
1476 1067 1485 1091 ε
1519 1066 1597 1092 nec
1614 1051 1726 1092 enim
1744 1069 1756 1090 1

340 1113 437 1149 ‘aut
467 1108 611 1164 lingua
641 1117 712 1149 aut
743 1109 928 1150 moribus
958 1108 1152 1164 aequales
1180 1109 1401 1150 abhorrere
1418 1125 1428 1158 3
1462 1117 1503 1150 et
1524 1109 1634 1165 ipsos
1655 1109 1729 1150 ad-

340 1165 578 1207 ‘iuneturos
599 1181 656 1216 se,
679 1182 811 1222 quum
842 1166 893 1207 ad
927 1166 1123 1222 praedam
1145 1166 1484 1223 opulentissimae
1509 1167 1647 1223 gentis
1667 1167 1728 1208 ire

340 1223 590 1265 ‘vidissent.’
649 1223 755 1265 Inde
788 1224 832 1264 in
864 1239 1031 1265 omnem
1063 1233 1260 1266 eventum
1291 1225 1463 1266 consilia
1494 1239 1758 1266 accommo—2

337 1281 556 1323 dabantur.
621 1281 716 1324 Sive
748 1282 854 1323 caesi
887 1282 937 1322 ab
970 1282 1173 1323 Romanis
1197 1283 1333 1324 forent
1356 1283 1595 1332 Bastarnae,
1618 1282 1729 1323 Dar-

337 1339 468 1381 danos
499 1348 640 1381 tamen
671 1340 867 1389 sublatos,
890 1339 1171 1395 praedamque
1202 1355 1255 1381 ex
1286 1340 1474 1396 reliquiis
1505 1339 1728 1381 Bastarna-

335 1412 441 1446 rum,
464 1406 507 1438 et
526 1397 830 1453 possessionem
850 1397 1023 1437 liberam
1046 1397 1299 1447 Dardaniae,
1323 1398 1468 1438 solatio
1493 1398 1605 1438 fore:
1639 1398 1742 1439 sive.

334 1470 530 1511 prospere
560 1470 646 1496 rem
675 1455 910 1511 gessissent,
936 1454 1138 1495 Romanis
1169 1456 1322 1496 aversis
1352 1455 1397 1495 in
1429 1455 1726 1496 Bastarnarum

336 1512 506 1562 bellum,
525 1522 869 1568 recuperaturum
890 1527 933 1552 se
950 1512 994 1552 in
1012 1511 1201 1561 Graecia,
1218 1527 1323 1568 quae
1341 1512 1555 1553 amisisset.
1606 1511 1727 1554 Haec

337 1569 524 1626 Philippi
561 1570 733 1611 consilia
768 1569 944 1610 fuerant.
1013 1568 1195 1625 Ingressi
1230 1578 1328 1611 sunt
1362 1579 1509 1625 pacato
1545 1569 1726 1625 agmine,

336 1627 419 1669 fide
449 1627 645 1669 Cottonis
673 1636 716 1668 et
744 1627 962 1683 Antigoni.
1029 1626 1113 1668 Sed
1145 1627 1259 1668 haud
1291 1628 1424 1669 multo
1457 1636 1550 1684 post
1573 1627 1727 1669 famam

335 1686 480 1726 mortis
513 1685 701 1742 Philippi
736 1701 876 1741 neque
910 1685 1095 1726 Thraces
1136 1686 1385 1726 commercio
1417 1685 1557 1726 faciles
1593 1694 1726 1735 erant,

334 1759 472 1799 neque
515 1743 743 1784 Bastarnae
783 1752 925 1799 empto
966 1743 1154 1784 contenti
1195 1758 1282 1784 esse
1322 1752 1527 1799 poterant,
1569 1751 1641 1784 aut
1680 1743 1726 1784 in

334 1802 500 1858 agmine
522 1801 742 1850 contineri,
773 1816 827 1841 ne
859 1800 1114 1841 decederent
1134 1800 1210 1841 via.
1273 1800 1379 1841 Inde
1411 1801 1586 1841 iniuriae
1615 1800 1724 1841 ultro

334 1860 523 1915 citroque
545 1858 658 1900 fieri:
693 1874 869 1914 quarum
895 1858 940 1898 in
965 1858 1054 1899 dies
1079 1858 1338 1899 incremento
1369 1858 1524 1899 bellum
1555 1858 1721 1899 exarsit.

334 1916 553 1958 Postremo
585 1916 782 1965 Thraces,
813 1932 943 1972 quum
974 1916 1057 1956 vim
1089 1931 1136 1956 ac
1173 1915 1487 1956 multitudinem
1519 1916 1724 1957 sustinere

334 1974 516 2016 hostium
547 1990 633 2015 non
664 1983 844 2030 possent,
872 1974 1027 2014 relictis
1057 1974 1354 2029 campestribus
1385 1974 1497 2022 vicis,
1530 1973 1573 2013 in
1605 1988 1725 2014 mon—

334 2041 420 2073 tem
455 2032 638 2089 ingentis
675 2032 908 2073 altitudinis
939 2031 1183 2087 (Donucam
1214 2031 1384 2085 vocant)
1416 2040 1722 2072 concesserunt.

338 2090 482 2138 Quum
521 2090 659 2131 subire
694 2089 919 2131 Bastarnae
951 2089 1119 2138 vellent,
1149 2089 1261 2144 quali
1298 2097 1544 2145 tempestate
1580 2081 1756 2153 Gallos}

334 2148 558 2204 spoliantes
592 2147 783 2204 Delphos
822 2147 932 2188 fama
971 2157 1032 2187 est
1072 2156 1310 2202 peremptos
1351 2162 1465 2195 esse3
1503 2147 1596 2187 talis
1633 2156 1723 2188 tum

335 2206 571 2256 Bastarnas,
594 2206 875 2262 nequicquam
898 2204 951 2245 ad
972 2205 1070 2261 iuga
1097 2205 1303 2245 montium
1325 2204 1722 2260 appropinquantes,

126 1615 305 1646 Thracibus

124 1658 231 1689 infesti
239 1663 322 1690 sunt.

1053 2363 1152 2394 tamis
1182 2363 1292 2394 Vales.
1324 2364 1365 2393 ad
1398 2363 1550 2401 Excerpt.
1583 2361 1721 2392 Peiresc.

1054 2417 1084 2446 p.
1113 2414 1161 2447 79.
1207 2406 1359 2437 Ceterum
1386 2416 1445 2435 vox
1477 2405 1625 2443 aequales
1652 2405 1721 2434 Du-

336 2363 517 2402 Antigonus
538 2363 624 2393 missi
647 2363 710 2393 sint
731 2364 771 2394 ad
793 2363 1008 2394 nuntiandum

335 2406 398 2445 regi
426 2406 654 2436 Bastarnarum
680 2407 866 2436 adventum.
913 2406 1008 2437 Cotto

334 2448 485 2478 nimirum
510 2449 626 2478 nobilis
647 2452 714 2479 erat
736 2449 917 2486 Bastarna;
941 2449 1005 2479 An-

335 2490 473 2529 tigonus
490 2491 613 2530 legatus
628 2491 728 2530 ipsius
746 2492 901 2530 Philippi.
948 2492 1005 2521 Ce-

335 2537 440 2563 terum
462 2533 515 2563 hic
534 2544 661 2572 quoque
683 2535 772 2564 locus
793 2538 942 2573 corrupte
964 2535 1006 2564 le—

335 2575 420 2615 gitur
435 2576 467 2605 in
484 2576 579 2605 unico
596 2576 788 2615 exemplari:
808 2578 921 2607 nobilis
936 2581 1006 2607 erac

336 2620 501 2648 Bastarna
517 2629 554 2649 ea
574 2629 623 2648 res
639 2620 823 2657 xlnlr'yomts
843 2630 938 2658 saepe
959 2621 1005 2648 in-

336 2663 422 2692 vitus
452 2672 521 2691 eum
553 2662 620 2700 ipso
648 2662 786 2691 (saltone.
833 2662 902 2691 Nos
933 2672 1005 2691 cum

337 2703 496 2734 edidimus
520 2704 738 2738 emendatum,
758 2704 872 2741 partim
898 2714 935 2732 ex
961 2704 1003 2733 Si-

336 2746 433 2785 gonii,
450 2747 566 2785 partim
584 2756 623 2776 cx
643 2745 795 2775 Grouovii
814 2746 1005 2775 coniectura.

337 2790 444 2820 Cum.

385 2842 394 2860 1
423 2834 490 2861 Nec
527 2833 613 2861 enim
649 2836 707 2861 emt
743 2832 872 2870 lin-qua]
920 2831 1005 2861 Num

339 2874 464 2912 utrique
489 2874 637 2904 Gallicae
662 2873 788 2911 originis
810 2878 908 2903 eraut.
957 2874 1007 2903 Dc

339 2917 511 2947 Scordiscis
529 2917 565 2947 cf.
585 2916 696 2946 lustin.
712 2917 809 2946 xxxii.
830 2926 855 2955 3.
874 2918 913 2947 (lc
935 2917 1006 2946 Bas-

1051 2450 1128 2478 kcro
1162 2452 1193 2479 et
1224 2448 1386 2480 Crerierio
1420 2447 1581 2485 displicet,
1613 2450 1647 2476 ut
1681 2448 1723 2477 ab

1050 2491 1156 2521 aliena
1172 2502 1269 2521 manu
1286 2492 1317 2521 in
1334 2493 1520 2520 contextum
1537 2490 1684 2528 ascripta.

1096 2544 1111 2563 ‘z
1136 2533 1482 2569 Aecommodabanlnr]
1526 2533 1577 2562 Ita
1614 2542 1720 2562 emen-

1051 2576 1139 2606 davit
1169 2575 1316 2615 Sigonius
1346 2585 1402 2614 pro
1435 2575 1519 2614 vulg.
1550 2576 1719 2606 commoda-

1051 2620 1178 2648 bantur.

1094 2669 1111 2697 3
1131 2662 1234 2697 Quum
1251 2661 1373 2697 subire]
1396 2661 1491 2690 Hanc
1505 2660 1719 2690 coniecturam

1053 2702 1206 2732 Gronovii
1224 2704 1337 2742 probat
1353 2703 1492 2733 Crevier.
1509 2704 1562 2733 sed
1581 2707 1719 2733 veterem

1052 2745 1235 2783 loctionmn,
1259 2758 1319 2786 quo
1344 2747 1398 2775 ubi
1425 2748 1484 2783 ire,
1507 2745 1645 2776 Bekker.
1671 2749 1719 2776 tu-

1052 2792 1130 2818 etur.

1096 2843 1113 2869 4
1139 2833 1235 2868 Quali
1256 2833 1453 2871 lcmpeslate]
1480 2831 1518 2861 cf.
1533 2830 1718 2861 Pausan.1‘u

1055 2874 1150 2904 Attio.
1169 2886 1198 2911 4.
1222 2875 1252 2905 iu
1278 2874 1408 2904 Phocic.
1427 2883 1475 2911 23.
1503 2874 1615 2904 lustin.
1634 2873 1718 2903 xxiv.

1053 2918 1080 2946 8.
