1960 3218
538 160 666 203 LIB.
701 159 896 201 XXXV.
942 158 1090 201 CAP.
1127 163 1190 201 15.
1490 162 1568 201 193

168 260 243 302 est,
265 251 382 293 velut
402 251 575 294 consilio
596 251 777 308 petitum
796 258 917 300 esset,
940 258 987 291 ut
1008 249 1130 291 vilior
1149 249 1203 291 ob
1220 264 1270 290 ea
1289 249 1378 305 regi
1402 248 1569 290 Hanni-
1583 258 1628 290 U.
1647 258 1685 290 C.
1708 266 1779 299 559·

168 309 236 351 bal
257 318 299 351 et
319 309 551 367 suspectior
571 309 624 350 ad
645 309 786 350 omnia
807 308 938 349 fieret.
1580 302 1620 334 A.
1645 302 1684 334 C.
1710 310 1779 342 Ῑ93·

141 385 153 406 1
230 366 447 418 Claudius,
466 376 633 409 secutus
653 366 837 408 Graecos
855 365 1072 407 Acilianos
1088 365 1228 414 libros,
1250 364 1299 406 P.
1317 364 1566 406 Africanum

168 425 214 466 in
244 441 294 467 ea
323 426 447 467 fuisse
478 425 687 481 legatione
720 424 869 465 tradit:
904 439 1087 479 eumque
1122 422 1281 479 Ephesi
1312 421 1567 464 collocutum

168 499 265 524 cum
299 483 552 525 Hannibale.
618 482 675 523 Et
710 497 946 523 sermonem
978 481 1104 522 etiam
1141 496 1274 522 unum
1310 480 1449 530 refert,
1482 495 1567 536 quo
1580 490 1746 529 Colloqui-

169 542 390 596 quaerenti
422 541 638 590 Africano,
669 545 822 596 ‘quem
850 539 975 580 fuisse
1006 539 1239 580 maximum
1270 538 1567 594 imperatorem
1580 544 1636 582 ΠΨ
1655 533 1779 573 Scipio-

171 604 183 623 ‘
200 598 416 640 Hannibal
443 598 682 640 crederet?’
713 597 991 654 respondisse,
1016 596 1337 637 ‘Alexandrum
1363 586 1782 650 hsstced0·11¹i{{3ffiale.

169 661 298 697 ‘num
328 672 470 713 regem
487 673 498 706 3
541 656 657 712 quod
684 671 811 712 parva
841 670 970 696 manu
1001 654 1327 696 innumerabiles
1358 654 1569 695 exercitus

170 714 384 764 ‘fudisset,
416 714 616 770 quodque
658 713 825 755 ultimas
856 728 960 762 oraS,
993 728 1096 768 quas
1127 713 1258 754 visere
1295 727 1420 768 supra
1451 727 1569 768 spem

171 771 425 813 ‘humanam
454 781 573 821 esset,
603 771 887 828 peragrasset.’
951 770 1185 819 Quaerenti
1213 769 1382 819 deinde,
1413 775 1570 825 ‘quem

140 830 432 871 2‘secundum
460 831 667 886 poneret?
707 829 948 886 Pyrrhum,'
982 828 1148 869 dixisse.
1213 827 1391 869 ‘Castra
1420 827 1570 868 metari

173 893 184 911 ‘
197 888 379 944 primum
397 888 587 929 docuisse
602 903 611 928 :
646 887 699 928 ad
715 887 795 928 hoc
812 887 1026 928 neminem
1044 886 1278 942 elegantius
1291 885 1382 926 loca
1395 885 1568 942 cepisse,

173 951 183 969 ‘
197 946 404 1002 praesidia
419 945 688 1002 disposuisse3
723 954 854 986 artem
871 945 997 986 etiam
1014 944 1266 985 conciliandi
1284 944 1363 984 sibi
1377 943 1570 984 homines

173 1009 290 1044 ‘eam
331 1004 536 1053 habuisse,
580 1012 627 1044 ut
669 1003 840 1044 Italicae
881 1011 1028 1059 gentes
1068 1002 1177 1058 regis
1218 1001 1396 1051 externi,
1440 1016 1568 1057 quam

173 1066 185 1085 ⁶
202 1061 348 1118 populi
378 1061 575 1111 Romani,
609 1070 694 1102 tam
719 1060 794 1101 diu
821 1061 1023 1117 principis
1049 1060 1093 1100 in
1119 1075 1168 1101 ea
1194 1069 1314 1109 terra,
1343 1059 1569 1115 imperium

173 1125 285 1160 ‘esse
327 1119 525 1161 mallent.'
605 1119 883 1174 Exsequenti,
927 1124 937 1142 ‘
955 1133 1082 1174 quem
1129 1117 1300 1159 tertium
1347 1116 1569 1158 duceret?’

170 1176 285 1218 haud
313 1177 440 1219 dubie
471 1183 630 1219 ‘semet
660 1176 816 1233 ipsum’
843 1176 1008 1217 dixisse.
1072 1175 1186 1217 Tum
1214 1176 1343 1216 risum
1375 1175 1570 1216 obortum

177 1234 378 1291 Scipioni,
394 1245 436 1277 et
449 1235 696 1276 subiecisse:
733 1240 745 1258 ‘
761 1234 978 1282 Quidnam
1000 1242 1047 1275 tu
1068 1233 1222 1283 dicere,
1239 1233 1274 1274 si
1290 1248 1357 1274 me
1373 1232 1570 1274 vicisses?

175 1293 314 1334 ‘Tum
336 1308 403 1334 me
424 1293 549 1343 vero‚’
570 1293 722 1348 inquit,
748 1297 814 1333 ‘et
835 1300 932 1333 ante
955 1291 1264 1340 Alexandrum,
1282 1300 1325 1332 et
1345 1298 1442 1332 ante
1465 1290 1571 1347 Pyr-

174 1357 184 1375 ‘
198 1350 334 1401 rhum,
350 1360 393 1392 et
406 1359 502 1392 ante
517 1366 663 1392 omnes
677 1350 778 1391 alios
795 1350 1067 1406 imperatores
1085 1350 1201 1391 esse.9
1252 1348 1308 1390 Et
1321 1347 1572 1405 perplexum

172 1408 336 1449 Punico
358 1418 447 1450 astu
474 1423 734 1465 responsum,
757 1416 800 1449 et
821 1408 1094 1464 improvisum
1122 1407 1417 1449 assentationis
1437 1421 1572 1463 genus

176 1465 417 1523 Scipionem
439 1467 629 1516 movisse,
653 1465 769 1522 quod
790 1481 812 1507 e
834 1480 960 1523 grege
982 1481 1025 1507 se
1047 1465 1349 1522 imperatorum
1369 1464 1486 1506 velut
1507 1464 1572 1505 in-

173 1524 473 1566 aestimabilem
495 1525 747 1566 secrevisset.

232 1581 386 1623 Villius
403 1583 454 1624 ab
478 1582 647 1639 Epheso
670 1582 906 1639 Apameam
928 1582 1151 1638 processit:
1185 1596 1235 1623 eo
1253 1589 1296 1623 et
1317 1580 1570 1630 Antiochus,

176 1639 319 1681 audito
339 1640 627 1681 Romanorum
644 1640 879 1697 legatorum
893 1640 1091 1689 adventu,
1111 1639 1302 1681 occurrit.
1357 1638 1573 1695 Apameae

176 1699 406 1754 congressis
427 1698 675 1755 disceptatio
704 1698 851 1740 eadem
873 1697 1002 1739 ferme
1025 1698 1117 1747 fuit,
1141 1713 1248 1753 quae
1281 1696 1442 1737 Romae
1465 1696 1575 1737 inter
1587 1703 1729 1752 Mo‘ritur⁸

181 1756 432 1804 Quinctium
449 1765 492 1798 et
512 1756 668 1813 legatos
684 1757 792 1813 regis
808 1756 955 1797 fuerat.
1010 1756 1128 1797 Mors
1145 1755 1337 1796 nuntiata
1354 1754 1573 1804 Antiochi,
1587 1757 1668 1786 reg1s
1684 1747 1779 1778 finus.

177 1813 253 1854 filii
285 1814 406 1870 regis,
437 1829 564 1870 quem
595 1815 767 1856 missum
794 1813 936 1870 paullo
967 1824 1065 1855 ante
1097 1813 1287 1854 dixeram
1318 1813 1363 1853 in
1397 1812 1573 1869 Syriam,

177 1871 347 1913 diremit
367 1872 587 1928 colloquia.
652 1872 837 1928 Magnus
864 1872 1001 1913 luctus
1022 1872 1067 1912 in
1094 1871 1209 1927 regia
1238 1871 1331 1920 fuit,
1354 1885 1576 1927 magnum-

178 1944 261 1985 que
293 1929 382 1971 eius
412 1930 576 1972 iuvenis
605 1930 872 1972 desiderium.
936 1929 988 1971 Id
1019 1930 1133 1971 enim
1159 1929 1240 1970 iam
1271 1928 1486 1985 specimen
1511 1928 1576 1969 sui

178 1987 365 2037 dederat,
388 1996 448 2037 ut,
471 1988 505 2029 si
530 1988 616 2030 vita
635 1988 801 2044 longior
821 1988 1077 2044 contigisset,
1100 1987 1242 2043 magni
1263 1986 1446 2042 iustique
1468 1986 1576 2042 regis

178 2045 224 2085 in
252 2060 302 2086 eo
327 2045 513 2087 indolem
540 2045 665 2087 fuisse
695 2053 926 2102 appareret.
992 2045 1091 2093 Quo
1117 2045 1250 2086 carior
1280 2044 1576 2100 acceptiorque

179 2102 373 2144 omnibus
401 2112 502 2153 erat,
524 2119 574 2144 eo
600 2118 711 2144 mors
736 2104 825 2144 eius
847 2103 1078 2159 suspectior
1101 2101 1194 2151 fuit,
1216 2116 1385 2158 gravem
1414 2116 1577 2142 sucees-

1655 1578 1720 1619 15.

227 2263 238 2284 1
258 2253 427 2290 Claudius,
439 2257 565 2283 seculus
582 2255 720 2283 Graecos
734 2254 760 2282 A
768 2252 855 2282 cilia-

901 2251 961 2282 dus
984 2256 1041 2288 est,
1065 2251 1119 2291 qui
1143 2262 1219 2282 mox
1242 2251 1396 2291 sequitur,
1420 2251 1474 2282 ubi
1500 2252 1579 2291 Pyr-

179 2306 236 2327 nos
251 2297 363 2334 libros]
396 2295 561 2326 Acilianos
584 2295 680 2325 libros
695 2305 712 2325 e
730 2294 856 2325 Graeco

901 2294 976 2325 rhus
999 2298 1169 2334 propterea
1187 2294 1349 2329 landatur,
1364 2295 1449 2333 quod
1467 2294 1578 2325 effece-

179 2337 212 2368 in
252 2338 404 2370 Latinum
447 2348 625 2368 sermonem
665 2337 856 2368 convertisse

180 2381 337 2413 Claudius
353 2380 470 2411 dicitur
485 2391 570 2421 supr.
587 2391 662 2411 xxv.
676 2389 725 2421 39.
750 2381 856 2411 ΟΜΝ.

226 2434 242 2454 2
268 2425 383 2455 Castra
404 2425 517 2454 metari
539 2425 678 2463 primum
696 2424 854 2461 (loc-uisse]

182 2466 303 2497 Totum
325 2467 386 2497 hoc
402 2466 562 2506 Scipionis
578 2476 650 2496 cum
670 2466 858 2496 Hannibale

184 2510 393 2549 colloquium,
420 2519 518 2548 quum
547 2509 678 2539 aliunde
705 2509 857 2539 fabellam

184 2562 247 2582 non
271 2563 346 2582 sane
369 2552 542 2582 admodum
569 2552 730 2588 ingeniose
748 2552 857 2581 fictam

184 2605 295 2634 sapere
321 2595 455 2631 videtur,
478 2599 546 2624 tum
572 2595 697 2624 duobus
717 2595 858 2624 maxime

185 2637 217 2667 in
249 2637 326 2667 locis
354 2636 473 2667 indicat
501 2638 688 2667 Romanum
716 2637 857 2676 aliquem

185 2679 365 2719 argumenti
396 2679 603 2710 conditorem.
657 2679 784 2710 Primus
811 2684 859 2709 cst

185 2722 238 2752 hic
262 2722 341 2761 ipse,
359 2721 410 2751 ubi
430 2722 571 2761 Pyrrhus
594 2722 765 2752 universim
783 2722 858 2752 ‹lici—

186 2769 238 2795 tur
269 2768 371 2795 castra
400 2765 514 2794 metari
553 2765 673 2803 primus
704 2765 859 2801 docuisse,

186 2817 286 2846 quum
312 2808 344 2837 id
373 2808 599 2837 tantummodo
625 2818 732 2838 verum
758 2808 797 2837 sit
821 2809 860 2838 de

187 2849 355 2885 Romanis,
369 2849 433 2888 qui,
447 2853 527 2880 teste
545 2850 710 2887 Frontino,
726 2851 861 2890 Strateg.

187 2892 227 2923 iv.
246 2902 270 2923 1.
288 2892 390 2932 captis
406 2892 474 2922 eius
489 2892 599 2923 castris
614 2903 652 2923 cx
670 2903 780 2923 eorum
797 2903 861 2924 me-

187 2935 309 2966 tatione
325 2945 416 2966 suam
432 2935 695 2967 emendzwerunt.
742 2936 860 2968 Secun-

246 2991 346 3019 VOL.
370 2991 432 3019 111.

901 2337 941 2367 rit
964 2341 999 2367 ut
1025 2337 1159 2368 Italicae
1181 2341 1292 2377 gentes
1315 2337 1383 2368 eius
1406 2337 1578 2376 imperium

902 2390 969 2410 esse
996 2380 1142 2417 mallent,
1165 2390 1263 2419 quam
1287 2380 1401 2420 populi
1426 2380 1578 2417 Romani,

902 2423 1026 2453 tamdiu
1049 2423 1201 2462 principis
1223 2423 1255 2453 in
1277 2434 1315 2453 ea
1334 2427 1436 2453 terra:
1466 2433 1529 2462 qua
1546 2422 1577 2453 in

903 2466 999 2497 laude
1018 2466 1141 2505 Pyrrho
1157 2465 1276 2496 tributa
1300 2476 1367 2496 sese
1389 2465 1483 2496 simul
1508 2476 1578 2505 pro-

903 2509 949 2539 dit
978 2509 1033 2538 illa
1059 2509 1227 2539 Romanae
1253 2508 1372 2547 gloriae
1397 2508 1579 2545 admiratio,

903 2562 998 2590 quam
1016 2552 1134 2590 ubique
1155 2552 1338 2591 praeferunt
1356 2552 1579 2581 Romanorum

903 2593 1031 2633 scripta.
1079 2594 1141 2624 His
1171 2595 1254 2625 adde
1277 2595 1362 2633 quod
1387 2594 1580 2624 Plutarchus

904 2637 935 2666 in
962 2637 1097 2676 Pyrrho,
1122 2637 1161 2667 dc
1187 2637 1247 2667 hoc
1273 2637 1385 2667 eodem
1418 2637 1579 2675 colloquio

903 2690 1011 2719 agens,
1027 2680 1121 2710 aliter
1137 2680 1269 2709 omnino
1286 2690 1351 2710 rem
1374 2683 1490 2710 narrat.
1538 2680 1579 2709 A·

905 2723 969 2762 pud
995 2733 1081 2759 eum,
1103 2723 1192 2753 nulla
1218 2722 1393 2753 Alexandri
1417 2722 1580 2752 mentione

905 2766 1000 2799 iacta„
1019 2766 1162 2804 Pyrrhus
1176 2766 1217 2795 ah
1236 2765 1422 2795 Hannibale
1448 2765 1581 2804 primus,

905 2809 1065 2838 sccundus
1081 2808 1200 2848 Scipio,
1216 2808 1327 2838 tertius
1346 2808 1511 2837 Hannibal
1535 2807 1581 2845 ip-

906 2861 939 2881 se
959 2850 1161 2882 nominatur:
1188 2851 1350 2891 quomodo
1376 2850 1456 2889 perit
1479 2849 1582 2879 omnis

906 2893 1002 2923 huius
1025 2894 1190 2932 sermonis,
1209 2904 1226 2924 a
1246 2893 1338 2924 Livio
1355 2893 1514 2930 laudatus,
1540 2892 1582 2922 lc-

906 2946 974 2976 pos.
998 2936 1104 2968 Cnev.

1326 2991 1352 3017 Ο
