1960 3218
578 141 705 182 LIB.
741 139 938 181 XXXII.
986 139 1132 182 CAP.
1168 145 1205 182 6.
1535 146 1586 185 51

188 229 361 285 quidem
377 244 453 286 per
468 229 572 272 haec
593 231 837 272 societatem
853 230 1056 272 firmabat.
1120 229 1408 272 Macedonum
1429 231 1590 273 animos
1603 241 1649 274 U.
1667 242 1705 274 C.
1727 251 1799 282 553·

157 287 266 327 zsibi
287 287 536 329 conciliavit.
603 287 749 336 Quum
776 287 1049 329 Heraclidem
1075 288 1258 329 amicum
1286 288 1494 330 maximae
1523 286 1646 357 iri-{³3-
1663 286 1711 358 {3-
1731 295 1799 326 Ι99-

186 343 324 385 vidiae
355 345 434 386 sibi
469 359 557 386 esse
591 353 793 395 cerneiet,
827 344 969 386 multis
1004 345 1250 386 criminibus
1285 354 1505 386 oneratum
1541 362 1585 387 1n
1600 329 1773 401 ᾱξῃᾶξπθ

187 401 355 442 vincula
385 402 576 452 coniecit,
609 402 773 459 ingenti
807 402 1073 459 populalium
1108 402 1275 458 gaudio.
1339 401 1519 452 Bellum,
1553 403 1586 444 si

187 458 358 523 quando
379 474 566 515 unquam
588 470 684 501 ante
705 459 817 510 alias,
840 469 931 500 tum
959 474 1111 516 magna
1137 475 1237 501 cura
1262 460 1489 524 apparavit,
1512 475 1586 501 ex-

185 516 403 581 ercuitque
432 517 477 557 in
505 517 628 558 armis
656 526 698 558 et
724 516 996 567 Macedonas,
1027 526 1071 558 et
1097 532 1376 559 mercenarios
1406 517 1494 558 mili
1498 525 1582 558 tes:

183 572 475 629 principioque
496 575 604 616 veris
632 589 729 616 cum
751 574 1026 630 Athenagora
1053 575 1195 616 omnia
1215 583 1389 615 externa
1415 574 1582 625 auxilia,
1599 583 1795 616 FaueesAn-

184 630 384 686 quodque
405 631 507 672 levis
528 640 761 673 armaturae
784 640 883 681 erat,
906 632 951 672 in
975 631 1212 673 Chaoniam
1233 647 1309 687 per
1331 631 1509 688 Epirum
1531 626 1744 673 adt¹g01¹e¹⁰

184 687 450 743 occupandas
471 703 579 754 quae
601 689 654 730 ad
673 689 959 745 Antigoneam
975 689 1116 730 fauces
1136 697 1246 739 sunt,
1264 688 1417 745 (Stena
1432 698 1584 731 vocant
1596 674 1743 708 occupat

186 743 361 810 Graeci)
391 746 515 788 misit.
578 746 673 802 Ipse
709 755 804 802 post
833 746 978 802 paucis
1013 746 1162 788 diebus
1196 747 1383 812 graviore
1415 755 1582 788 secutus

182 802 362 857 agmine,
392 818 525 859 quum
555 804 682 844 situm
714 819 882 845 omnem
914 804 1097 860 legionis
1128 804 1370 860 aspexisset,
1399 804 1581 846 maxime

181 859 383 901 idoneum
399 861 453 902 ad
473 861 752 903 muniendum
768 861 909 903 locum
930 861 1109 903 c1ed1d1t
1124 877 1212 903 esse
1233 870 1399 917 praeter
1414 876 1583 903 amnem

181 916 338 958 Aoum.
400 917 442 959 Is
466 918 577 960 inter
604 928 781 969 montes,
804 934 983 975 quorum
1012 919 1191 960 alterum
1217 920 1450 975 Aeropum,
1480 919 1584 960 alte-

181 989 275 1015 rum
293 974 484 1017 Asnaum
502 976 663 1018 incolae
677 986 841 1026 vocant,
856 985 1033 1033 angusta
1046 976 1153 1018 valle
1166 976 1271 1026 fluit,
1287 976 1366 1018 iter
1379 977 1580 1032 exiguum

181 1046 308 1088 super
341 1033 475 1089 ripam
510 1034 726 1090 praebens.
790 1035 982 1075 Asnaum
1016 1034 1334 1099 Athenagoram
1370 1049 1467 1074 cum
1497 1034 1707 1075 leviCastra
1722 1045 1763 1075 ad

182 1098 391 1132 armatura
416 1100 558 1132 tenere
588 1106 635 1132 ac
656 1092 917 1133 communire
943 1092 1082 1133 iubet:
1117 1092 1205 1148 ipse
1237 1092 1281 1132 in
1303 1091 1476 1147 Aelopo
1503 1107 1579 1148 po·
1592 1087 1699 1117 Aoum
1716 1097 1771 1127 1³0-

181 1147 265 1188 suit
304 1157 447 1189 castra.
513 1148 612 1196 Qua
647 1149 828 1190 abscisae
864 1164 989 1205 rupes
1025 1158 1156 1198 erant,
1191 1149 1314 1190 statio
1349 1164 1579 1204 paucorum
1591 1129 1649 1160 mt

180 1213 433 1246 armatorum
456 1206 650 1255 tenebat3
684 1221 791 1262 quae
814 1206 953 1247 minus
978 1214 1067 1247 tuta
1094 1214 1225 1256 erant,
1249 1206 1329 1247 alia
1348 1206 1477 1255 fossis,
1501 1205 1581 1247 alia

179 1260 309 1326 vallis,
332 1262 412 1304 alia
441 1263 621 1304 turlibus
642 1263 871 1304 muniebat.
935 1262 1096 1319 hlagna
1123 1271 1429 1305 tormentorum
1453 1263 1580 1304 etiam

178 1319 253 1368 vis,
275 1327 323 1361 ut
343 1319 566 1362 missilibus
590 1320 737 1377 procul
765 1329 956 1362 arcerent
983 1321 1160 1370 hostem,
1183 1320 1346 1361 idoneis
1370 1319 1472 1361 locis
1497 1320 1581 1360 dis-

179 1377 315 1432 posita
335 1387 407 1418 est.
471 1377 814 1419 Tabernaculum
843 1378 1005 1434 regium
1034 1393 1109 1434 pro
1138 1377 1259 1427 vallo,
1282 1378 1326 1418 in
1355 1385 1580 1433 conspecto

179 1434 361 1475 maxime
400 1435 575 1485 tumulo,
610 1445 659 1476 ut
694 1445 896 1477 terrorem
929 1435 1131 1485 hostibus,
1167 1435 1336 1491 suisque
1373 1449 1490 1490 spem
1526 1449 1579 1475 ex

179 1491 334 1532 fiducia
354 1492 522 1542 faceret,
545 1493 739 1549 positum.

148 1558 165 1589 3
240 1548 414 1597 Consul,
451 1565 527 1606 per
569 1549 816 1606 Charopum
856 1550 1060 1606 Epiroten
1102 1550 1254 1592 certior
1293 1549 1438 1599 factus,
1473 1564 1578 1605 quos
1671 1551 1709 1590 6.

179 1605 306 1647 saltus
327 1622 423 1648 cum
445 1608 632 1648 exercitu
660 1607 882 1649 insedisset
901 1623 990 1657 rex,
1013 1616 1056 1649 et
1083 1607 1186 1663 ipse,
1209 1622 1342 1663 quum
1366 1606 1578 1663 Corcyrae
1593 1606 1715 1638 Consul

179 1663 452 1714 hibernasset,
496 1679 590 1706 vere
631 1665 767 1721 primo
808 1665 852 1705 in
893 1665 1182 1706 continentem
1219 1672 1489 1714 transvectus,
1526 1664 1580 1705 ad
1592 1660 1667 1680 ‘¹¹⁰³‘
1683 1651 1786 1681 adest.

178 1720 343 1762 hostem
384 1722 538 1763 ducere
579 1722 727 1778 pergit.
795 1722 997 1777 Quinque
1034 1721 1164 1762 millia
1198 1721 1329 1763 selme
1366 1722 1418 1762 ab
1454 1721 1580 1777 regiis

180 1779 323 1819 castris
352 1794 484 1834 quum
515 1780 689 1828 abesset,
716 1779 809 1820 loco
838 1779 1002 1820 munito
1030 1778 1184 1820 relictis
1212 1779 1460 1835 legionibus,
1490 1779 1578 1834 ipse

179 1849 275 1876 cum
308 1837 515 1892 expeditis
545 1851 786 1893 progressus
813 1836 867 1877 ad
891 1836 1148 1901 speculanda
1177 1836 1280 1886 loca,
1309 1845 1478 1892 postero
1509 1836 1578 1876 die

179 1892 401 1934 consilium
441 1893 600 1943 habuit,
637 1902 778 1935 utrum
819 1908 895 1949 per
934 1894 1138 1935 insessum
1172 1894 1224 1935 ab
1257 1893 1376 1934 hoste
1412 1893 1577 1942 saltum,

179 1965 420 2006 quanquam
443 1951 589 1992 labor
579 1966 728 2007 lngens
748 1950 1068 2016 periculumque
1089 1959 1407 2007 proponeretur,
1431 1951 1579 1992 transi-

179 2015 270 2048 tum
293 2016 495 2057 tentaret3
529 2023 581 2049 an
603 2008 752 2049 eodem
775 2009 938 2058 itincre,
961 2024 1046 2064 quo
1067 2009 1204 2064 priore
1226 2023 1337 2049 anno
1368 2007 1579 2064 Sulpicius

180 2063 484 2106 Macedoniam
516 2066 752 2115 intraverat,
776 2065 1109 2106 circumduceret
1137 2066 1288 2121 copias.
1352 2065 1449 2106 Hoc
1478 2080 1578 2105 con-

179 2121 318 2162 silium
340 2137 415 2178 per
437 2122 587 2163 multos
608 2123 698 2163 dies
714 2122 888 2178 agitanti
908 2122 1082 2163 nuntius
1099 2123 1227 2172 venit,
1251 2123 1302 2164 Τ
1326 2122 1578 2170 Quinctium

179 2179 395 2220 consulem
435 2180 604 2230 factum,
647 2180 923 2235 sortitumque
964 2179 1222 2236 provinciam
1264 2179 1576 2229 Macedoniam,

179 2244 385 2278 maturato
406 2237 556 2278 itinere
578 2237 661 2278 iam
680 2238 909 2294 Corcyram
926 2237 1146 2279 traiecisse.
1209 2237 1403 2278 Valerius
1424 2237 1577 2277 Antias

179 2294 352 2335 intrasse
373 2294 525 2336 saltum
546 2294 724 2335 Villium
750 2294 890 2344 tradit,
913 2294 1014 2351 quia
1040 2303 1154 2337 recto
1179 2295 1328 2337 itinere
1350 2294 1575 2349 nequierit,

178 2352 373 2393 omnibus
393 2367 418 2393 a
433 2367 529 2409 rege
550 2352 728 2402 insessis,
751 2361 942 2393 secutum
963 2352 1126 2401 vallem,
1148 2367 1224 2409 per
1245 2367 1371 2409 quam
1393 2351 1576 2392 mediam

178 2408 309 2450 fertur
340 2409 459 2451 Aous
490 2410 650 2458 amnis3
683 2418 811 2465 ponte
843 2410 994 2465 raptim
1024 2410 1145 2474 facto,
1176 2425 1220 2450 1n
1246 2410 1393 2465 ripam,
1419 2409 1464 2449 in
1492 2423 1576 2464 qua

178 2475 298 2507 erant
333 2475 466 2508 castra
499 2467 625 2522 regia,
664 2475 965 2522 transgressum
1001 2467 1088 2507 acie
1130 2467 1390 2508 conflixisse:
1434 2465 1573 2506 fusum

224 2604 241 2624 2
265 2595 333 2625 Sibi
348 2597 539 2627 conciliavit.
583 2597 689 2633 Quum
704 2597 852 2627 Heracli·
898 2596 1022 2626 mavult
1046 2595 1240 2632 Gronovius,
1264 2595 1318 2625 sed
1342 2594 1468 2625 codices
1491 2594 1573 2625 Dra-

180 2637 250 2668 dem
265 2639 418 2675 amicum]
450 2638 556 2668 Voces
578 2640 638 2669 sibi
661 2640 854 2676 conciliavit,
899 2638 1129 2669 kenborchiani
1166 2637 1198 2667 in
1236 2637 1495 2668 terminationem
1526 2647 1572 2668 se-

181 2688 260 2718 quas
276 2679 447 2710 Bekkerus
462 2680 568 2710 omisit
584 2685 616 2711 et
632 2681 737 2711 locum
759 2686 854 2711 aster·
900 2681 1024 2711 eundae
1040 2679 1264 2711 declinationis
1287 2680 1475 2710 servandam
1500 2690 1572 2710 con-

181 2720 253 2751 iscis
266 2721 421 2759 distinxit,
433 2722 579 2761 ignorant
591 2733 702 2753 omnes
718 2724 855 2761 codices,
899 2723 1031 2762 spirant.
1077 2722 1154 2752 Fuit
1183 2726 1292 2753 autem
1318 2722 1364 2752 vir
1394 2723 1513 2761 probus
1542 2726 1574 2752 et

181 2763 237 2794 sed
253 2764 303 2794 ed.
322 2765 450 2795 Ascens.
467 2775 518 2796 an.
539 2774 627 2804 1513.
645 2776 698 2796 eas
714 2766 854 2796 exhibet.
900 2766 1022 2796 amicus
1044 2765 1212 2801 Romanis,
1233 2765 1288 2795 sed
1312 2764 1407 2794 huius
1431 2764 1573 2803 Charopi

183 2806 335 2845 Vulgaris
359 2807 454 2837 lectio
478 2819 549 2838 cum
572 2810 757 2845 Heraclide,
780 2819 856 2838 nam
900 2818 1001 2847 nepos
1017 2808 1172 2847 pessimus
1190 2807 1287 2837 homo
1304 2812 1383 2842 erat,
1398 2807 1518 2837 invisus
1533 2808 1574 2836 ob

181 2859 278 2889 quum
296 2860 367 2880 enm
383 2849 470 2880 haud
487 2850 583 2881 dubie
599 2852 752 2881 mendosa
768 2855 824 2881 est.
901 2851 1124 2880 crudelitatem
1156 2854 1225 2879 tum
1258 2850 1479 2889 popularibus,
1503 2854 1573 2879 tum

226 2900 243 2930 3
268 2892 450 2931 Charopum
473 2894 648 2932 Epiroten]
678 2894 857 2933 Charopem
902 2892 1070 2924 Romanis.
1102 2893 1140 2923 cf.
1160 2893 1275 2931 Polyb.
1293 2892 1390 2922 xxvii.
1412 2901 1460 2930 ¹3·

1270 2936 1342 2973 52
