1960 3218
336 142 420 182 360
853 136 1002 179 TITI
1044 136 1224 179 LIVII

129 240 174 273 U.
191 241 230 273 C.
253 240 325 281 564·
339 229 511 271 Fulvius
556 228 806 279 Sardiniam,
846 228 927 285 Ap.
955 228 1161 270 Claudius
1197 228 1445 277 Tarentum,
1488 225 1551 267 M.
1587 224 1738 267 Furius

127 285 168 316 A.
193 285 232 317 C.
257 284 326 315 188.
343 287 537 329 Galliam·

129 357 198 393 Qui
215 358 322 397 pulsa·
403 345 467 387 Eo
510 360 621 386 anno
657 344 707 386 L.
732 344 951 385 Minucius
988 343 1189 400 Myrtilus
1231 352 1274 384 et
1311 342 1360 383 L.
1386 341 1586 391 Manlius,
1624 340 1740 397 quod

127 404 205 473 rant]
217 401 244 431 P
247 411 298 431 oe-
342 403 502 459 legatos
555 402 927 458 Carthaginienses
971 402 1154 458 pulsasse
1205 401 1467 449 dicebantur,
1514 400 1627 440 iussu
1673 397 1737 439 Μ.

127 447 518 517 {ffiiffiatos'Claudii
548 461 749 517 praetoris
779 460 893 501 urbis
923 474 999 516 per
1025 459 1186 500 fetiales
1213 458 1354 500 traditi
1383 466 1482 499 sunt
1508 456 1668 513 legatis,
1698 468 1742 496 et

132 528 177 560 U.
196 529 233 560 C.
257 527 328 568 565.
345 519 649 575 Carthaginem
671 519 816 560 avecti.

130 572 170 602 A·
195 572 234 603 C·
259 573 328 611 187·
402 576 454 617 In
488 577 716 633 Liguribus
751 575 893 632 magni
929 575 1042 625 belli,
1075 583 1118 615 et
1149 573 1362 629 gliscentis
1394 573 1438 613 in
1472 573 1561 614 dies
1593 571 1739 627 magis,

343 634 453 676 fama
475 644 572 676 erat.
636 634 786 690 Itaque
816 633 1057 674 consulibus
1086 632 1217 680 novis,
1241 647 1325 687 quo
1346 631 1414 672 die
1437 631 1488 671 de
1515 629 1741 686 provinciis

130 700 179 749 Μ.
193 701 303 732 Aemi-
344 701 387 733 et
418 693 470 733 de
501 692 718 748 republica
747 691 994 739 retulerunt,
1028 698 1196 730 senatus
1227 689 1414 744 utrisque
1441 688 1620 743 Ligures
1645 702 1742 742 pro-

130 744 187 816 ᾆξ’
204 745 283 819 CCF
286 745 330 775 ¹³·
343 750 523 792 vinciam
560 749 757 791 decrevit.
823 748 938 789 Huic
975 746 1337 788 senatusconsulto
1372 746 1562 802 Lepidus
1597 743 1743 786 consul

130 798 330 869 ngtfflesffls'
343 807 645 856 intercedebat,
674 813 685 830 ‘
702 806 933 862 Indignum
956 805 1061 846 esse'
1082 804 1339 860 praedicans,
1369 809 1380 827 ‘
1393 803 1583 844 consules
1600 802 1743 843 ambos

130 873 296 912 provincia
347 866 417 906 ‘in
439 865 565 907 valles
586 865 792 920 Ligurum
822 860 994 904 includi.
1060 862 1121 903 M.
1142 861 1336 903 Fulvium
1365 869 1408 902 et
1432 861 1512 902 Cn.
1530 859 1743 901 Manlium

133 915 223 949 0⁰⁵³·
346 929 357 948 ‘
372 923 593 965 biennium
618 923 715 972 iam,
738 922 915 963 alterum
942 921 985 961 in
1013 920 1197 976 Europa,
1221 919 1399 960 alterum
1424 919 1467 959 in
1490 918 1606 968 Asia,
1628 917 1744 959 velut

346 987 448 1037 ‘pro
470 980 669 1036 Philippo
691 989 818 1036 atque
837 978 1054 1021 Antiocho
1071 977 1329 1026 substitutos,
1352 992 1537 1033 regnare.
1605 975 1649 1018 Si
1670 991 1744 1016 ex-

346 1045 357 1063 ‘
373 1039 527 1080 ercitus
547 1038 590 1079 in
613 1038 677 1079 his
699 1038 818 1079 terris
844 1052 932 1078 esse
958 1036 1133 1093 placeat,
1157 1035 1347 1076 consules
1369 1035 1418 1075 iis
1439 1035 1591 1090 potius,
1615 1048 1741 1090 quam
1756 1051 1773 1072 2

345 1102 356 1120 ⁶
373 1097 569 1153 privatos,
591 1111 781 1152 praeesse
804 1103 1008 1151 oportere.
1071 1093 1228 1149 Vagari
1250 1108 1321 1134 eos
1342 1107 1439 1133 cum
1461 1092 1561 1134 belli
1588 1100 1741 1133 terrore

345 1161 448 1211 ‘per
482 1154 687 1203 nationes,
723 1153 876 1209 quibus
917 1151 1075 1194 bellum
1119 1150 1328 1191 indictum
1370 1165 1457 1191 non
1491 1150 1557 1199 sit,
1594 1164 1742 1206 pacem

345 1218 356 1236 ‘
372 1213 508 1268 pretio
530 1212 806 1253 venditantes.
867 1210 911 1251 Si
933 1225 1001 1251 eas
1022 1209 1256 1265 provincias
1278 1208 1531 1249 exercitibus
1552 1208 1741 1249 obtinere

346 1276 357 1294 ‘
373 1285 478 1325 opus
503 1278 636 1319 esset3
670 1269 778 1310 sicut
807 1268 880 1309 M’.
898 1267 1038 1308 Acilio
1065 1266 1114 1307 L.
1138 1266 1279 1322 Scipio
1301 1265 1459 1315 consul,
1483 1265 1533 1306 L.
1556 1264 1743 1321 Scipioni

345 1327 435 1368 ‘M.
465 1327 637 1368 Fulvius
673 1335 715 1367 et
755 1325 835 1367 Cn.
864 1324 1053 1366 Manlius
1089 1324 1383 1364 successissent
1419 1323 1638 1372 consules3
1686 1323 1744 1363 ita

346 1385 522 1427 ‘Fulvio
559 1384 809 1439 BIanlioque
850 1382 900 1423 C.
929 1382 1099 1423 Livium
1136 1389 1178 1422 et
1215 1380 1276 1422 M.
1297 1380 1514 1421 Valerium
1551 1380 1744 1421 consules

345 1450 357 1468 ‘
373 1443 566 1484 debuisse
589 1441 824 1483 succedere.
890 1440 1019 1480 Nunc
1045 1448 1170 1488 certe,
1193 1438 1378 1494 perfecto
1400 1438 1597 1480 Aetolico
1619 1438 1742 1488 bello,

345 1508 356 1526 ⁶
373 1510 541 1557 recepta
562 1501 612 1541 ab
635 1499 851 1541 Antiocho
876 1498 989 1547 Asia,
1014 1497 1197 1554 devictis
1214 1496 1361 1546 Gallis,
1384 1504 1454 1537 aut
1477 1495 1668 1537 consules
1690 1495 1744 1537 ad

346 1559 583 1600 ‘exercitus
619 1556 858 1598 consulares
899 1556 1022 1604 mitti,
1060 1564 1133 1595 aut
1168 1554 1370 1610 reportari
1406 1553 1592 1609 legiones
1628 1553 1742 1603 inde,

345 1616 578 1672 ‘reddique
630 1615 803 1656 tandem
858 1613 1112 1669 reipublicae
1164 1612 1344 1653 debere?
1436 1611 1627 1661 Senatus,
1679 1611 1744 1652 his

345 1674 511 1723 auditis,
543 1674 587 1714 in
621 1672 831 1714 sententia
865 1670 1158 1728 perseveravit,
1192 1678 1238 1710 ut
1271 1668 1511 1711 consulibus
1541 1669 1743 1710 ambobus

346 1732 524 1788 Ligures
556 1731 771 1787 provincia
803 1738 934 1770 esset:
975 1728 1188 1769 Manlium
1222 1727 1502 1783 Fulviumque
1537 1726 1742 1768 decedere

345 1791 398 1831 de
420 1789 658 1846 provinciiS,
678 1797 719 1829 et
742 1787 951 1828 exercitus
960 1786 1067 1826 inde
1086 1785 1309 1835 deducere,
1328 1784 1527 1841 achedire
1547 1785 1741 1834 Romam,

344 1848 513 1904 placuit.

197 1909 265 1948 43.
404 1905 656 1947 Inimicitiae
684 1905 794 1945 inter
822 1903 884 1945 M.
904 1902 1098 1944 Fulvium
1128 1910 1170 1943 et
1192 1901 1254 1943 M.
1271 1901 1503 1943 Aemilium
1527 1900 1742 1942 consulem

346 1973 491 2005 erant:
533 1972 575 2004 et
610 1977 735 2018 super
770 1971 909 2002 cetera
943 1960 1164 2010 Aemilius,
1199 1959 1329 2000 serius
1365 1959 1537 2000 biennio
1568 1974 1610 1999 se
1642 1973 1744 1999 con-

345 2022 479 2063 sulem
515 2021 670 2062 tactum
708 2019 771 2060 M.
797 2019 933 2060 Fulvii
970 2033 1108 2074 opera,
1143 2017 1334 2058 ducebat.
1398 2016 1547 2072 Itaque
1589 2016 1643 2057 ad
1678 2016 1774 2060 in-3

344 2080 500 2120 vidiam
543 2079 581 2119 ei
624 2077 858 2118 faciendam
894 2076 1052 2132 legatos
1088 2075 1411 2118 Ambracienses
1452 2074 1497 2114 in
1536 2082 1742 2123 senatum,

134 2151 289 2182 Fulvium
346 2138 592 2178 subornatos
628 2135 883 2184 criminibus,
920 2133 1166 2174 introduxit.
1249 2132 1336 2181 Qui
1373 2132 1492 2181 ‘sibi,
1531 2147 1664 2187 quum
1698 2131 1776 2175 in4

131 2195 297 2250 Anibmci-
349 2201 360 2218 ‘
375 2210 477 2251 pace
501 2203 650 2242 essent,
674 2193 962 2248 imperataque
989 2207 1012 2232 a
1037 2191 1244 2247 prioribus
1269 2190 1509 2231 consulibus
1533 2190 1741 2239 fecissent,

134 2248 419 2310 {epsssaecu-get
451 2252 598 2293 eadem
632 2259 839 2307 praestare
876 2249 1122 2290 obedienter
1155 2247 1217 2288 M.
1241 2248 1389 2289 Fulvio
1425 2248 1557 2303 parati
1590 2255 1741 2295 essent,

207 2307 215 2315 ”
349 2310 532 2352 ‘bellum
564 2309 744 2349 illatum'
773 2308 924 2363 questi,
960 2312 1105 2362 ‘agros
1135 2306 1316 2361 primum
1350 2305 1637 2361 depopulatos,
1661 2316 1743 2344 ter·-

348 2375 512 2409 ‘rorem
545 2365 793 2421 direptionis
829 2374 871 2405 et
907 2364 1046 2405 caedis
1082 2363 1174 2405 urbi
1210 2363 1425 2411 iniectum,
1461 2371 1506 2403 ut
1542 2378 1592 2403 eo
1625 2370 1743 2402 metu

347 2432 359 2450 ‘
374 2426 567 2466 claudere
590 2431 841 2479 cogerentur
862 2431 1013 2478 portas.
1060 2422 1261 2462 Obsessos
1283 2419 1437 2460 deinde
1460 2428 1502 2460 ct
1524 2435 1742 2475 oppugna-

348 2490 438 2523 ‘tos
466 2498 523 2531 se,
547 2490 589 2522 et
620 2480 761 2521 onmia
792 2479 986 2535 exempla
1015 2478 1114 2520 belli
1146 2478 1259 2519 edita
1289 2478 1332 2517 in
1364 2492 1420 2525 sc,
1444 2477 1655 2527 caedibus,
1678 2477 1743 2517 in-

348 2546 358 2565 (
375 2540 547 2588 ccndiis,
570 2538 715 2587 ruinis,
738 2537 976 2592 direptione
1003 2536 1137 2577 urbis:
1172 2535 1385 2590 coniuges,
1409 2534 1560 2575 liberos
1585 2535 1629 2575 iu
1657 2549 1743 2575 ser-

389 2706 405 2726 e
431 2697 532 2733 Quam
563 2695 724 2733 privatos]
765 2692 930 2723 Malitiose
962 2692 1020 2722 Le-
1066 2692 1137 2722 edd.
1158 2692 1281 2722 dicebat
1301 2694 1445 2727 tuentur,
1460 2692 1516 2721 sed
1535 2691 1741 2722 Drakenbor-

346 2740 439 2779 pidus
459 2738 641 2768 consulares
666 2736 740 2765 illos
760 2737 907 2775 prii-alos
931 2735 1020 2772 dit-it,
1066 2734 1167 2771 chius,
1186 2739 1351 2764 auctorem
1377 2734 1577 2765 Gronovium
1602 2737 1742 2771 secutus,

344 2792 419 2813 cum
455 2781 648 2817 consulares,
679 2779 733 2817 qui
773 2787 846 2807 culn
885 2777 1021 2816 imperio
1066 2778 1200 2807 ducebat
1216 2777 1367 2815 reposuit.

344 2828 428 2861 sunt,
454 2833 563 2854 revera
584 2821 700 2862 privati
717 2820 780 2851 dici
802 2831 865 2850 non
888 2819 1019 2859 possint.
1109 2830 1128 2857 4
1151 2821 1365 2858 &alim-natas]
1427 2819 1523 2851 Clam
1568 2819 1741 2850 instructos

344 2869 472 2899 RAseu.
1067 2862 1354 2895 criminationibus.

379 2919 397 2949 3
414 2909 579 2946 Ducebat]
599 2905 880 2939 seExistimubat.
907 2905 1021 2936 Plures
