1960 3218
577 143 702 186 LIB.
736 143 959 185 XXXIX.
1002 143 1149 186 CAP.
1183 147 1221 186 6.

508 234 790 290 Triumphare
831 250 974 276 mense
1016 234 1213 276 Ianuario
1254 243 1481 276 statuerat:

1520 148 1603 186 383

201 235 438 278 excederet.

1529 235 1605 277 sed
1619 247 1663 279 U.
1681 246 1719 279 C.
1742 245 1816 287 565·

202 310 333 350 quum
365 293 560 343 audisset,
593 293 808 334 consulem
841 292 903 334 M.
924 292 1172 343 Aemilium,
1202 292 1334 334 literis
1366 292 1429 334 M.
1450 293 1604 334 Aburii
1618 290 1658 322 Α·
1682 290 1720 322 C·
1745 291 1817 329 Ι87·

202 351 361 393 tribuni
392 351 525 408 plebis
556 351 739 406 acceptis
767 350 820 391 de
852 351 1024 392 remissa
1053 351 1367 400 intercessione,
1391 351 1528 407 ipsum
1550 351 1606 392 ad

203 409 523 466 impediendum
555 408 816 464 triumphum
852 408 1033 449 Romam
1063 409 1319 458 venientem,
1353 424 1524 464 aegrum
1558 409 1603 450 in

203 467 269 508 via
289 467 533 516 substitisse,
556 482 609 507 ne
641 466 734 522 plus
766 466 809 506 in
842 466 1057 522 triumpho
1086 466 1376 515 certaminum,
1401 482 1527 522 quam
1559 467 1604 507 in

203 525 326 574 bello,
350 525 535 574 haberet,
558 524 757 580 praetulit
778 524 981 579 triumphi
998 523 1124 564 diem.
1188 524 1486 580 Triumphavit
1507 533 1603 565 ante

204 582 317 623 diem
349 582 561 623 decimum
593 581 809 623 Kalendas
841 581 1056 622 Ianuarias
1086 581 1139 622 de
1169 581 1346 631 Aetolis,
1374 590 1416 622 et
1443 581 1496 622 de
1521 583 1604 623 Ce-

173 657 190 688 3
204 639 426 696 phallenia.
490 640 659 680 Aureae
682 654 875 689 coronae,
894 647 1066 680 centum
1088 639 1313 680 duodecim
1335 639 1491 695 ponde,
1507 648 1603 680 ante

203 712 372 739 currum
408 697 515 738 latae
550 706 670 738 sunt.
714 697 875 754 argenti
911 697 1054 753 pondo
1088 696 1219 737 millia
1254 697 1469 753 octoginta
1501 697 1602 737 nia:

204 755 295 796 auri
325 755 468 811 pondo
497 755 681 796 ducenta
709 755 988 811 quadraointa
1009 754 1109 795 tria:
1144 754 1500 796 tetradraehmum
1524 754 1605 795 At-

174 813 335 858 4ticum
365 822 538 854 eentum
566 812 800 854 octodecim
832 812 984 853 millia.
1020 812 1234 877 Philippei
1259 813 1421 853 nummi
1443 811 1605 853 duode-

205 871 288 912 cim
316 870 447 911 millia
473 870 773 927 quadringenti
800 870 950 926 viginti
978 869 1086 911 duo:
1122 870 1241 926 signa
1266 885 1397 911 aenea
1420 870 1605 911 ducenta

206 929 420 985 octoginta
441 929 653 985 quinque:
687 943 806 984 slgna
836 943 1070 968 marmolea
1100 927 1284 969 ducenta
1313 927 1506 984 triginta:
1540 943 1605 968 ar-

206 1001 286 1036 ma,
310 986 404 1035 tela,
427 995 567 1027 cetera
594 964 748 1042 spoliae
756 986 954 1035 hostium,
977 1000 1153 1041 magnus
1180 1000 1404 1026 numerus.
1440 985 1494 1026 ad
1524 985 1604 1026 hoc

206 1043 454 1100 catapultae,
487 1044 688 1093 ballistae,
722 1051 932 1084 tormenta
962 1043 1097 1084 omnis
1128 1043 1315 1099 generis:
1359 1043 1500 1092 duces,
1532 1051 1605 1083 aut

207 1101 352 1143 Aetoli
374 1110 416 1142 et
441 1100 736 1157 Cephallenes,
759 1110 829 1141 aut
852 1101 954 1157 regii
977 1101 1028 1141 ab
1052 1100 1268 1142 Antiocho
1294 1100 1352 1142 ibi
1380 1100 1527 1149 relicti,
1550 1099 1605 1141 ad

176 1169 193 1201 5
207 1168 368 1215 septem
390 1168 432 1200 et
453 1159 614 1215 viginti.
679 1158 841 1199 Multos
863 1174 912 1199 eo
934 1158 1015 1207 die,
1038 1158 1283 1214 priusquam
1305 1159 1350 1199 in
1371 1159 1518 1199 urbem
1540 1158 1606 1198 in-

206 1217 444 1266 veheretur,
478 1217 521 1257 in
552 1217 663 1258 circo
695 1215 902 1256 Flaminio
935 1216 1137 1265 tribunos,
1160 1216 1403 1272 praefectos,
1426 1215 1604 1271 equites,

207 1275 488 1323 centuriones,
513 1275 730 1316 Romanos
751 1274 983 1329 sociosque,
1006 1273 1127 1314 donis
1148 1273 1397 1314 militaribus
1419 1273 1603 1314 donavit.

209 1332 420 1373 Militibus
441 1347 494 1372 ex
514 1331 670 1387 praeda
689 1331 858 1372 vicenos
880 1331 1031 1386 quinos
1056 1331 1249 1371 denarios
1270 1331 1423 1380 divisit,
1447 1330 1606 1387 duplex

208 1389 457 1438 centurioni,
480 1389 634 1445 tiiplex
655 1389 799 1444 equiti.

266 1447 357 1488 Iam
379 1446 661 1488 consularium
686 1446 953 1488 comitiorum
978 1446 1204 1502 appetebat
1225 1455 1416 1502 tempus·
1408 1477 1417 1495 ,
1452 1445 1605 1501 quibus

1703 1443 1739 1482 6.

209 1505 309 1562 quia
331 1504 393 1546 M.
415 1504 636 1554 Aemilius,
660 1504 778 1545 cuius
806 1504 926 1544 sortis
953 1519 1003 1544 ea
1030 1519 1129 1544 cura
1153 1512 1255 1553 erat,
1278 1518 1494 1544 occurrere
1516 1518 1603 1544 non
1616 1499 1771 1532 Comitia.

209 1563 361 1620 potuit,
387 1562 437 1603 C.
458 1536 688 1602 Flaminius
711 1562 891 1602 Romam
913 1561 1040 1602 161111.
1095 1560 1165 1601 Ab
1187 1577 1237 1602 eo
1262 1561 1391 1602 creati
1412 1560 1604 1602 eonsules

214 1621 283 1677 Sp.
309 1620 551 1661 Postumius
573 1619 769 1668 Albinus,
801 1618 853 1666 Q.
875 1618 1062 1659 Marcius
1090 1618 1325 1675 Philippus.
1388 1619 1609 1659 Praetores

211 1679 311 1719 inde
347 1678 445 1719 facti
479 1677 529 1718 T.
551 1676 762 1726 Maenius,
792 1676 839 1716 Ρ.
863 1676 1087 1717 Cornelius
1118 1676 1245 1726 Sulla,
1278 1676 1328 1717 C.
1352 1675 1610 1731 Calpurnius

211 1736 358 1785 Piso,
348 1734 410 1776 M.
431 1735 621 1776 Licinius
643 1733 859 1783 Lucullus,
885 1733 935 1774 C.
953 1733 1154 1775 Aurelius
1178 1733 1371 1783 Scaurus,
1399 1733 1448 1774 L.
1472 1733 1611 1782 Quin-

213 1794 320 1835 ctius
345 1792 578 1849 Crispinus.

272 1851 476 1899 Extremo
503 1850 616 1899 anni,
639 1849 984 1906 magistratibus
975 1864 1056 1890 1am
1083 1849 1245 1898 creatis,
1268 1858 1365 1890 ante
1387 1848 1501 1889 diem
1528 1858 1610 1889 ter·
1623 1862 1742 1893 Manlii
1758 1862 1812 1893 tri-

214 1910 320 1951 tium
357 1908 505 1949 Nonas
541 1908 718 1949 Martias
758 1906 838 1948 Cn.
865 1906 1052 1947 Manlius
1089 1906 1221 1948 Vulso
1258 1906 1310 1947 de
1351 1906 1498 1956 Gallis,
1536 1907 1610 1962 qui
1623 1906 1765 1945 umphus
1781 1907 1821 1936 de

215 1967 363 2008 Asiam
385 1966 589 2015 incolunt,
614 1964 898 2020 triumphavit.
951 1963 1093 2005 Selius
1115 1964 1154 2005 ei
1176 1964 1466 2020 triumphandi
1487 1980 1611 2006 causa

213 2025 306 2074 fuit,
328 2039 395 2073 ne,
426 2023 479 2072 Q.
500 2023 702 2065 Terentio
734 2022 942 2064 Culleone
972 2031 1177 2077 plaetore,
1207 2037 1375 2062 causam
1405 2021 1497 2077 lege
1529 2022 1612 2063 Pe-

214 2081 320 2123 tillia
340 2082 511 2131 diceret,
535 2089 577 2122 et
600 2079 796 2121 incendio
821 2079 947 2120 alieni
970 2079 1128 2127 iudicii,
1152 2095 1254 2144 quo
1259 2079 1308 2119 L.
1332 2078 1473 2134 Scipio
1495 2079 1612 2120 dam-

215 2147 337 2181 natus
365 2147 466 2188 erat,
489 2139 791 2193 conflagraret3
833 2152 884 2178 eo
917 2136 1211 2177 infensioribus
1245 2137 1288 2176 111
1322 2151 1379 2186 56,
1409 2152 1534 2192 quam
1567 2137 1611 2177 in

214 2197 347 2247 illum,
370 2196 592 2246 iudicibus,
616 2194 731 2251 quod
759 2193 1024 2250 disciplinam
1052 2194 1289 2243 militarem,
1316 2208 1456 2235 severe
1485 2195 1536 2235 ab
1562 2210 1612 2236 60

216 2315 336 2346 tertios.
369 2314 442 2345 Nee
459 2314 620 2344 offendere
635 2313 729 2343 debet
747 2321 893 2342 summae

217 2357 385 2397 exiguitas,
397 2367 479 2396 quae
490 2356 671 2395 quadruplo
685 2355 781 2386 etiam
794 2354 895 2384 maior

217 2405 264 2431 est
288 2411 337 2436 ea,
361 2411 443 2439 quae
472 2400 520 2429 M.
538 2398 678 2429 Aemilio
703 2397 825 2428 censori
853 2397 894 2427 ad

218 2443 311 2473 ludos
326 2442 438 2472 itidem
456 2442 639 2471 decernitur
654 2441 726 2471 infr.
743 2441 787 2470 xl.
806 2448 856 2477 52.

262 2495 278 2523 3
303 2486 435 2516 Aureae
458 2486 610 2522 coronae]
642 2494 684 2514 sc.
703 2484 800 2518 Quae
824 2482 892 2512 uni-

219 2538 328 2558 versae
344 2531 474 2557 centum
491 2526 662 2557 duodecim
686 2526 794 2565 pondo
819 2536 894 2564 pen-

219 2571 344 2607 derent,
370 2573 407 2600 ut
433 2579 518 2609 supr.
546 2569 656 2599 xxxvi.
684 2576 734 2607 35.
766 2573 894 2599 centum

217 2614 322 2653 ponda
351 2622 498 2643 coronam
528 2622 673 2642 auream.
735 2612 775 2641 In
810 2610 893 2640 hanc

220 2655 417 2695 opinionem,
432 2664 529 2693 quam
547 2654 729 2685 Glareanus
745 2653 894 2693 praefert,

221 2702 253 2728 et
280 2696 567 2727 Drakenborchius
592 2697 718 2735 probat,
743 2695 895 2726 libentius

221 2740 420 2776 accesserim,
436 2749 532 2778 (iilam
548 2739 581 2768 in
598 2738 752 2769 Crevierii
768 2742 893 2769 senten-

221 2783 311 2821 tiam,
325 2782 379 2821 qui
393 2786 523 2812 centum
537 2791 670 2811 coronas
685 2792 798 2811 aureas
815 2782 895 2811 latas

222 2826 318 2856 fuisse
335 2825 414 2861 vult,
431 2834 566 2863 quarum
590 2834 802 2863 unaquaeque
818 2824 894 2853 duo-

223 2868 328 2899 decim
347 2868 453 2907 pondo
470 2870 549 2903 erat,
565 2876 663 2905 quum
687 2876 798 2905 parum
818 2866 895 2896 veri-

223 2911 328 2941 simile
358 2910 409 2945 sit,
437 2909 587 2940 Fulvium
621 2909 712 2938 mille
742 2909 897 2938 ducentas

938 2311 1006 2341 auri
1026 2312 1121 2342 libras
1134 2311 1165 2341 in
1179 2311 1304 2342 coronis
1316 2311 1390 2342 solis
1402 2312 1435 2342 in
1447 2311 1614 2351 triumpho

939 2354 1061 2391 tulisse,
1086 2354 1246 2393 reliquum
1271 2365 1345 2384 vcro
1370 2364 1465 2384 omne
1487 2365 1614 2391 aurum,

940 2400 1067 2436 praeter
1096 2407 1247 2427 nummos
1276 2396 1429 2435 signatos,
1458 2398 1615 2427 ducentas

941 2439 1152 2478 quadraginta
1181 2443 1245 2470 tres
1275 2439 1372 2470 libras
1401 2443 1528 2469 tantum
1561 2450 1613 2479 pe-

940 2482 1099 2521 pendisse.

982 2536 1001 2562 4
1017 2525 1203 2564 Philippei]
1226 2524 1337 2561 Aurei,
1350 2528 1385 2555 ut
1400 2535 1486 2564 supr.
1503 2525 1614 2555 xxxiv.

941 2576 990 2606 5²·
1007 2571 1153 2606 apparet.

984 2617 1000 2648 5
1025 2611 1150 2641 Multos
1167 2634 1174 2641 .
1193 2633 1200 2640 .
1218 2631 1226 2639 .
1241 2610 1333 2641 donis
1353 2611 1549 2641 militaribus
1564 2611 1614 2641 (lo—

940 2653 1047 2690 nnvit]
1074 2652 1117 2682 Et
1134 2652 1265 2691 quidem
1283 2652 1311 2682 61
1330 2653 1376 2684 M.
1388 2653 1471 2684 Cato
1487 2652 1616 2689 obiecit,

939 2699 1021 2725 teste
1043 2695 1153 2725 Gellio
1177 2706 1204 2725 v.
1230 2694 1258 2726 6.
1286 2695 1406 2725 milites
1430 2695 1470 2725 ab
1496 2705 1533 2725 eo
1559 2705 1616 2734 per

939 2737 1149 2768 ambitionem
1177 2737 1345 2768 levissimis
1372 2738 1412 2768 de
1439 2737 1543 2767 causis
1566 2748 1616 2767 co-

940 2780 1025 2810 ronis
1047 2781 1194 2818 donatos,
1216 2791 1243 2811 v.
1260 2791 1288 2819 g.
1307 2781 1393 2819 quod
1419 2781 1537 2809 vallum
1563 2790 1616 2809 cu-

941 2826 1074 2861 rassent,
1090 2828 1146 2853 aut
1163 2824 1248 2862 quod
1272 2826 1405 2862 puteum
1428 2826 1555 2852 strenue
1571 2822 1616 2852 fo-

941 2865 1072 2896 dissent.
1097 2866 1204 2896 (lm-:xx

1624 1949 1652 1979 G
1658 1948 1741 1979 allis.
