1960 3218
353 143 436 183 222
863 139 1013 183 ΤΙΤΙ
1054 140 1234 184 LIVII

144 241 190 273 U.
208 241 246 273 C.
268 235 368 281 560.‘
384 231 497 274 unde
528 231 589 273 illi
623 247 674 274 eo
707 241 896 289 tempore
929 233 1030 274 anni
1063 242 1147 275 tam
1178 232 1311 275 multa
1341 241 1385 276 et
1414 233 1528 276 varia
1556 234 1722 275 venatio
1739 249 1749 283 ;

143 286 184 316 A·
208 285 246 317 C·
272 295 340 327 Ῑ92-
355 295 367 313 ⁶
381 290 509 332 homo
530 306 629 340 non,
653 306 779 346 quam
801 291 868 332 isti
900 299 1010 342 sunt,
1033 291 1249 348 gloriosus,
1272 291 1482 341 renidens,
1506 291 1752 333 condimen-

204 1567 275 1606 50.

356 349 449 398 ⁶tis,
488 349 558 398 ait,
594 349 839 390 varietatem
875 348 989 390 illam
1026 358 1068 390 et
1107 350 1290 406 speciem
1330 349 1487 391 ferinae
1528 349 1662 390 carnis
1697 364 1752 390 ex

355 411 602 448 ‘mansueto
643 422 715 448 sue
756 407 920 448 factam.
984 406 1082 448 Hoc
1117 408 1201 449 dici
1239 416 1334 464 apte
1369 408 1414 448 in
1455 407 1596 464 copias
1629 406 1749 463 regis,

355 470 367 488 ⁶
383 480 490 520 quae
512 464 653 521 paullo
675 473 771 506 ante
795 465 970 506 iactatae
993 465 1089 515 sint,
1113 481 1245 521 posse.
1308 465 1437 506 Varia
1462 466 1574 506 enim
1596 479 1752 521 genera

354 528 367 546 ⁶
383 537 606 572 armorum,
629 532 672 564 et
693 522 825 563 multa
852 523 1025 564 nomina
1051 524 1243 578 gentium
1271 523 1568 572 inauditarum,
1592 522 1749 572 Dahas,

355 586 426 622 ‘et
455 580 621 630 Medos,
652 589 694 622 et
718 579 938 630 Cadusios,
961 589 1004 622 et
1036 581 1272 637 Elymaeos,
1305 580 1430 638 Syros
1461 596 1605 622 omnes
1637 596 1748 622 esse:

353 644 367 663 ⁶
382 639 498 680 haud
520 638 660 695 paullo
682 639 988 695 mancipiorum
1010 639 1171 689 melius,
1190 647 1361 696 propter
1382 639 1546 680 servilia
1566 639 1749 695 ingenia,

355 702 367 721 ⁶
383 712 510 752 quam
532 696 713 738 militum
734 711 879 753 genus.
943 696 1000 738 Et
1021 697 1183 738 utinam
1209 697 1414 738 subiicere
1440 697 1571 738 oculis
1591 697 1749 746 vestris,

355 754 561 805 ‘Achaei,
594 770 758 811 possem
792 755 1154 796 concursationem
1187 755 1296 811 regis
1330 755 1471 811 magni
1504 755 1555 796 ab
1592 754 1752 796 Deme-

355 812 530 862 ⁶triade,
572 828 686 853 nunc
729 812 921 853 Lamiam
967 812 1012 853 in
1057 812 1287 853 concilium
1330 812 1593 862 Aetolorum,
1636 827 1750 853 nunc

355 876 367 894 ⁶
386 870 663 912 Chalcidem!
724 869 937 911 Videretis
958 870 1029 910 vix
1051 870 1229 911 duarum
1261 870 1368 911 male
1397 870 1619 926 plenarum
1646 870 1751 926 legi-

356 934 368 952 ⁶
383 925 632 970 uncularum
660 928 789 969 instar
819 928 862 968 in
891 928 1033 968 castris
1062 928 1196 984 regis:
1231 927 1428 969 videretis
1458 943 1613 984 regem,
1636 943 1750 968 nunc

354 986 695 1027 ‘mendicantem
728 1001 858 1042 prope
891 985 1150 1026 frumentum
1184 986 1236 1026 ab
1270 985 1447 1035 Aetolis,
1480 985 1595 1041 quod
1627 985 1752 1026 militi

356 1049 368 1068 ⁶
383 1044 660 1085 admetiatur:
695 1059 809 1084 nunc
834 1052 1000 1085 mutuas
1028 1043 1230 1100 pecunias
1250 1043 1394 1084 fenore
1421 1044 1465 1084 in
1493 1043 1750 1099 stipendium

355 1108 368 1126 ⁶
383 1110 682 1158 quaerentem:
716 1117 830 1143 nunc
859 1101 912 1142 ad
940 1111 1079 1157 portas
1104 1101 1319 1143 Chalcidis
1348 1110 1554 1142 stantem:
1589 1109 1631 1142 et
1651 1115 1751 1142 mox

355 1160 481 1201 ‘inde
518 1160 749 1209 exclusum,
787 1159 894 1200 nihil
927 1159 1042 1200 aliud
1075 1175 1202 1215 quam
1233 1158 1392 1200 Aulide
1425 1168 1552 1215 atque
1590 1158 1751 1214 Euripo

355 1224 367 1242 ⁶
383 1218 591 1274 spectatiS,
619 1218 663 1259 in
686 1217 900 1259 Aetoliam
933 1217 1195 1258 redeuntem.
1258 1217 1375 1258 Male
1409 1217 1680 1258 crediderunt
1708 1224 1751 1257 et

355 1282 367 1301 ⁶
383 1276 623 1318 Antiochus
646 1276 822 1326 Aetolis,
847 1284 889 1316 et
910 1275 1055 1316 Aetoli
1080 1275 1218 1331 regiae
1241 1275 1425 1316 vanitati.
1492 1274 1590 1323 Quo
1612 1274 1751 1315 minus

354 1341 365 1359 ⁶
383 1348 455 1375 vos
503 1333 643 1390 decipi
693 1334 867 1383 debetis,
914 1333 988 1374 sed
1039 1342 1237 1389 expertae
1281 1333 1404 1374 toties
1454 1340 1782 1389 spectataeque4

354 1392 674 1434 ‘Romanorum
713 1391 813 1432 fidei
854 1391 1035 1432 credere.
1106 1390 1218 1432 Nam
1260 1390 1375 1446 quod
1416 1390 1621 1446 optimum
1661 1405 1750 1431 esse

355 1450 537 1499 ‘dicant,
580 1465 666 1491 non
707 1449 920 1505 interponi
957 1464 1030 1490 vos
1067 1449 1202 1490 bello:
1251 1448 1358 1489 nihil
1400 1449 1484 1489 imo
1527 1457 1610 1489 tam
1651 1447 1751 1489 alie-

355 1514 486 1550 ⁶num
519 1508 642 1549 rebus
674 1507 820 1548 vestris
852 1515 926 1548 est.
992 1506 1163 1563 Quippe
1195 1507 1283 1548 sine
1317 1506 1461 1563 gratia,
1491 1506 1580 1547 sine
1612 1505 1751 1562 digni-

357 1573 482 1616 ‘tate,
529 1565 763 1622 praemium
808 1565 976 1606 victoris
1021 1565 1161 1606 eritis.’
1241 1564 1335 1606 Nec
1381 1564 1558 1605 absurde
1604 1563 1751 1605 adver-

354 1640 422 1666 sus
455 1632 654 1680 utrosque
688 1622 950 1679 respondisse
987 1622 1098 1664 visus
1134 1631 1209 1672 est,
1246 1631 1288 1664 et
1322 1622 1441 1663 facile
1475 1630 1564 1663 erat
1599 1621 1751 1664 oratio-

353 1698 452 1724 nem
473 1682 586 1738 apud
607 1682 792 1723 faventes
814 1681 958 1737 aequis
986 1681 1155 1722 auribus
1176 1680 1321 1737 accipi.
1385 1679 1517 1721 Nulla
1537 1679 1649 1721 enim
1671 1694 1750 1721 nec

353 1740 615 1797 disceptatio,
643 1754 721 1780 nec
751 1739 958 1780 dubitatio
989 1739 1081 1788 fuit,
1111 1738 1215 1794 quin
1247 1753 1404 1788 omnes,
1434 1737 1603 1778 eosdem
1633 1737 1750 1793 genti

355 1798 626 1840 Achaeorum
654 1798 793 1838 hostes
822 1807 864 1838 et
893 1797 1060 1846 amicos,
1084 1811 1188 1852 quos
1210 1796 1389 1852 populus
1413 1795 1630 1836 Romanus
1652 1810 1750 1836 cen-

351 1857 515 1905 suisset,
538 1855 786 1905 iudicarent,
809 1854 1052 1910 bellumque
1075 1863 1117 1894 et
1140 1853 1367 1902 Antiocho,
1391 1861 1433 1894 et
1456 1852 1619 1894 Aetolis
1640 1868 1750 1893 nun-

354 1914 449 1956 tiari
499 1914 704 1955 iuberent.
768 1912 944 1954 Auxilia
989 1912 1128 1961 etiam,
1171 1927 1256 1968 quo
1302 1910 1465 1952 censuit
1509 1910 1747 1959 Quinctius,

353 1972 685 2028 quingentorum
724 1970 906 2011 militum
944 1969 1208 2019 Chalcidem,
1243 1969 1571 2025 quingentorum
1607 1967 1751 2009 Pirae-

351 2046 453 2072 eum
474 2029 686 2085 extemplo
708 2028 923 2070 miserunt.
984 2027 1086 2068 Erat
1107 2027 1221 2068 enim
1242 2026 1356 2068 haud
1377 2025 1523 2082 procul
1544 2025 1750 2067 seditione

356 2088 539 2129 Athenis
560 2102 638 2137 res,
662 2086 923 2128 trahentibus
945 2084 998 2127 ad
1021 2085 1283 2126 Antiochum
1306 2084 1556 2140 quibusdam
1578 2098 1650 2139 spe
1671 2083 1751 2124 lar-

351 2146 564 2202 gitionum
588 2144 780 2186 venalem
809 2144 944 2200 pretio
969 2143 1313 2191 multitudinem3
1347 2142 1482 2183 donec
1511 2142 1562 2182 ab
1592 2141 1653 2191 iis,
1677 2141 1751 2197 qui

358 2204 574 2245 Romanae
603 2203 731 2259 partis
756 2210 887 2251 erant,
915 2201 1143 2250 Quinctius
1171 2209 1234 2242 est
1260 2200 1429 2249 accitus,
1453 2208 1506 2248 et,
1529 2208 1749 2240 accusante

355 2261 521 2303 Leonte
544 2261 741 2317 quodam,
766 2259 1052 2316 Apollodorus
1077 2266 1223 2300 auctor
1244 2258 1491 2299 defectionis
1512 2256 1747 2305 damnatus,

353 2328 482 2375 atque
504 2319 548 2359 in
570 2318 765 2359 exsilium
787 2326 850 2359 est
871 2317 1040 2358 eiectus.

415 2377 472 2418 Et
506 2377 557 2417 ab
590 2376 772 2417 Achaeis
805 2375 978 2431 quidem
1010 2389 1107 2415 cum
1140 2373 1246 2414 tristi
1279 2387 1478 2428 responso
1511 2371 1663 2427 legatio
1696 2371 1750 2412 ad

354 2449 498 2489 regem
539 2433 673 2475 rediit.
737 2433 889 2474 Boeoti
928 2431 1036 2472 nihil
1072 2431 1175 2472 certi
1210 2429 1542 2486 responderunt:
1591 2434 1750 2484 ‘quum

356 2498 370 2516 ⁶
387 2491 626 2532 Antiochus
659 2491 704 2531 in
738 2490 958 2531 Boeotiam
990 2488 1183 2537 venisset,
1213 2496 1316 2536 tum,
1346 2486 1450 2542 quid
1482 2486 1560 2527 sibi
1591 2486 1751 2527 faciun-

358 2555 370 2573 ⁶
387 2549 489 2590 dum
511 2557 631 2597 esset,
654 2562 696 2588 se
719 2547 1020 2589 deliberaturos
1042 2546 1157 2586 essc.’

416 2605 668 2655 AntioclmS,
699 2620 831 2660 quum
859 2604 913 2645 ad
947 2602 1162 2644 Chalcidis
1189 2601 1457 2658 praesidium,
1489 2610 1532 2642 et
1558 2601 1751 2643 Achaeos

357 2673 401 2706 et
422 2663 660 2705 Eumenem
682 2677 823 2718 regem
846 2661 1003 2703 misisse
1027 2660 1221 2709 audisset,
1244 2659 1539 2700 maturandum
1562 2667 1686 2709 ratus,
1705 2668 1781 2707 ut5

359 2732 401 2764 ct
431 2720 723 2778 praevenirent
763 2720 839 2769 sui,
874 2727 917 2760 et
949 2718 1178 2766 venientes,
1211 2717 1244 2757 si
1276 2726 1457 2773 possent,
1493 2716 1750 2772 exciperent,

361 2779 617 2835 Menippum
658 2792 753 2819 cum
797 2777 928 2818 tribus
964 2776 1093 2817 ferme
1134 2774 1318 2816 millibus
1351 2774 1545 2823 militum,
1580 2782 1622 2815 et
1655 2789 1750 2816 cum

490 2929 508 2955 4
531 2919 698 2958 Empertae
713 2917 820 2953 toties]
847 2916 886 2947 cf.
905 2916 998 2954 Supr.
1017 2923 1065 2954 45.
1206 2924 1222 2954 5
1248 2915 1396 2952 Misisse]
1423 2924 1465 2946 sc.
1485 2912 1626 2944 Auxilia.
