1960 3218
591 120 718 163 LIB.
753 119 927 162 XXXI
975 120 1122 162 CAP.
1156 124 1180 163 5
1566 125 1590 164 5

198 221 317 263 esset,
340 212 414 269 qui
434 211 564 253 ductu
589 221 714 268 atque
740 212 924 268 auspicio
952 211 1000 253 P.
1024 153 1268 268 Scipionis
1258 227 1303 252 111
1332 212 1477 254 Africa
1503 213 1591 254 bel-
1609 224 1650 256 U.
1667 224 1704 255 C.
1728 232 1799 263 551.

197 271 285 312 lum
306 270 598 327 perfecissent:
631 270 907 311 decreverunt
927 270 1086 320 Patres,
1109 278 1156 310 ut
1177 269 1239 310 Μ.
1256 269 1404 310 Iunius
1424 280 1615 326 praetor
1605 268 1643 298 A.
1668 268 1706 299 C
1730 277 1800 298 ²0¹·

197 329 323 379 urbis,
346 328 380 370 si
407 328 446 370 ei
466 328 690 377 videretur,
713 328 969 369 decemviros
989 343 1088 384 agro
1119 327 1296 369 Samniti
1319 328 1589 384 Appuloque,

169 386 314 443 1quod
345 386 433 428 eius
460 385 677 442 publicum
707 385 851 442 populi
882 385 1063 427 Romani
1091 394 1211 434 esset,
1241 386 1455 427 metiendo
1486 386 1593 427 divi-

197 444 423 500 dendoque
451 452 621 486 crearet.
687 443 830 485 Creati
857 443 905 485 P.
928 443 1139 493 Servilius,
1173 443 1227 492 Q
1250 443 1461 485 Caecilius
1495 443 1592 485 Μ6-

197 502 333 552 tellus,
360 502 409 544 C.
429 510 470 543 et
493 501 554 543 M.
578 501 754 551 Servilii,
773 501 989 557 (Geminis
1009 502 1211 543 ambobus
1232 517 1466 558 cognomen
1483 502 1593 558 erat)

198 560 248 601 L.
268 570 310 602 et
337 560 390 601 A.
412 559 584 601 Hostilii
608 559 805 609 Catones,
833 559 882 600 P.
898 559 1051 600 Villius
1080 559 1311 616 Tappulus,
1338 559 1400 600 M.
1421 559 1593 601 Fulvius

199 617 384 668 Flaccus,
408 617 456 659 P.
480 617 629 659 Aelius
651 618 819 667 Paetus,
842 617 892 658 T.
916 617 1143 666 Quinctius
1165 617 1437 658 Flamininus.

256 676 340 717 Per
369 691 440 717 eos
473 675 575 725 dies,
604 675 652 717 P.
673 675 799 717 Aelio
834 675 1004 717 consule
1037 675 1205 717 comitia
1237 675 1432 725 habente,
1465 676 1593 717 creati

199 733 390 776 consules
407 734 454 775 P.
475 733 684 790 Sulpicius
704 733 852 784 Galba,
879 732 929 774 C.
947 733 1147 775 Aurelius
1172 733 1311 774 Cotta.
1373 733 1594 775 Praetores

198 791 353 833 exinde
381 792 492 841 faeti,
525 792 578 840 Q.
599 791 816 833 Minucius
845 791 995 841 Rufus,
1023 791 1071 832 L.
1092 791 1242 832 Furius
1270 791 1503 848 Purpureo,
1536 791 1590 857 Q.

199 849 371 891 Fulvius
394 849 523 899 Gillo,
549 849 629 891 Cn.
652 849 820 906 Sergius
841 849 1034 891 Plancus.
1097 849 1211 890 Ludi
1235 849 1418 891 Romani
1439 849 1594 891 scenici

199 923 250 949 eo
271 923 382 950 311110
403 908 623 964 magnifice
646 917 925 964 apparateque
950 907 1048 949 facti
1069 908 1120 949 ab
1142 907 1345 949 aedilibus
1365 907 1592 957 curulibus,

169 965 250 1007 2L.
269 965 441 1008 Valerio
466 941 615 1007 Flacco
637 975 679 1007 et
707 965 756 1007 L.
780 965 983 1014 Quinctio
1008 965 1258 1007 Flaminino.
1321 965 1508 1006 Biduum
1530 965 1595 1006 in-

200 1032 430 1065 stauratum
452 1033 536 1065 est:
569 1023 854 1080 frumentique
877 1024 960 1065 vim
986 1023 1216 1079 ingentem,
1239 1023 1354 1080 quod
1375 1039 1429 1065 ex
1451 1023 1597 1065 Africa

169 1081 249 1123 3P.
276 1081 417 1138 Scipio
445 1082 626 1132 miserat,
648 1081 861 1138 quaternis
889 1081 994 1122 aeris
1021 1081 1178 1138 populo
1199 1096 1296 1123 cum
1324 1096 1487 1123 summa
1510 1081 1596 1122 fide

201 1148 245 1181 et
268 1140 401 1195 gratia
420 1139 662 1181 diviserunt.
726 1139 783 1180 Et
809 1139 965 1195 plebeii
991 1139 1082 1180 ludi
1108 1148 1171 1180 ter
1192 1139 1270 1180 toti
1297 1139 1516 1181 instaurati
1544 1140 1596 1181 ab

201 1197 406 1238 aedilibus
432 1197 579 1253 plebis,
608 1197 657 1238 L.
680 1196 862 1253 Apustio
888 1196 1064 1238 Fullone
1093 1206 1135 1238 et
1166 1196 1219 1245 Q.
1244 1196 1438 1238 Minucio
1468 1197 1595 1246 Rufo,

170 1278 189 1305 4
202 1255 275 1311 qui
296 1270 349 1296 ex
371 1254 582 1296 aedilitate
606 1264 773 1312 praetor
793 1263 955 1296 creatus
976 1264 1087 1296 erat:
1122 1263 1165 1296 et
1186 1254 1297 1296 Iovis
1318 1254 1491 1312 epulum
1518 1255 1598 1296 fuit

200 1312 395 1354 ludorum
416 1328 550 1354 631153.

171 1382 188 1415 5
258 1371 390 1413 Anno
423 1371 761 1428 quingentesimo
797 1371 1146 1428 quinquagesimo
1186 1370 1372 1413 seeundo
1408 1371 1459 1412 ab
1493 1371 1594 1412 urbe
1686 1374 1725 1413 5.

204 1429 386 1479 condita,
412 1429 463 1471 P.
485 1428 670 1494 Sulpicio
705 1428 853 1479 Galba,
880 1428 930 1471 C.
951 1428 1129 1470 Aurelio
1160 1428 1412 1479 consulibus,
1435 1428 1594 1470 bellum
1611 1430 1654 1461 U·
1672 1431 1710 1462 C
1734 1441 1771 1470 55

202 1503 298 1530 cum
319 1502 417 1544 rege
438 1487 636 1543 Philippo
658 1487 811 1528 initum
832 1497 906 1537 est,
929 1487 1072 1544 paucis
1097 1487 1310 1528 mensibus
1334 1496 1428 1543 post
1448 1473 1649 1547 pacem}
1663 1474 1718 1547 sii
1736 1484 1807 1547 “1‘333

206 1545 622 1601 Carthaginiensibus
661 1545 814 1586 datam.
898 1544 1103 1587 Omnium
1149 1545 1333 1602 primum
1373 1560 1467 1586 eam
1506 1560 1595 1586 rem
1612 1560 1660 1591 ΙΙ.
1678 1560 1715 1591 C.
1722 1527 1795 1590 Ρω-

202 1603 348 1645 ldibus
377 1603 556 1653 Martiis,
579 1619 664 1659 quo
692 1603 760 1644 die
789 1612 879 1645 tum
904 1603 1144 1645 consulatus
1168 1603 1364 1653 inibatur,
1386 1603 1434 1644 P.
1457 1602 1695 1668 Sulpi—12²³lio
1704 1604 1768 1634 Cos
1771 1614 1794 1633 ³

203 1661 292 1703 cius
312 1661 458 1702 consul
478 1660 644 1702 retulit:
678 1670 930 1717 senatusque
953 1661 1233 1711 (1661611111ϊί
1256 1661 1446 1702 consules
1468 1662 1597 1702 maio·
1611 1646 1785 1719 {ffssinffia

202 1719 317 1761 ribus
329 1719 474 1761 hostiis
486 1735 574 1760 rem
588 1719 773 1760 divinam
786 1719 984 1770 facerent,
1000 1719 1152 1775 quibus
1165 1719 1268 1760 (1115
1258 1720 1357 1775 ipsis
1370 1718 1488 1760 videl
1490 1729 1596 1769 etur,
1610 1732 1750 1762 initium.

202 1792 299 1819 cum
324 1777 562 1834 precatione
594 1793 666 1819 ea:
703 1776 872 1825 ‘Quam
898 1793 987 1819 rem
1015 1786 1183 1818 senatus
1214 1777 1477 1833 populusque
1511 1777 1599 1818 Ro-

205 1841 380 1877 ‘manus
406 1835 458 1876 de
487 1835 701 1892 republica
728 1835 867 1892 deque
896 1835 1084 1877 ineundo
1111 1850 1220 1876 novo
1245 1834 1393 1877 bello
1384 1851 1427 1876 m
1458 1835 1599 1876 animo

205 1898 218 1917 ‘
232 1892 418 1943 haberet,
441 1909 491 1934 ea
517 1909 582 1935 res
609 1894 672 1935 uti
699 1893 856 1950 populo
886 1893 1094 1944 Romano,
1117 1893 1336 1949 sociisque,
1359 1909 1406 1934 ac
1436 1893 1598 1934 nomini

207 1956 218 1975 ‘
232 1951 403 2001 Latino,
421 1951 528 1993 bene
546 1967 593 1993 ac
609 1951 786 1993 feliciter
801 1952 1026 1993 eveniretz'
1056 1951 1289 1993 secundum
1305 1966 1395 1992 rem
1411 1951 1597 1992 divinam

204 2009 586 2065 precationemque,
609 2019 656 2051 ut
676 2009 728 2051 de
757 2009 973 2065 republica
993 2009 1130 2065 deque
1158 2009 1384 2065 provinciis
1408 2018 1599 2050 senatum

206 2066 483 2108 consulerent.
547 2067 630 2108 Per
651 2082 721 2108 eos
748 2067 837 2107 dies
859 2076 1093 2123 opportune
1121 2067 1332 2107 irritandis
1360 2066 1413 2107 ad
1441 2066 1599 2107 bellum

206 2124 367 2174 animis,
386 2133 429 2165 et
443 2124 586 2165 literae
601 2140 625 2165 a
641 2124 703 2165 M.
721 2124 897 2165 Aurelio
914 2125 1063 2181 legato,
1081 2133 1124 2166 et
1145 2124 1207 2166 M.
1224 2124 1396 2165 Valerio
1413 2124 1600 2165 Laevino

206 2191 471 2239 propraetore
504 2182 677 2224 allatae:
717 2192 759 2223 et
791 2182 1119 2224 Atheniensium
1149 2198 1258 2224 nova
1288 2182 1440 2239 legatio
1470 2182 1598 2232 venit,

208 2308 299 2348 plum
325 2311 384 2346 est,
408 2311 441 2339 et
468 2308 577 2338 crebro
604 2306 722 2337 deinde
749 2316 880 2346 usurpa-
925 2307 985 2336 bus
1006 2305 1039 2336 in
1058 2305 1192 2336 modios.
1224 2306 1264 2337 ef.
1282 2315 1366 2346 supr.
1388 2305 1430 2336 iv.
1452 2305 1497 2337 16.
1522 2316 1600 2338 xxx.

207 2355 276 2381 tum
292 2363 298 2382 :
326 2361 364 2381 ac
380 2352 439 2381 sub
455 2350 648 2382 Caesaribus
663 2350 696 2380 iu
713 2354 881 2380 cousuetu—

208 2394 316 2424 dinem
333 2393 396 2423 iam
415 2394 582 2433 legemque
598 2393 686 2423 abiit.
711 2393 817 2424 Cnev.

256 2446 266 2467 1
295 2437 386 2474 Quod
407 2438 476 2467 eius
495 2437 661 2476 publicum
684 2437 797 2475 populi
821 2436 882 2465 Ho-

208 2481 296 2510 mam'
309 2480 403 2517 esset]
423 2479 558 2518 Quippe
571 2489 679 2509 earum
692 2478 883 2515 eivitatium,

209 2532 291 2561 quae
301 2522 387 2552 bello
399 2523 550 2552 subactae
560 2526 725 2561 suut,ager
737 2521 884 2560 publicus

212 2564 323 2603 populi
338 2565 478 2595 Romani
496 2565 603 2597 flebat.
620 2574 683 2603 qua
700 2563 886 2594 conditione

212 2607 353 2637 maxima.
383 2618 455 2647 pars
480 2607 728 2638 Samniticarum
757 2607 884 2636 urbium

213 2653 311 2679 erant.
357 2652 395 2681 ef.
423 2650 492 2682 Cic.
523 2650 554 2681 ii.
585 2649 617 2679 111
651 2650 743 2680 Verr.
779 2649 821 2679 iii.
853 2647 882 2679 6.

214 2691 349 2722 Niebhr.
366 2692 397 2723 ii.
414 2703 445 2724 n.
463 2694 512 2731 83.
530 2704 559 2724 u.
578 2691 648 2732 356.
666 2691 709 2723 iii.
726 2703 756 2722 n.
774 2701 847 2732 930.

258 2734 691 2774 ..Biduuminstauratum]
718 2735 748 2765 h.
764 2746 790 2765 c.
806 2734 886 2764 Dies

214 2777 278 2806 (1110
308 2777 424 2807 adiecti
454 2784 538 2808 sunt.
577 2778 616 2809 cf.
642 2788 727 2817 supr.
754 2788 829 2807 ΧΧν.
857 2787 885 2808 2.

216 2813 684 2851 xxxii.(›.ct21.Niebh1-.ii.
703 2831 734 2851 11.
750 2819 800 2851 68

259 2864 476 2901 3Qm1lunz's
492 2863 591 2904 acris]
622 2863 799 2900 (ὶ1111611115
814 2874 864 2894 ass
867 2862 887 2892 i-

928 2348 978 2380 26.
1002 2349 1073 2379 iufr.
1091 2359 1141 2389 49.

969 2403 989 2430 4
1004 2393 1091 2423 Iovis
1102 2392 1250 2431 epulum]
1267 2391 1360 2431 Supr.
1372 2403 1447 2422 xxv.
1460 2401 1487 2423 2.
1516 2393 1600 2423 Con-

928 2434 1030 2465 111136
1060 2438 1150 2465 eraut
1182 2435 1319 2474 Iupiter,
1351 2435 1447 2472 Iuno,
1475 2438 1508 2465 et
1538 2435 1600 2466 Mi-

927 2488 1033 2508 nerva.
1082 2477 1144 2507 His
1160 2477 1264 2516 epulis
1279 2477 1446 2516 pontifices
1468 2479 1602 2508 aderant

929 2526 959 2551 et
973 2531 1100 2550 caruem
1115 2522 1358 2558 consumebant,
1368 2522 1422 2551 sed
1441 2526 1511 2560 post
1526 2532 1600 2552 auu.

931 2563 974 2594 U.
993 2564 1030 2595 C.
1057 2562 1126 2602 556.
1152 2567 1189 2593 ut
1216 2573 1363 2593 curarum
1396 2568 1486 2603 parte
1517 2565 1602 2594 leva-

928 2611 1038 2637 rentur
1067 2606 1247 2645 poutih'ces,
1277 2606 1448 2645 collegium
1480 2607 1602 2646 Epulo-

928 2660 1005 2679 uum
1032 2648 1215 2679 institutum
1239 2654 1297 2683 cst.
1320 2649 1391 2681 infr.
1414 2649 1526 2680 xxxiii.
1551 2659 1602 2689 42.

929 2692 968 2723 cf.
983 2693 1071 2722 Fuss.
1092 2692 1132 2722 R.
1149 2691 1260 2731 Antiq.
1278 2693 1294 2729 ἓ
1313 2701 1384 2731 323·

974 2744 990 2774 5
1016 2734 1452 2774 Quinquayesimosecundo]
1484 2736 1602 2767 Secun-

929 2778 967 2807 do
994 2777 1119 2807 addidit
1144 2777 1344 2815 Dodwcllus,
1367 2782 1403 2807 ut
1426 2788 1521 2817 quem
1546 2789 1603 2808 nu-

932 2830 1055 2850 merum
1073 2819 1153 2849 ratio
1169 2824 1364 2860 temporum,
1379 2831 1475 2860 quam
1494 2820 1605 2852 Livius

932 2862 1086 2903 sequitur,
1103 2864 1254 2902 postulet.
