1960 3218
543 160 670 202 LIB.
705 159 926 201 XXXIX.
975 158 1122 200 CAP.
1158 163 1224 200 24.
1505 161 1587 199 399

185 251 297 293 victo
340 251 455 308 leges
496 251 829 307 imponerentur,
869 250 1050 291 maxime
1093 249 1299 305 angebat3
1348 247 1476 304 quod,
1514 246 1587 303 qui
1605 260 1647 292 U.
1664 260 1703 291 C.
1726 259 1800 299 567.

185 309 474 351 Macedonum
497 310 548 350 ab
570 323 612 349 se
635 308 876 349 defecerant
904 308 947 348 in
976 307 1100 357 bello,
1123 307 1167 347 in
1192 322 1263 347 eos
1288 306 1352 347 ius
1373 304 1587 347 saeviendi
1601 305 1640 334 A.
1665 303 1703 334 C·
1730 304 1800 341 ¹85·

185 367 432 423 ademptum
465 367 504 408 ei
536 366 587 407 ab
621 374 768 407 senatu
800 374 913 406 erat:
951 380 1096 421 quum,
1129 364 1230 420 quia
1260 379 1348 405 rem
1379 364 1585 419 integram
1599 347 1768 419 ggiisffim

190 424 418 473 Quinctius
438 424 483 464 in
504 423 816 465 conditionibus
837 423 950 479 pacis
971 422 1201 471 distulerat,
1221 436 1306 462 non
1328 421 1587 477 desperasset
1601 433 1729 463 Perseo.

186 482 401 538 impetrari
422 496 553 538 posse.
619 480 835 522 Antiocho
864 495 961 537 rege
988 479 1143 520 deinde
1171 478 1284 521 bello
1310 487 1505 534 superato
1533 477 1587 519 ad

188 539 507 595 ThermopylaS,
527 538 668 580 divisis
688 538 888 594 partibus,
907 553 1037 593 quum
1055 552 1131 593 per
1147 536 1317 578 eosdem
1335 536 1424 577 dies
1442 535 1588 577 consul

188 597 352 638 Acilius
375 596 639 646 Heracleam,
662 596 887 652 Philippus
908 595 1101 636 Lamiam
1124 602 1433 651 oppugnasset3
1468 602 1590 649 capta

189 654 410 704 Heraclea,
434 655 534 711 quia
565 654 700 695 iussus
732 653 954 695 abscedere
984 669 1007 694 a
1034 653 1254 694 moenibus
1280 651 1454 693 Lamiae
1486 660 1588 700 erat,

157 731 174 752 2
190 713 480 768 Romanisque
510 712 714 768 oppidum
738 711 929 753 deditum
952 719 1027 760 est,
1050 725 1172 765 aegre
1195 725 1287 751 eam
1310 724 1398 750 rem
1421 708 1586 750 tulerat.

188 770 417 812 Permulsit
437 770 541 811 iram
563 770 652 811 eius
673 769 831 818 consul,
850 769 978 825 quod,
997 768 1050 809 ad
1073 767 1344 824 Naupactum
1366 767 1454 823 ipse
1475 766 1590 807 festi-

189 843 307 878 nans,
331 843 415 884 quo
437 843 479 869 se
503 843 555 869 ex
578 828 676 884 fuga
698 827 841 869 Aetoli
863 826 1141 876 contulerant,
1165 825 1365 881 Philippo
1386 824 1588 881 permisit,

189 895 238 927 ut
259 886 540 927 Athamaniae
575 895 618 927 et
639 885 920 942 Amynandro
953 884 1110 925 bellum
1140 884 1340 932 inferret3
1379 891 1422 924 et
1453 882 1589 931 urbes,

191 959 295 1000 quas
324 943 536 985 Thessalis
563 943 707 985 Aetoli
736 943 992 992 ademerant,
1022 957 1152 997 regno
1185 941 1396 982 adiiceret.
1460 939 1591 980 Haud

189 1017 343 1058 magno
365 1002 593 1043 certamine
616 1010 658 1043 et
676 1000 1003 1058 Amynandrum
1022 999 1279 1041 Athamania
1300 998 1530 1055 expulerat,
1549 1005 1592 1038 et

190 1060 315 1101 urbes
336 1059 497 1115 aliquot
517 1067 743 1116 receperat.
807 1057 1124 1100 Demetriadem
1148 1072 1333 1113 quoque,
1352 1057 1496 1097 urbem
1521 1070 1591 1096 va-

190 1117 319 1159 lidam
341 1126 384 1158 et
405 1117 458 1158 ad
480 1117 621 1158 omnia
642 1125 936 1173 opportunam,
960 1124 1002 1156 et
1024 1114 1277 1172 lWIagnetum
1299 1123 1469 1170 gentem
1492 1128 1590 1154 suae

191 1175 363 1216 ditionis
392 1175 502 1217 fecit.
566 1174 674 1216 Inde
706 1184 748 1216 et
775 1175 819 1215 in
849 1173 1032 1215 Thracia
1060 1173 1262 1229 quasdam
1290 1173 1426 1222 urbes,
1457 1186 1590 1212 novae

192 1242 318 1289 atque
347 1233 535 1274 insuetae
567 1232 771 1274 libertatis
793 1232 906 1281 vitio,
930 1231 1206 1272 seditionibus
1233 1230 1473 1287 principum
1505 1237 1592 1269 tur-

192 1291 321 1341 batas,
364 1291 563 1346 partibus,
607 1306 714 1346 quae
761 1289 992 1331 domestico
1038 1288 1267 1330 certamine
1309 1288 1589 1335 vincerentur,

192 1348 463 1404 adiungendo
485 1363 585 1397 sese,
609 1348 731 1403 cepit.
797 1347 877 1388 His
902 1347 1047 1388 sedata
1074 1347 1118 1387 in
1146 1346 1382 1402 praesentia
1402 1345 1510 1401 regis
1533 1344 1592 1385 ira
1669 1356 1736 1394 24,

192 1407 235 1447 in
260 1406 475 1447 Romanos
497 1414 570 1447 est.
635 1403 868 1462 Nunquam
896 1414 1037 1446 tamen
1065 1404 1224 1445 remisit
1253 1403 1440 1444 animum
1462 1418 1485 1443 a
1506 1401 1592 1443 col·
1606 1411 1700 1441 Vires
1716 1411 1805 1442 colli-

192 1464 373 1521 ligendis
403 1464 447 1504 in
479 1479 580 1519 pace
612 1463 782 1513 viribus,
815 1463 980 1519 quibus,
1010 1461 1266 1518 quandoque
1298 1461 1396 1502 data
1425 1454 1792 1514 fortunagitnjPhssip-

161 1538 177 1568 3
194 1531 313 1571 esset,
337 1522 390 1563 ad
417 1521 576 1563 bellum
604 1530 803 1562 uteretur.
867 1520 1105 1576 Vectigalia
1131 1519 1249 1574 regni
1278 1534 1363 1560 non
1388 1507 1675 1559 f1·11ctibuspu³‘

194 1589 359 1621 tantum
381 1594 574 1635 agrorum
596 1579 876 1635 portoriisque
902 1578 1120 1618 maritimis
1146 1577 1289 1625 auxit3
1324 1576 1398 1617 sed
1426 1576 1594 1617 metalla

195 1638 321 1679 etiam
344 1646 386 1679 et
407 1647 548 1678 vetera
568 1637 802 1678 intermissa
825 1636 1014 1685 recoluit,
1038 1644 1080 1676 et
1107 1650 1215 1676 nova
1239 1633 1381 1675 multis
1406 1633 1507 1674 locis
1529 1634 1595 1674 in-

194 1695 342 1737 stituit.
407 1694 469 1736 Ut
501 1710 599 1736 vero
631 1694 846 1750 antiquam
880 1693 1196 1734 multitudinem
1227 1692 1461 1741 hominum,
1485 1706 1593 1747 quae

194 1753 294 1795 belli
317 1753 504 1794 cladibus
526 1752 674 1793 amissa
695 1761 794 1801 erat,
818 1752 1084 1800 restitueret3
1109 1766 1195 1791 non
1217 1749 1406 1791 subolem
1430 1757 1592 1790 tantum

194 1811 333 1867 stirpis
354 1811 538 1867 parabat,
561 1810 760 1866 cogendis
788 1810 983 1851 omnibus
1010 1823 1228 1865 procreare
1257 1817 1383 1863 atque
1413 1807 1592 1848 educare

194 1869 358 1918 liberos,
381 1868 455 1909 sed
477 1868 692 1909 Thracum
714 1868 840 1909 etiam
867 1882 1061 1923 magnam
1092 1865 1405 1906 multitudinem
1432 1865 1476 1905 in
1499 1864 1595 1905 Ma-

195 1926 416 1968 cedoniam
440 1926 695 1975 traduxerat,
718 1927 971 1981 quietusque
997 1924 1259 1981 aliquamdiu
1280 1939 1304 1964 a
1323 1922 1455 1972 bellis,
1479 1922 1594 1963 omni

195 1999 295 2026 eura
333 1984 377 2025 in
418 1984 630 2040 augendas
670 1984 789 2039 regni
831 1998 931 2039 opes
972 1983 1160 2023 intentus
1199 1981 1345 2022 fuerat.
1410 1979 1594 2021 Rediere

195 2041 350 2083 deinde
373 2057 533 2091 causae,
553 2057 660 2098 quae
678 2041 730 2082 de
749 2042 914 2096 integro
938 2040 1039 2081 iram
1062 2048 1280 2080 moverent
1301 2039 1345 2079 in
1364 2038 1591 2079 Romanos.

197 2099 493 2141 Thessalorum
517 2108 559 2140 et
581 2099 913 2140 Perrhaeborum
937 2097 1131 2153 querelae
1154 2096 1206 2137 de
1233 2096 1405 2137 urbibus
1429 2095 1514 2136 suis
1542 2095 1593 2136 ab
1608 2109 1778 2139 Thessalo-

196 2173 247 2199 eo
274 2157 483 2213 possessis,
507 2165 549 2198 et
579 2156 812 2212 legatorum
840 2155 1044 2196 Eumenis
1076 2154 1184 2210 regis
1214 2154 1267 2195 de
1297 2153 1488 2194 Thraciis
1519 2168 1594 2208 op-
1606 2162 1676 2182 rum
1689 2152 1808 2182 etalio-

197 2215 306 2272 pidis
334 2230 409 2271 per
429 2216 513 2255 vim
539 2214 765 2270 occupatis,
788 2213 1062 2269 traductaque
1092 2212 1135 2253 in
1159 2211 1457 2253 Macedoniam
1487 2210 1594 2251 mul-
1606 2205 1808 2268 ἷῗὲῃᾱὲῑξῖῗί

197 2273 394 2322 titudine,
418 2272 476 2314 ita
506 2272 672 2313 auditae
704 2280 835 2320 erant,
859 2280 905 2312 ut
935 2286 1004 2312 cas
1035 2285 1120 2311 non
1151 2269 1310 2325 negligi
1340 2269 1436 2310 satis
1468 2283 1595 2324 appa·
1608 2281 1708 2320 lippo.

198 2340 320 2372 reret.
385 2330 575 2371 Maxime
605 2338 790 2371 moverat
818 2336 1023 2377 senatum,
1048 2327 1163 2383 quod
1190 2327 1272 2368 iam
1297 2327 1409 2367 Aeni
1435 2334 1477 2367 et
1498 2325 1596 2366 Ma-

199 2403 351 2430 roneae
383 2388 565 2429 affectari
594 2387 898 2444 possessionem
927 2386 1174 2434 audierant3
1208 2384 1347 2424 minus
1372 2383 1596 2425 Thessalos

200 2447 411 2487 curabant.
479 2445 737 2486 Athamanes
764 2459 932 2500 quoque
955 2451 1162 2484 venerunt
1190 2441 1330 2498 legati,
1354 2456 1440 2482 non
1469 2442 1598 2497 partis

201 2504 386 2553 amissae,
411 2519 495 2545 non
523 2503 672 2544 finium
704 2503 905 2544 iacturam
935 2510 1172 2557 querentes,
1201 2499 1275 2540 sed
1307 2508 1436 2540 totam
1461 2499 1598 2540 Atha-

169 2561 384 2602 4maniam
417 2562 492 2602 sub
524 2561 588 2601 ius
620 2560 910 2615 iudiciumque
942 2559 1050 2614 regis
1082 2558 1254 2599 venisse.
1320 2556 1375 2597 Et
1407 2556 1598 2597 Maroni-

202 2629 338 2660 tarum
367 2618 558 2667 exsules3
592 2618 731 2674 (erant
758 2617 880 2674 pulsi,
904 2617 1004 2673 quia
1032 2615 1235 2657 libertatis
1263 2630 1429 2655 causam
1450 2614 1597 2655 defen-

201 2677 360 2718 dissent
392 2676 443 2716 ab
476 2676 591 2731 regio
623 2675 852 2732 praesidio)
888 2675 916 2715 ii
952 2690 1038 2715 non
1073 2673 1321 2714 Maroneam
1353 2672 1491 2721 modo,
1524 2673 1599 2713 sed

248 2788 263 2808 ἰ
289 2778 504 2817 Romanisque
534 2778 686 2816 oppidum
717 2777 875 2814 deditum]
924 2780 984 2806 tur.
1046 2775 1147 2805 Haud
1175 2774 1240 2804 scio
1267 2785 1307 2804 an
1336 2774 1397 2803 hoc
1429 2774 1498 2803 loco
1529 2782 1598 2810 spe-

204 2821 310 2853 Aliter
326 2831 374 2850 res
390 2824 536 2850 narratur
551 2830 637 2859 supr.
654 2819 762 2850 xxxvi.
782 2827 831 2858 25.
848 2823 879 2849 et
926 2822 1031 2848 ctetur
1053 2817 1132 2847 ratio
1160 2818 1319 2856 quaedam
1343 2815 1465 2855 agraria
1491 2813 1597 2843 huius-

204 2863 338 2894 xxxviii.
357 2874 385 2900 4.
432 2862 522 2893 Alios
543 2862 693 2892 nimirum
711 2862 787 2892 alibi
805 2872 878 2892 auc-
924 2860 1024 2898 modi,
1040 2870 1114 2899 qua,
1131 2859 1184 2899 qui
1205 2870 1296 2899 agros
1318 2859 1479 2895 colebant⁷
1496 2867 1549 2887 eos
1564 2857 1599 2886 in

205 2912 290 2937 tores
306 2909 435 2936 secutus
451 2909 497 2935 est
516 2904 636 2935 Livius.
661 2904 768 2935 Cssssv.
925 2905 1030 2943 capite
1046 2913 1065 2933 a
1081 2913 1153 2941 rege
1170 2902 1403 2932 conducebant.

250 2958 267 2988 3
293 2951 368 2979 Non,
381 2949 549 2987 fructibus
566 2951 692 2977 tantum
709 2948 878 2986 myrorum]
971 2957 988 2983 4
1012 2947 1057 2976 Et
1076 2946 1320 2975 Maronitarum
1343 2944 1483 2980 ers-mles]
1517 2942 1597 2980 Sup-

208 2991 274 3027 Qui
301 3001 358 3032 pro
382 3001 440 3021 usu
462 3000 609 3029 agrorum
632 2990 695 3028 regi
718 2990 881 3020 solvebam·
931 2989 993 3027 ple.
1010 2991 1162 3017 vens-runt
1184 2988 1333 3016 Romam.
