1960 3218
558 137 685 180 LIB.
718 135 943 179 XXXIII.
987 135 1135 178 CAP.
1168 140 1237 178 48.
1519 140 1597 179 125

170 248 182 270 1
199 230 393 272 omnibus
413 229 591 271 residuis
615 228 807 286 pecuniis
832 228 1003 278 exactis,
1026 228 1184 270 tributo
1212 227 1384 283 privatis
1411 227 1596 277 remisso,

198 287 297 328 satis
336 287 591 343 locupletem
630 285 933 342 rempublicam
966 285 1054 327 fore
1087 285 1142 326 ad
1172 284 1351 341 vectigal
1384 293 1599 340 praestan—

197 344 300 386 dum
323 344 540 393 Romanis,
562 343 850 399 pronuntiavit
882 343 927 383 in
954 342 1172 392 concione,
1195 351 1238 383 et
1265 341 1474 398 praestitit
1500 356 1598 398 pro-

198 401 382 443 mis-siun.
446 401 557 442 Tum
590 415 688 442 vero
719 400 801 450 isti,
831 415 936 456 quos
966 410 1139 456 pavcrat
1171 414 1248 456 per
1280 399 1442 455 aliquot
1466 414 1598 440 annos

196 459 391 515 publicus
420 458 651 515 peculatus,
688 457 804 498 velut
834 457 954 498 bonis
985 457 1152 513 ereptis,
1184 472 1271 498 non
1301 457 1413 497 furto
1449 471 1596 497 eorum

197 516 390 557 manibus
412 525 589 563 extorto,
612 515 765 556 infensi
793 523 835 556 et
863 514 957 555 irati
980 514 1196 555 Romanos
1226 514 1271 554 111
1295 513 1596 563 Hannibalem,

197 581 241 614 et
267 574 378 629 ipsos
406 588 571 614 cansam
601 572 689 613 odii
710 580 973 627 quaerentes,
995 572 1261 627 instigabant.
1325 570 1404 620 Ita,
1426 570 1502 611 (liu
1532 585 1598 611 re-

196 639 413 686 pugnante
450 630 498 671 P.
533 629 729 685 Scipione
762 629 977 679 Africano,
1012 628 1086 684 qui
1121 644 1271 685 parum
1306 644 1359 670 ex
1390 628 1596 684 dignitate

166 707 183 728 ’.ι
197 687 343 744 populi
362 687 546 729 Romani
568 701 656 728 esse
679 686 873 735 ducebat,
897 687 1155 727 subscribere
1179 686 1287 727 odiis
1309 694 1596 727 accusatorum

165 744 465 794 3Haunibalis,
498 753 540 786 et
569 744 821 785 factionibus
855 743 1272 799 Carthaginiensium
1303 743 1486 785 inserere
1518 758 1598 799 pu-

196 801 349 844 blicam
379 803 683 850 anctoritatem,
706 816 785 842 nec
813 802 911 842 satis
938 801 1093 842 habere
1125 801 1236 843 bello
1260 801 1406 842 vicisse
1430 800 1599 842 Hanni-

165 876 185 904 4
197 859 348 909 balem,
370 860 451 901 nisi
477 859 593 900 velut
621 868 881 900 accusatores
912 858 1166 900 calumniam
1196 859 1242 900 in
1269 874 1367 900 eum
1398 859 1596 908 iurarent,

198 932 245 958 ac
266 932 423 958 nomen
445 917 668 966 deferrent,
691 916 862 957 tandem
890 916 1170 972 pervicerunt,
1193 925 1241 957 ut
1267 916 1395 973 legati
1419 916 1599 958 Cartha-

197 975 339 1031 ginem
361 975 642 1024 mitterentur,
666 974 740 1030 qui
761 973 814 1014 ad
835 982 1028 1015 senatum
1049 989 1194 1015 eorum
1217 982 1453 1029 arguerent,
1477 973 1599 1015 Han-

197 1032 381 1073 nibalem
415 1047 511 1072 011111
543 1031 759 1072 Antiocho
792 1046 890 1087 rege
924 1031 1097 1073 consilia
1129 1031 1228 1072 belli
1260 1031 1443 1072 faciendi
1477 1031 1595 1072 inire.

198 1089 349 1145 Legati
384 1098 467 1130 tres
500 1089 626 1138 missi,
665 1088 746 1130 Cn.
774 1087 987 1138 Servilius,
1024 1088 1086 1130 Μ.
1114 1088 1320 1130 Claudius
1355 1088 1597 1138 Marcellus,

202 1146 256 1195 Q.
275 1147 502 1188 Terentius
531 1146 694 1187 Culleo.
761 1146 849 1193 Qui
878 1161 1010 1201 quum
1039 1145 1343 1202 Carthaginem
1371 1146 1597 1197 venissent,

199 1219 253 1245 ex
285 1204 458 1245 consilio
490 1204 758 1244 inimicorum
795 1203 1062 1254 Hannibalis,
1100 1204 1401 1260 quaerentibus
1432 1218 1599 1244 causam

198 1261 404 1302 adventus
425 1261 509 1301 diei
538 1261 773 1301 iusserunt:
807 1260 970 1302 venisse
1000 1276 1043 1302 se.
1072 1261 1126 1302 ad
1155 1261 1466 1310 controversias,
1490 1276 1598 1316 quae

197 1333 295 1359 011111
317 1318 541 1359 Masinissa
568 1333 666 1374 rege
689 1317 973 1359 Numidarum
999 1318 1418 1374 Carthaginiensibus
1444 1327 1597 1367 essent,

197 1375 466 1417 dirimendas.
529 1375 581 1416 Id
614 1375 823 1417 creditum
851 1375 988 1432 vulgo.
1053 1375 1201 1417 Unum
1235 1375 1523 1417 Hannibalern
1554 1390 1598 1416 se

196 1433 286 1489 peti
307 1433 358 1474 ab
382 1433 586 1474 Romanis
607 1447 694 1474 non
714 1432 909 1481 fallebat3
943 1441 985 1474 et
1012 1433 1071 1474 ita
1098 1448 1245 1489 pacem
1271 1432 1600 1488 Carthaginien-

197 1490 311 1532 sibus
332 1490 473 1531 datam
495 1505 598 1539 esse,
620 1498 667 1531 ut
694 1490 950 1546 inexpiabile
981 1490 1139 1532 bellum
1168 1490 1365 1532 adversus
1393 1505 1436 1531 se
1466 1505 1599 1531 unum

198 1556 399 1589 maneret,
462 1547 613 1603 Itaque
646 1547 796 1588 cedere
829 1548 1010 1603 tempori
1041 1556 1083 1589 et
1112 1548 1305 1589 fortunae
1337 1548 1508 1596 statuit3
1542 1556 1597 1597 et,

197 1605 453 1661 praeparatis
480 1604 563 1645 iam
591 1612 689 1645 ante
719 1604 914 1645 omnibus
942 1605 996 1645 ad
1016 1604 1172 1660 fugam,
1195 1605 1435 1646 obversatus
1457 1620 1507 1646 eo
1529 1604 1598 1645 die

198 1662 242 1702 in
263 1662 353 1703 foro
375 1661 626 1703 avertendae
648 1661 896 1717 suspicionis
917 1676 1053 1711 causa,
1072 1662 1218 1717 primis
1240 1662 1422 1703 tenebris
1443 1662 1600 1703 vestitu

197 1718 352 1760 forensi
374 1719 427 1760 ad
448 1728 608 1775 portam
632 1734 727 1760 011111
750 1718 916 1759 duobus
937 1719 1160 1760 comitibus
1183 1719 1336 1774 ignaris
1357 1718 1520 1760 consilii
1537 1727 1600 1760 est

199 1791 400 1831 egressus.
467 1775 613 1824 Quum
650 1775 764 1831 equi,
802 1791 887 1831 quo
919 1776 964 1816 111
1004 1776 1096 1817 1000
1131 1776 1232 1817 iussi
1265 1785 1397 1824 erant,
1432 1784 1599 1832 praesto

167 1833 386 1883 5fuissent,
427 1842 550 1874 nocte
594 1832 826 1890 Byzacium
866 1833 946 1888 (ita
990 1833 1207 1888 regionem
1248 1833 1464 1889 quandam
1505 1833 1600 1874 Afri

167 1890 371 1946 6vocant)
399 1900 689 1946 transgressus,
716 1898 883 1946 postero
912 1890 980 1931 die
1013 1891 1063 1932 ad
1098 1905 1211 1932 mare
1242 1890 1354 1932 inter
1374 1890 1601 1932 Achollam

246 2003 258 2023 1
287 1994 443 2024 Omnibus
465 1994 602 2025 residuis
619 1994 785 2033 pecuniis]
817 1994 877 2024 Pe-

201 2036 315 2066 cuniae
335 2036 481 2066 residuae
504 2040 576 2066 sunt
599 2047 681 2075 quae
702 2037 790 2075 apud
812 2046 877 2066 ma-

199 2078 349 2117 gistratus
372 2078 462 2117 quasi
486 2079 683 2115 resederunt,
703 2079 737 2108 h.
755 2088 782 2109 0.
799 2088 879 2117 quas

200 2120 404 2160 magistratus
430 2131 470 2150 cx
497 2121 629 2158 aerario,
653 2124 689 2150 ut
713 2121 746 2150 iu
774 2121 878 2159 publi-

200 2173 274 2193 cum
319 2173 411 2192 usum
454 2163 691 2202 impenderent,
728 2166 879 2202 acceptas

199 2205 423 2236 fraudulenter
453 2205 665 2242 retinuerunt,
693 2209 724 2235 ct
752 2205 784 2235 in
812 2215 878 2235 rem

199 2258 291 2278 suam
317 2251 563 2284 converterunt3
592 2247 668 2277 hinc
695 2248 783 2287 apud
808 2246 877 2278 Cic.

200 2300 259 2330 pro
280 2290 411 2321 Cluent.
432 2299 483 2329 34.
506 2291 544 2321 de
567 2291 717 2330 pecuniis
740 2291 879 2321 residuis

199 2343 285 2364 reus.
310 2332 420 2363 Domi.

245 2384 263 2404 2
296 2376 502 2406 Subscribere
541 2375 621 2405 odiis
655 2379 879 2405 accusatorum

200 2417 418 2455 Hannibalis]
464 2416 612 2447 Verbum
650 2417 816 2457 proprium
846 2417 879 2446 in

201 2459 416 2490 accusatione.
468 2459 646 2490 Accusator
676 2462 744 2489 erat
774 2459 800 2489 is
824 2458 879 2498 qui

202 2511 320 2532 nomen
348 2502 519 2538 detulerat,
546 2501 666 2541 quique
695 2501 727 2531 in
754 2502 879 2541 agendo

202 2543 353 2583 princeps
367 2548 445 2574 erat.
492 2544 559 2579 Qui
585 2554 658 2574 vero
681 2554 714 2574 se
738 2544 766 2574 ei
790 2543 879 2574 adiu-

202 2589 288 2616 tores
309 2586 375 2616 fore
398 2590 430 2616 et
453 2587 590 2617 eandem
614 2596 688 2616 cum
709 2586 779 2625 ipso
806 2596 880 2616 cau-

203 2637 271 2658 sam
309 2632 436 2658 acturos
474 2639 542 2659 esse
576 2629 823 2668 profitebantur,
859 2627 881 2658 ii

202 2671 400 2701 subscribere
415 2670 604 2701 dicebantur
623 2670 832 2708 accusationi,
849 2674 882 2701 ct

204 2712 403 2742 vocabantur
417 2714 656 2752 subscriptores.
681 2713 788 2744 Cunv.

249 2763 266 2792 3
291 2756 336 2785 Et
346 2754 548 2792 factionibus
563 2755 884 2794 C'artlzuyz'niensium

203 2797 347 2827 inserere
375 2797 538 2835 publicam
564 2798 802 2835 auctoritatem]
839 2797 884 2827 Et

203 2838 385 2869 immiscere
397 2848 514 2868 nomen
525 2839 814 2878 auctoritatemque
828 2850 882 2879 po-

207 2880 275 2920 puli
301 2880 443 2912 Romani
467 2881 660 2913 frictionibus
681 2881 881 2921 Carthagini-

922 1993 1058 2032 ensium,
1071 1993 1117 2024 ita
1133 1996 1169 2024 ut
1186 1993 1329 2024 Romani
1345 2004 1413 2024 sese
1428 1992 1521 2024 alteri
1537 1993 1601 2023 fac—

922 2036 1003 2066 tioni
1033 2037 1186 2066 adversus
1216 2037 1352 2066 alteram
1379 2035 1601 2075 adiungerent.

923 2079 1030 2109 CnEv.

972 2132 991 2158 4
1021 2121 1226 2151 Calumniam
1255 2122 1291 2150 in
1325 2131 1398 2151 eum
1431 2121 1599 2158 iurarent]

923 2163 1132 2193 Calumniam
1156 2162 1271 2200 iurare,
1288 2162 1353 2193 sive
1375 2162 1479 2192 iurare
1496 2163 1535 2192 de
1552 2172 1602 2192 ca-

924 2204 1059 2242 lumnia,
1076 2206 1350 2244 quemadmodum
1374 2204 1516 2243 loquitur
1534 2205 1602 2235 Ius-

922 2247 1075 2285 tinianus,
1102 2247 1208 2278 Instit.
1232 2247 1264 2278 ii.
1290 2256 1339 2286 23.
1365 2250 1413 2277 est
1439 2246 1542 2277 iurare
1570 2257 1603 2277 se

924 2300 988 2320 non
1005 2289 1237 2327 calumniandi,
1252 2293 1308 2319 aut
1329 2289 1447 2320 iniuste
1464 2289 1603 2319 vexandi

923 2342 1120 2371 quemquam
1158 2332 1267 2362 animo
1305 2331 1395 2361 litem
1426 2331 1603 2362 instituere.

924 2375 1000 2404 I-Ioe
1017 2374 1235 2404 iuramentum
1253 2377 1415 2414 praestare
1431 2373 1542 2404 solitos
1557 2383 1603 2404 es—

924 2426 957 2447 se
979 2420 1193 2454 accusatores,
1214 2427 1254 2447 ex
1278 2416 1339 2446 hoc
1360 2415 1430 2455 ipso
1454 2416 1525 2446 loco
1549 2425 1604 2454 ap-

924 2463 1026 2498 paret.
1073 2459 1113 2489 Id
1143 2458 1240 2498 igitur
1268 2458 1456 2498 indignatur
1484 2457 1605 2497 Scipio,

924 2502 1011 2541 quod
1042 2501 1184 2532 Romani
1217 2505 1372 2540 tanquam
1403 2504 1606 2531 accusatores

923 2554 1014 2574 reum
1037 2554 1132 2584 agere
1153 2544 1241 2574 velut
1264 2544 1323 2574 sub
1347 2543 1454 2574 iudice
1477 2542 1603 2574 Hanni-

926 2587 1033 2616 balem
1053 2586 1162 2617 velint.
1187 2586 1293 2617 CuEv.

976 2639 993 2668 5
1017 2631 1119 2660 Nocte
1145 2630 1325 2667 Byzacium
1356 2627 1419 2668 (ita
1445 2628 1606 2667 regionem

925 2672 1087 2711 quandam
1106 2672 1186 2709 Afri
1210 2668 1341 2711 vocant)
1366 2669 1602 2708 transyressus]

928 2713 981 2743 Ita
997 2723 1126 2752 quoque
1143 2713 1314 2743 Bckkcrus
1338 2722 1394 2752 pro
1415 2712 1499 2750 vulg.
1516 2716 1607 2742 nocte

927 2757 981 2786 via
1005 2757 1069 2786 cita
1092 2756 1252 2794 reyionem
1275 2756 1439 2795 quandam
1455 2755 1527 2793 (tyri
1552 2754 1606 2784 Vo-

929 2799 1004 2829 cani
1021 2802 1250 2836 transyressus.

971 2839 990 2869 6
1013 2841 1146 2871 Postero
1161 2841 1212 2871 ‘lie
1228 2840 1271 2870 acl
1285 2840 1390 2877 mare]
1417 2838 1505 2870 Olim
1524 2838 1607 2876 lege-

927 2883 1023 2913 batur
1034 2887 1161 2922 postero
1174 2883 1224 2914 (lie
1239 2892 1342 2913 mane.

1613 237 1658 270 U.
1676 238 1714 270 C.
1737 244 1810 278 557.

1612 280 1651 312 A.
1675 281 1714 313 C.
1740 289 1810 322 195.

1611 581 1756 612 Romani

1611 624 1778 664 Carthagi-

1610 676 1683 697 nem
1701 667 1785 707 lega-

1610 712 1660 739 tos
1675 709 1811 740 mittunt

1610 752 1652 782 ad
1667 762 1760 782 accu—

1610 795 1747 825 sandum

1612 837 1781 868 Hanniba-

1611 880 1686 912 lem.

1675 1781 1744 1819 48.

1613 1835 1749 1875 Aufugit

1615 1878 1794 1910 Hannibal.
