1960 3218
546 156 672 198 LIB.
708 154 926 197 XXXIV.
975 153 1120 196 CAP.
1155 156 1222 194 26.
1494 156 1574 195 149

141 264 156 286 2
171 247 350 290 nudaret
371 248 544 298 animos,
567 247 612 288 id
633 246 748 303 quod
774 245 928 294 evenit,
952 259 1080 301 quam
1106 259 1178 300 spe
1200 243 1415 299 impetrari
1435 258 1568 300 posse.
1587 249 1631 281 U.
1649 250 1688 281 C.
1710 256 1783 290 557·

171 305 373 348 Tribunis
400 305 596 354 militum,
619 313 666 346 ut
694 304 927 345 exercitum
953 303 1004 344 ab
1033 302 1172 343 Elatia
1199 310 1469 351 arcesserent,
1490 301 1569 343 im·
1584 293 1624 324 A·
1650 293 1783 347 02195.

169 365 341 420 peravit.
404 364 488 405 Per
508 362 678 404 eosdem
699 362 790 403 dies
815 370 857 403 et
878 360 1083 402 Antiochi
1104 359 1263 416 legatis,
1287 359 1340 400 de
1368 359 1566 401 societate
1583 393 1617 428 Q
1644 339 1720 399 ,29ἲ

169 422 402 478 agentibus,
431 420 660 477 respondit,
693 426 704 444 ‘
721 419 844 460 Nihil
874 434 931 468 se,
961 417 1203 460 absentibus
1231 417 1378 458 decem
1406 416 1565 473 legatis,
1582 398 1761 475 Αζέξὲζῗ

171 480 432 521 ‘sententiae
480 479 646 520 habere.
729 477 911 518 Romam
960 476 1149 517 eundum
1190 475 1243 516 ad
1283 483 1477 516 senatum
1517 475 1567 516 iis
1581 478 1718 552 {mittum

170 538 310 578 gesse.)
1604 532 1681 553 uel.

226 594 323 652 Ipse
360 595 501 651 copias
537 594 739 635 adductas
775 593 826 634 ab
864 592 1002 633 Elatia
1037 591 1190 633 ducere
1229 590 1368 647 Argos
1403 591 1564 647 pergitg

168 660 295 709 atque
317 653 357 694 ei
378 653 489 694 circa
508 651 690 694 Cleonas
712 651 961 692 Aristaenus
982 657 1160 706 praetor,
1184 663 1280 690 cum
1302 648 1451 690 decem
1472 649 1568 689 mil-

167 710 276 752 libus
294 711 578 760 Achaeorum,
597 709 810 765 equitibus
831 707 959 758 mille,
983 707 1186 749 occurrit:
1220 715 1264 748 et
1283 706 1399 748 haud
1419 706 1567 763 procul

166 769 281 819 inde,
318 768 471 810 iunctis
507 768 772 817 exercitibus,
810 774 1042 823 posuerunt
1074 773 1218 806 castra.
1283 764 1458 806 Postero
1496 764 1565 806 die

166 827 211 867 in
247 841 442 883 campum
476 826 731 883 Argivorum
765 823 1090 873 descenderunt,
1125 832 1167 864 et
1200 830 1400 879 quattuor
1434 822 1564 864 ferme

166 884 298 926 millia
333 885 384 926 ab
416 884 544 940 Argis
576 884 716 925 locum
752 882 894 924 castris
926 881 1109 938 capiunt.
1172 880 1415 922 Praefectus
1446 895 1566 937 prae-

165 942 272 984 sidio
309 942 529 984 Laconum
565 950 653 983 erat
689 940 962 998 Pythagoras,
996 954 1127 996 gener
1162 938 1276 980 idem
1310 938 1489 995 tyranni,
1523 947 1566 980 et

165 1001 308 1042 uxoris
328 1001 417 1041 eius
438 1000 585 1041 frater:
614 999 688 1055 qui
709 999 785 1040 sub
808 998 1036 1039 adventum
1055 996 1346 1038 Romanorum
1369 1005 1409 1038 et
1431 1004 1565 1038 utras-

166 1073 249 1115 que
281 1073 407 1108 arces,
429 1058 548 1114 (nam
579 1057 682 1098 duas
711 1056 873 1098 habent
903 1055 1031 1111 Argi)
1059 1063 1102 1096 et
1128 1054 1220 1096 loca
1246 1054 1338 1104 alia,
1362 1070 1469 1110 quae
1491 1064 1565 1096 aut

165 1125 414 1173 opportuna,
447 1124 520 1157 aut
551 1122 744 1171 suspecta
774 1122 906 1163 erant,
938 1112 1087 1154 validis
1119 1112 1337 1168 praesidiis
1368 1112 1560 1154 firmavit.

168 1173 253 1215 Sed
282 1174 393 1215 inter
423 1173 586 1230 agenda
615 1172 718 1213 haec
747 1186 945 1228 pavorem
973 1170 1177 1211 iniectum
1198 1169 1382 1211 adventu
1406 1169 1564 1211 Roma-

163 1247 313 1273 norum
335 1230 596 1272 dissimulare
626 1229 956 1285 haudquaquam
979 1236 1165 1284 poterat:
1200 1236 1243 1268 et
1263 1227 1318 1268 ad
1339 1236 1563 1269 externum

164 1297 365 1331 terrorem
397 1288 596 1330 intestina
629 1287 756 1328 etiam
788 1286 939 1328 seditio
972 1286 1156 1327 accessit.
1219 1285 1447 1326 Damocles
1475 1294 1564 1327 erat

164 1347 361 1403 Argivus,
385 1346 626 1388 adolescens
654 1345 822 1386 maioris
847 1344 988 1393 animi,
1013 1358 1141 1399 quam
1163 1342 1349 1384 consilii:
1383 1343 1457 1399 qui
1478 1343 1564 1400 pri-

163 1419 246 1454 mo,
268 1404 541 1446 iureiurando
571 1403 831 1460 interposito,
855 1402 908 1443 de
940 1401 1147 1458 praesidio
1179 1401 1434 1458 expellendo
1465 1416 1563 1442 cum

163 1462 327 1504 idoneis
355 1462 600 1510 collocutus,
623 1461 726 1502 dum
747 1461 855 1502 vires
887 1459 1068 1501 adiicere
1101 1459 1383 1501 coniurationi
1408 1459 1561 1510 studet,

131 1519 371 1565 3incautior
405 1520 507 1562 fidei
543 1519 782 1561 aestimator
812 1518 903 1559 fuit.
970 1517 1299 1574 Colloquentem
1332 1532 1429 1558 eum
1466 1532 1564 1559 cum

162 1578 247 1619 suis
272 1578 436 1620 satelles
457 1594 481 1619 a
500 1577 712 1634 praefecto
734 1577 882 1617 missus
904 1591 1036 1632 quum
1058 1583 1294 1625 arcesseret,
1317 1575 1446 1617 sensit
1466 1591 1563 1632 pro·

161 1635 298 1677 ditum
320 1636 541 1678 consilium
563 1650 676 1684 esse3
710 1635 984 1690 hortatusque
1007 1633 1258 1683 coniuratos,
1277 1633 1350 1689 qui
1372 1632 1560 1684 aderant,

131 1702 209 1736 4ut
239 1695 390 1750 potius,
413 1709 540 1750 quam
561 1693 715 1735 extorti
736 1700 1012 1741 morerentur,
1034 1706 1149 1733 arma
1169 1706 1312 1732 secum
1334 1700 1558 1747 caperent:

161 1760 287 1808 atque
310 1753 367 1794 ita
388 1767 484 1794 cum
506 1751 650 1808 paucis
671 1751 714 1791 in
736 1750 873 1791 forum
895 1750 954 1791 ire
976 1749 1126 1806 pergit,
1149 1748 1380 1799 clamitans,
1403 1758 1463 1799 ut,
1487 1749 1560 1806 qui

162 1809 315 1851 salvam
344 1809 646 1866 rempublicam
667 1808 837 1858 vellent,
859 1817 1074 1849 auctorem
1105 1815 1147 1848 et
1178 1807 1330 1848 ducem
1362 1822 1404 1848 se
1436 1807 1562 1848 liber-

162 1868 258 1909 tatis
288 1876 576 1925 sequerentur.
641 1865 771 1908 Haud
799 1881 897 1907 sane
929 1866 1060 1906 movit
1081 1880 1353 1922 quemquam,
1376 1865 1476 1921 quia
1496 1865 1561 1905 ni-

161 1925 221 1966 hil
250 1941 426 1982 usquam
457 1926 546 1982 spei
571 1924 846 1981 propinquae,
879 1923 1038 1964 nedum
1075 1923 1172 1964 satis
1208 1922 1319 1963 firmi
1348 1923 1559 1979 praesidii,

162 1984 400 2025 cernebant.
466 1983 585 2024 Haec
626 1982 924 2024 vociferantem
966 1996 1064 2022 eum
1106 1980 1446 2030 Lacedaemonii,
1481 1981 1560 2022 cir—

162 2051 433 2083 cumventum
455 2056 552 2082 cum
573 2041 669 2090 suis,
693 2040 1005 2080 interfecerunt.
1072 2037 1378 2094 Comprehensi
1403 2037 1557 2079 deinde

162 2099 335 2155 quidam
364 2108 407 2140 et
442 2098 522 2140 alii.
587 2097 654 2139 Ex
685 2097 734 2138 iis
766 2097 890 2138 occisi
921 2096 1074 2153 plureS‚
1097 2096 1221 2152 pauci
1251 2096 1296 2136 in
1325 2096 1558 2137 custodiam

162 2157 352 2198 coniecti.
416 2156 546 2197 Multi
582 2155 775 2212 proxima
806 2163 944 2204 nocte,
976 2154 1146 2195 funibus
1181 2168 1256 2209 per
1288 2168 1455 2194 murum
1484 2154 1558 2195 de-

161 2214 287 2264 missi,
321 2215 373 2255 ad
408 2214 624 2255 Romanos
653 2212 975 2268 transfugerunt.
1042 2211 1281 2261 Quinctius,
1314 2212 1558 2253 affirmanti—
1636 2212 1703 2251 26.

159 2272 237 2314 bus
268 2273 329 2322 iis,
352 2273 385 2313 si
416 2272 469 2313 ad
500 2280 638 2328 portas
672 2271 890 2312 Romanus
921 2269 1129 2311 exercitus
1159 2269 1316 2319 fuisset,
1349 2284 1436 2311 non
1467 2270 1556 2311 sine

160 2330 313 2372 effectu
333 2331 521 2371 futurum
543 2344 641 2370 eum
663 2336 823 2370 motum
846 2328 983 2377 fuisse,
1006 2336 1060 2376 et,
1083 2327 1116 2368 si
1138 2327 1309 2383 propius
1330 2336 1464 2368 castra
1484 2327 1558 2369 ad-

160 2396 440 2438 moverentur,
459 2403 544 2429 non
562 2387 778 2443 quieturos
800 2386 994 2442 Argivos,
1017 2385 1131 2425 misit
1152 2384 1373 2441 expeditos
1393 2385 1557 2442 pedites

130 2445 421 2503 sequitesque,
444 2446 516 2502 qui
549 2446 658 2487 circa
681 2444 909 2501 Cylarabin
931 2442 1217 2500 (gymnasium
1249 2443 1294 2483 id
1325 2452 1388 2484 est
1418 2443 1557 2485 minus

204 2595 221 2616 ‘z
255 2587 297 2617 Ut
326 2588 465 2617 nudaret
491 2587 630 2624 animos]
673 2586 830 2617 observat
875 2586 1066 2615 deineorum
1079 2583 1270 2623 quibuscum
1283 2584 1451 2614 consilium
1462 2594 1557 2614 suum

163 2628 340 2659 Burmann.
365 2630 406 2659 ad
432 2629 569 2659 Phaedr.
599 2629 684 2659 Prol.
710 2628 754 2659 iii.
779 2638 829 2667 47.
876 2627 1130 2658 communicaret
1156 2637 1268 2666 parum
1293 2633 1387 2657 caute
1409 2631 1440 2657 et
1463 2637 1555 2657 accu-

161 2672 288 2702 nudare
303 2671 354 2701 hic
368 2671 483 2702 rariore
497 2671 677 2710 significatu
690 2671 763 2710 poni
779 2681 836 2710 pro
881 2675 948 2701 rate
969 2669 1163 2707 aestimavit,
1179 2674 1276 2708 atque
1292 2669 1335 2699 ita
1358 2680 1407 2700 res
1428 2670 1556 2709 prodita

161 2714 398 2753 deprehendere
428 2719 570 2744 mentem
601 2714 745 2751 alterius,
776 2713 835 2743 nisi
881 2713 1054 2743 emanavit.
1079 2714 1184 2744 ΟΜΝ.

161 2756 232 2795 quis
247 2757 328 2786 forte
344 2757 455 2786 mallet
473 2758 646 2793 nudarent,
663 2756 682 2786 i.
700 2767 726 2786 c.
746 2760 832 2795 patc-
922 2767 940 2793 4
965 2757 1094 2786 Ida-torti
1119 2756 1335 2792 morerentur]
1371 2754 1556 2784 Tormentis

161 2799 321 2829 facerent:
355 2799 445 2829 addit
461 2803 569 2829 tamen
590 2799 646 2829 sibi
667 2799 832 2836 vulgatum
879 2798 1020 2828 cruciati.
1057 2798 1096 2828 cf.
1114 2808 1200 2837 supr.
1216 2797 1315 2828 xxxii.
1334 2798 1384 2835 38.

163 2842 301 2881 placere,
332 2841 381 2871 cni
418 2841 588 2872 assentitur
630 2841 832 2872 Drakenbor-
922 2850 938 2879 5
965 2842 1158 2880 (ymo-ahin]
1195 2840 1411 2879 Gymnasium
1434 2839 1477 2869 sic
1502 2850 1554 2868 no-

163 2883 264 2915 ehius.
883 2884 1041 2914 minatum
1069 2893 1087 2913 a
1115 2883 1277 2922 Cylarabe
1305 2882 1450 2913 Stheneli
1480 2881 1557 2917 tilio,

206 2936 223 2965 3
248 2928 416 2958 lncautior
438 2928 519 2966 fidei
551 2927 750 2963 aestimator]
788 2926 836 2956 1³1-
884 2926 937 2965 qui
955 2926 1097 2963 regnavit
1115 2925 1218 2963 Argi&
1234 2929 1265 2956 ct
1288 2925 1319 2955 in
1337 2935 1374 2955 co
1390 2924 1556 2964 gymnasio
