1960 3218
155 250 197 282 U.
215 252 253 282 C.
276 250 347 291 562.

151 295 192 324 A.
217 295 254 325 G.
281 304 349 334 190.

154 483 241 514 Dein
259 483 315 516 ira.

219 1222 283 1262 13.

151 2267 248 2298 Rom.
266 2269 346 2298 clas·

150 2320 191 2338 Sis
206 2314 282 2341 ante

151 2352 333 2391 Ephesum.

359 153 441 194 276
877 150 1025 193 ΤΙΤΙ
1068 150 1247 193 LIVII

362 241 498 297 primo
520 240 664 282 audita
684 241 823 282 clades
844 242 968 282 simul
990 256 1198 298 pavorem,
1217 240 1342 282 simul
1363 240 1524 283 luctum
1541 241 1758 298 ingentem

362 299 473 340 fecit.
537 298 664 348 Nam,
697 308 861 355 praeter
891 300 1063 340 navium
1094 299 1360 356 militumque
1394 300 1608 349 iacturam,
1644 300 1760 356 quod

363 356 488 405 floris,
512 356 627 412 quod
655 357 814 398 roboris
840 356 884 397 in
912 357 1131 398 iuventute
1160 356 1306 407 fuerat,
1333 357 1584 407 amiserant3
1617 357 1792 402 multis6

363 413 575 455 nobilibus
591 415 743 456 secutis
764 415 875 455 inter
895 423 1033 456 cetera
1054 415 1346 456 auctoritatem
1367 415 1626 464 Pausistrati,
1650 431 1758 471 quae

363 471 475 513 inter
514 487 609 513 suos
650 472 799 513 merito
841 472 1022 513 maxima
1067 480 1166 513 erat.
1231 472 1414 522 Deinde,
1457 473 1572 528 quod
1612 473 1758 514 fraude

363 529 489 585 capti,
518 530 633 585 quod
665 545 689 570 a
714 530 803 570 cive
837 530 1099 586 potissimum
1130 545 1205 571 suo
1236 530 1384 579 forent,
1414 531 1457 570 in
1486 531 1589 571 iram
1621 530 1759 572 luctus

363 586 499 628 vertit.
562 587 726 628 Decem
762 587 975 643 extemplo
1016 603 1155 636 naves,
1197 596 1239 628 et
1279 587 1427 629 diebus
1472 597 1566 644 post
1615 588 1759 644 paucis

363 644 512 686 decem
538 644 649 694 alias,
673 645 882 700 praefecto
908 645 1097 686 omnium
1122 645 1328 694 Eudamo,
1352 646 1581 686 miserunt:
1616 661 1757 701 quem,

364 702 454 743 aliis
489 702 712 744 virtutibus
747 702 907 744 bellicis
942 703 1270 758 haudquaquam
1307 703 1564 744 Pausistrato
1599 719 1757 759 parem,

363 759 606 809 cautiorem,
634 776 718 815 quo
750 760 889 800 minus
920 760 1049 801 animi
1080 769 1180 809 erat,
1211 761 1362 801 ducem
1394 760 1582 802 futurum
1613 761 1759 802 crede·-

364 818 476 859 bant.
540 817 724 859 Romani
757 826 800 858 et
833 817 1047 859 Eumenes
1080 833 1155 858 rex
1187 818 1231 858 in
1266 817 1541 874 Erythraeam
1574 819 1758 874 primum

363 875 537 916 classem
571 875 875 931 applicuerunt.
939 875 1006 916 Ibi
1039 884 1207 916 noctem
1241 891 1369 916 unam
1402 876 1564 924 morati,
1593 884 1758 932 postero

363 932 432 974 die
476 932 690 989 Corycum
732 933 935 974 Teiorum
975 933 1309 989 promontorium
1351 942 1588 974 tenuerunt.
1652 932 1757 974 Inde

363 1005 494 1046 quum
523 991 568 1031 in
592 990 785 1047 proxima
809 991 971 1032 Samiae
993 991 1150 1032 vellent
1178 991 1380 1040 traiicere,
1404 1006 1491 1032 non
1518 999 1759 1047 exspectato

362 1048 459 1089 solis
480 1057 588 1098 ortu,
607 1064 661 1089 ex
679 1064 763 1104 quo
785 1057 939 1090 statum
961 1049 1067 1090 coeli
1089 1057 1234 1090 notare
1256 1049 1555 1104 gubernatores
1575 1056 1757 1104 possent,

361 1106 407 1146 in
428 1106 631 1147 incertam
653 1115 946 1162 tempestatem
968 1107 1183 1147 miserunt.
1247 1106 1395 1147 Medio
1417 1106 1460 1146 in
1482 1121 1617 1156 cursu,
1640 1106 1759 1162 aqui-
1774 1124 1791 1156 7

362 1163 459 1204 lone
502 1164 546 1204 in
589 1164 919 1220 septentrionem
961 1179 1092 1213 verso,
1135 1173 1380 1220 exasperato
1420 1164 1616 1205 fluctibus
1656 1164 1760 1205 mari

362 1221 504 1262 iactari
541 1230 782 1278 coeperunt.
861 1221 1159 1278 Polyxenidas,
1200 1221 1371 1263 Samum
1406 1222 1611 1277 petituros
1647 1230 1760 1263 ratus

362 1279 517 1330 hostes,
540 1288 587 1320 ut
615 1295 657 1321 se
682 1280 875 1321 Rhodiae
904 1279 1024 1320 classi
1052 1280 1371 1335 coniungerent,
1395 1280 1446 1320 ab
1469 1279 1639 1335 Epheso
1664 1294 1760 1335 pro-

361 1337 507 1387 fectus,
531 1338 666 1393 primo
688 1337 742 1378 ad
764 1337 1052 1394 Myonnesum
1074 1338 1211 1378 stetit:
1235 1337 1334 1378 inde
1357 1337 1411 1377 ad
1433 1336 1612 1386 Macrin,
1632 1352 1759 1392 quam

362 1404 526 1444 vocant,
555 1395 734 1436 insulam
763 1395 938 1444 traiecit,
968 1404 1015 1435 ut
1041 1395 1400 1450 praetervehentis
1428 1394 1567 1435 classis
1594 1394 1627 1435 si
1656 1409 1759 1450 quas

361 1453 601 1494 aberrantes
629 1468 682 1494 ex
710 1453 877 1508 agmine
907 1467 1033 1493 naves
1060 1461 1212 1508 posset,
1236 1461 1308 1493 aut
1328 1461 1586 1508 postremum
1607 1467 1757 1508 agmen

362 1519 598 1567 opportune
621 1511 865 1551 adoriretur.
928 1510 1159 1565 Postquam
1181 1525 1363 1565 sparsam
1386 1517 1634 1565 tempestate
1656 1509 1760 1550 clas—

361 1584 449 1610 sem
470 1569 587 1618 vidit,
610 1569 873 1610 occasionem
894 1568 1030 1624 primo
1056 1567 1330 1623 aggrediendi
1355 1575 1481 1617 ratus,
1503 1566 1645 1623 paullo
1666 1575 1761 1623 post

361 1626 676 1668 increbescente
705 1635 845 1675 vento,
869 1635 910 1666 et
939 1625 1116 1666 maiores
1144 1625 1225 1666 iam
1251 1625 1444 1666 volvente
1473 1625 1638 1674 fluctus,
1661 1625 1761 1680 quia

361 1684 578 1740 pervenIre
611 1699 654 1725 se
686 1684 739 1725 ad
770 1699 841 1725 eos
868 1683 1038 1724 videbat
1068 1698 1154 1724 non
1185 1698 1318 1739 posse,
1341 1682 1395 1723 ad
1424 1682 1667 1724 Aethaliam
1695 1682 1760 1722 in·-

361 1742 493 1783 sulam
517 1742 692 1791 traiecit,
716 1750 762 1782 ut
787 1741 886 1782 inde
912 1749 1078 1796 postero
1100 1741 1168 1781 die
1194 1740 1366 1781 Samum
1387 1756 1441 1781 ex
1462 1740 1545 1781 alto
1566 1748 1760 1795 petentes

361 1815 487 1841 naves
510 1800 817 1855 aggrederetur.
882 1798 1078 1847 Romani,
1102 1813 1195 1854 pars
1220 1799 1385 1854 exigua,
1410 1798 1553 1854 primis
1575 1797 1760 1839 tenebris

361 1866 528 1913 portum
554 1857 716 1898 Samiae
739 1857 951 1897 desertum
974 1864 1224 1897 tenuerunt:
1256 1856 1395 1896 classis
1416 1863 1567 1904 cetera,
1590 1863 1759 1895 noctem

362 1924 491 1956 totam
518 1915 562 1955 in
588 1915 672 1956 alto
697 1914 860 1963 iactata,
884 1914 927 1954 in
956 1913 1138 1954 eundem
1168 1922 1337 1969 portum
1358 1912 1554 1954 decurrit.
1618 1912 1683 1953 Ibi
1705 1926 1759 1953 ex

362 1973 593 2028 agrestibus
615 1972 797 2028 cognito,
820 1971 1005 2012 hostium
1027 1985 1153 2012 naves
1175 1971 1228 2011 ad
1252 1970 1492 2012 Aethaliam
1515 1978 1635 2019 stare,
1659 1984 1760 2010 con-

361 2031 500 2071 silium
521 2030 727 2079 habitum,
750 2039 890 2070 utrum
917 2028 1131 2084 extemplo
1153 2028 1444 2077 decernerent,
1467 2043 1520 2068 an
1545 2027 1759 2068 Rhodiam

362 2096 656 2144 exspectarent
677 2087 862 2128 classem.
926 2086 1072 2127 Dilata
1096 2101 1154 2135 re,
1177 2086 1256 2142 (ita
1281 2086 1394 2126 enim
1422 2084 1600 2141 placuit)
1624 2084 1760 2141 Cory-

362 2161 472 2195 cum,
510 2145 623 2187 unde
660 2152 875 2194 venerant,
910 2144 1176 2185 traiecerunt.
1251 2142 1537 2200 Polyxenidas
1573 2156 1756 2198 quoque,

362 2219 494 2259 quum
530 2204 681 2244 frustra
716 2202 910 2251 stetisset,
950 2201 1168 2258 Ephesum
1196 2201 1332 2242 rediit.
1397 2201 1435 2241 T
1439 2215 1510 2241 um
1540 2199 1758 2240 Romanae

362 2276 488 2302 naves
508 2276 640 2302 vacuo
662 2261 713 2301 ab
735 2260 924 2301 hostibus
945 2259 1049 2299 mari
1074 2258 1244 2299 Samum
1268 2258 1530 2299 traiecerunt.
1595 2256 1758 2297 Eodem

363 2327 406 2360 et
439 2319 609 2360 Rhodia
639 2318 778 2359 classis
809 2326 904 2373 post
934 2316 1023 2357 dies
1053 2331 1209 2372 paucos
1238 2316 1366 2356 venit.
1433 2315 1573 2362 Quam
1607 2321 1654 2354 ut
1685 2328 1758 2353 ex-

361 2385 591 2433 spectatam
613 2391 700 2417 esse
723 2382 956 2431 appareret,
978 2373 1154 2429 profecti
1177 2372 1390 2428 extemplo
1412 2380 1508 2412 sunt
1526 2370 1756 2426 Ephesum,

364 2443 410 2475 ut
447 2443 519 2475 aut
551 2434 830 2475 decernerent
866 2431 1001 2472 navali
1038 2430 1280 2479 certamine,
1317 2438 1401 2478 aut,
1438 2429 1471 2469 si
1507 2428 1759 2469 detrectaret

362 2491 493 2532 hostis
515 2506 714 2547 pugnam,
739 2489 875 2545 (quod
901 2488 1130 2544 plurimum
1159 2488 1359 2528 intererat
1389 2486 1442 2527 ad
1470 2486 1631 2526 animos
1658 2485 1790 2526 civi-8

363 2549 534 2603 tatium)
555 2548 714 2589 timoris
739 2547 1043 2588 confessionem
1073 2545 1368 2600 exprimerent.
1435 2543 1596 2584 Contra
1619 2543 1759 2584 fauces

363 2614 507 2662 portus
529 2606 732 2646 instructa
751 2604 795 2644 in
817 2603 997 2644 frontem
1019 2602 1188 2642 navium
1210 2601 1297 2642 acie
1319 2608 1481 2641 stetere.
1528 2599 1757 2656 Postquam

405 2753 423 2783 6
448 2754 568 2783 Multis
584 2752 741 2782 nobilibus
758 2750 890 2787 secutis]
925 2749 1039 2784 Quum
1084 2749 1133 2786 so]
1175 2748 1295 2787 Aquilo
1316 2751 1363 2778 cst
1381 2751 1496 2778 ventus
1518 2746 1601 2777 inter
1621 2746 1755 2777 Arctum

359 2795 454 2826 multi
476 2795 602 2825 nobiles
624 2794 709 2824 hanc
732 2793 865 2823 classem
890 2801 1039 2821 conscen-
1085 2796 1117 2821 ct
1135 2791 1321 2821 Orientem:
1354 2789 1538 2829 Septentrio
1554 2789 1619 2819 sive
1635 2789 1755 2827 Aparn-

359 2839 492 2875 ‹lissent,
504 2842 572 2868 tum
590 2838 630 2867 ob
647 2839 764 2873 cetera,
776 2838 846 2865 tum
861 2835 901 2864 ob
914 2834 1033 2864 famam
1081 2832 1142 2863 tias
1160 2833 1215 2863 flat
1231 2834 1272 2863 ab
1288 2832 1358 2872 ipsa
1374 2834 1482 2864 Arcto.
1507 2832 1614 2863 ΟΜΝ.

360 2880 559 2911 Pausistrati.
585 2880 690 2911 CREV.
1122 2876 1140 2905 8
1165 2876 1352 2905 Adanimos
1364 2875 1560 2912 civitatium]
1584 2872 1755 2904 saltema-

405 2932 421 2964 7
444 2924 606 2966 Aquilone
632 2923 666 2951 εἴη
692 2921 936 2960 septentrionem
964 2930 1032 2950 ver·
1077 2928 1097 2948 n
1139 2917 1365 2950 conciliandos
