1960 3218
531 149 657 191 LIB.
692 148 958 190 XXXVIII.
1006 149 1153 190 CAP.
1187 152 1256 190 44.
1512 150 1593 189 361

198 245 210 263 ‘
224 239 373 281 vitium
395 241 647 282 abstractos:
680 241 792 281 bona
812 239 1022 295 adempta,
1045 248 1100 289 et,
1123 238 1240 295 quod
1266 253 1310 279 se
1335 246 1433 280 ante
1455 238 1597 279 omnia
1611 246 1656 278 U.
1674 247 1712 279 C.
1735 247 1808 288 565.

197 303 402 348 ‘moveat,
426 298 583 354 templa
611 306 698 339 tota
722 298 826 338 urbe
855 297 1032 353 spoliata
1059 296 1342 338 ornamentis:
1376 295 1597 337 simulacra
1609 291 1649 323 A.
1673 291 1712 323 C.
1738 291 1808 330 Ι87·

197 355 367 406 ‘deum,
390 356 489 396 deos
518 356 602 396 imo
630 355 753 411 ipsos,
776 354 996 396 convulsos
1029 369 1083 395 ex
1115 354 1284 395 sedibus
1316 353 1414 403 suis,
1437 353 1596 395 ablatos

164 417 340 462 5‘esse3
372 413 551 469 parietes
580 421 805 469 postesque
838 412 1029 461 nudatos,
1053 427 1158 467 quos
1189 411 1377 460 adorent,
1405 411 1458 452 ad
1489 426 1596 466 quos

1474 468 1595 510 Haec

163 531 432 583 6querentes‚
455 527 754 584 interrogando
776 528 998 568 criminose
1026 542 1079 568 ex
1105 526 1349 583 composito,
1373 526 1519 567 consul
1541 526 1595 567 ad

197 475 210 493 ‘
224 480 450 526 precentur
465 479 508 510 et
523 470 775 526 supplicent,
795 469 1168 511 Ambraciensibus
1184 469 1426 524 superesse.’

194 585 327 640 plura,
348 585 464 626 velut
487 601 572 625 non
602 601 676 626 sua
703 594 851 641 sponte
874 585 1067 634 dicenda,
1090 584 1293 625 eliciebat.
1358 583 1491 624 Motis
1513 583 1594 625 Pa·
1607 597 1811 629 Defendite.

195 642 339 692 tribus,
362 643 466 684 alter
488 643 634 684 consul
659 642 708 684 C.
726 642 956 684 Flaminius
973 642 1036 683 M.
1053 642 1189 683 Fulvii
1211 656 1378 683 causam
1400 642 1590 697 excepit:
1608 640 1799 672 Flaminius.

195 700 281 755 qui,
316 706 528 741 ‘veterem
557 709 600 741 et
628 700 856 742 obsoletam
878 700 987 741 viam
1015 701 1222 756 ingressos
1246 699 1595 750 Ambracienses,’

165 757 312 804 7dixit.
378 764 389 782 ‘
409 758 476 800 Sic
506 757 568 799 M.
594 758 848 800 Marcellum
877 774 901 799 a
931 757 1214 814 Syracusanis,
1238 757 1296 798 sic
1325 756 1378 805 Q.
1398 756 1595 798 Fulvium

162 820 247 859 8‘a
272 815 501 872 Campanis
523 825 761 857 accusatos:
796 816 900 872 quin
929 815 1078 857 eadem
1108 830 1234 871 opera
1262 815 1313 856 T.
1342 815 1595 863 Quinctium

196 878 208 896 ‘
223 889 248 914 a
263 873 463 930 Philippo
480 889 590 930 rege,
610 874 684 915 M’.
698 874 885 915 Acilium
907 881 949 915 et
965 873 1014 914 L.
1035 873 1275 929 Scipionem
1293 873 1344 914 ab
1363 872 1592 922 Antiocho,

197 935 209 954 ‘
228 930 308 980 Cn.
329 931 542 972 Manlium
573 948 597 972 a
629 931 775 981 Gallis,
802 932 939 987 ipsum
972 930 1034 972 M.
1055 930 1250 971 Fulvium
1282 931 1333 971 ab
1356 930 1520 971 Aetolis
1552 939 1594 971 et

196 988 530 1045 ‘Cephalleniae
572 989 738 1045 populis
779 989 963 1030 accusari
1002 996 1258 1045 paterentur.
1322 988 1592 1029 Ambraciam

197 1051 509 1103 ‘oppugnatam
562 1057 604 1088 et
650 1056 828 1102 captam,
871 1055 914 1087 et
958 1047 1076 1102 signa
1120 1046 1219 1087 inde
1263 1054 1593 1101 ornamentaque

196 1105 373 1154 ‘ablata,
403 1113 446 1146 et
476 1113 616 1145 cetera
646 1105 767 1154 facta,
797 1120 905 1160 quae
942 1104 1074 1160 captis
1106 1104 1279 1145 urbibus
1312 1103 1485 1153 soleant,
1519 1117 1595 1144 ne-

196 1167 419 1218 ‘gaturum
452 1171 524 1203 aut
557 1178 623 1203 me
658 1178 735 1218 pro
769 1161 831 1203 M.
856 1161 1017 1211 Fulvio,
1047 1171 1120 1202 aut
1146 1162 1285 1217 ipsum
1315 1160 1377 1201 M
1398 1160 1594 1201 Fulvium

196 1221 417 1270 ‘censetis,
456 1220 601 1261 Patres
637 1219 896 1275 conscripti?
941 1220 1014 1275 qui
1051 1219 1104 1260 ob
1139 1219 1214 1259 has
1249 1233 1314 1259 res
1349 1227 1486 1274 gestas
1522 1218 1595 1259 tri-

196 1278 431 1333 ‘umphum
464 1293 489 1318 a
519 1277 637 1319 vobis
672 1277 957 1333 postulaturus
990 1277 1069 1326 sit3
1108 1276 1381 1317 Ambraciam
1415 1284 1593 1332 captam,

196 1335 440 1392 ‘signaque,
473 1350 580 1392 quae
614 1335 751 1376 ablata
784 1335 1073 1384 criminantur,
1107 1344 1149 1375 et
1179 1343 1319 1375 cetera
1345 1333 1478 1389 spolia
1505 1334 1595 1374 eius

163 1393 338 1440 9‘urbis
371 1402 468 1434 ante
502 1408 671 1434 currum
707 1393 879 1441 laturus,
918 1401 961 1434 et
995 1392 1156 1433 fixurus
1191 1392 1236 1432 in
1271 1392 1461 1447 postibus
1496 1391 1592 1432 suis.

197 1450 348 1491 ‘Nihil
380 1460 454 1501 est,
478 1451 594 1507 quod
627 1466 669 1492 se
703 1451 754 1492 ab
789 1450 954 1492 Aetolis
985 1458 1206 1506 separent:
1242 1449 1390 1490 eadem
1414 1449 1595 1490 Ambra-

198 1508 429 1549 ‘ciensium
464 1518 507 1550 et
528 1509 779 1550 Aetolorum
812 1523 936 1549 causa
967 1517 1040 1549 est.
1103 1507 1254 1563 Itaque
1285 1507 1446 1563 collega
1478 1522 1595 1547 meus

198 1571 210 1590 ⁶
225 1565 292 1607 vel
314 1567 358 1606 in
379 1566 460 1607 alia
480 1582 603 1607 causa
627 1566 868 1607 inimicitias
894 1573 1100 1614 exerceat,
1123 1565 1202 1614 vel,
1226 1565 1260 1605 si
1281 1565 1326 1605 in
1347 1564 1424 1605 hac
1447 1565 1594 1620 utique

198 1629 210 1647 ⁶
225 1624 397 1674 mavult,
416 1625 595 1665 retineat
609 1624 933 1665 Ambracienses
949 1638 1044 1664 suos
1061 1623 1105 1663 in
1122 1623 1350 1667 adventum
1369 1621 1430 1663 M.
1443 1621 1593 1663 Fulvii.

197 1687 209 1705 ‘
226 1681 319 1737 Ego
340 1697 418 1723 nec
440 1682 493 1722 de
515 1682 900 1731 Ambraciensibus,
923 1696 1002 1721 nec
1023 1680 1075 1721 de
1098 1680 1263 1721 Aetolis
1284 1680 1456 1721 decerni
1477 1679 1597 1735 quic-

197 1744 365 1794 ‘quam,
398 1740 569 1781 absente
602 1739 664 1780 M.
686 1738 846 1788 Fulvio,
878 1739 1036 1794 patiar,’
1101 1737 1248 1786 Quum
1271 1737 1480 1778 Aemilius
1511 1737 1595 1778 cal-

194 1797 323 1837 lidam
350 1797 551 1838 malitiam
576 1796 750 1845 inimici,
772 1796 889 1837 velut
917 1796 1112 1837 omnibus
1140 1804 1297 1844 notam,
1321 1794 1593 1844 insimularet,

195 1863 239 1896 et
271 1863 435 1911 tempus
467 1870 564 1896 eum
594 1854 797 1895 morando
829 1862 1115 1895 extracturum
1143 1853 1315 1902 diceret,
1342 1868 1396 1894 ne
1422 1852 1594 1894 consule

194 1912 368 1954 inimico
391 1913 572 1953 Romam
593 1912 782 1961 veniret3
815 1912 1043 1952 certamine
1074 1910 1294 1952 consulum
1322 1910 1501 1951 biduum
1523 1911 1596 1951 ab-

196 1978 411 2026 sumptum
439 1979 511 2011 est.
576 1969 669 2010 Nec
698 1978 916 2025 praesente
944 1968 1151 2010 Flaminio
1173 1968 1344 2009 decerni
1366 1968 1596 2023 quicquam

195 2028 417 2069 videbatur
447 2042 580 2084 posse.
647 2026 828 2083 Captata
860 2027 1021 2067 occasio
1057 2034 1131 2075 est,
1167 2041 1300 2081 quum
1333 2040 1457 2081 aeger
1488 2025 1594 2066 forte

1671 1735 1741 1774 44.

197 2084 429 2126 Flaminius
451 2086 612 2126 abesset
625 2100 635 2133 3
660 2093 714 2134 et,
737 2084 944 2125 referente
963 2083 1162 2133 Aemilio,
1185 2082 1592 2124 senatusconsultum
1608 2094 1728 2126 S.C.in
1738 2107 1807 2136 gra-

196 2142 351 2184 factum
375 2151 449 2191 est,
474 2148 485 2166 ‘
504 2142 565 2183 L‘t
587 2142 960 2183 Ambraciensibus
986 2155 1132 2182 omnes
1157 2156 1255 2181 suae
1281 2156 1346 2181 res
1368 2139 1595 2181 redderen-
1608 2137 1686 2168 tiam
1703 2139 1781 2169 Am-

199 2205 317 2241 ‘tur2
355 2200 400 2241 in
433 2200 623 2241 libertate
656 2208 808 2248 essent,
835 2214 882 2239 ac
913 2198 1075 2254 legibus
1106 2199 1190 2239 suis
1221 2206 1465 2239 uterentur:
1499 2213 1596 2254 por-

198 2258 344 2307 ‘toria‚
374 2273 480 2314 quae
509 2257 677 2307 vellent,
711 2266 820 2298 terra
849 2257 1038 2312 marique
1070 2265 1281 2311 caperent,
1314 2255 1416 2296 dum
1449 2270 1595 2296 eorum

199 2316 436 2356 ‘immunes
461 2315 643 2356 Romani
673 2330 719 2355 ac
748 2314 848 2355 socii
870 2314 1014 2355 Latini
1039 2313 1222 2354 nominis
1250 2321 1401 2354 essent.
1469 2312 1598 2368 Signa

200 2373 391 2429 ‘aliaque
429 2381 687 2421 ornamenta,
723 2387 829 2428 quac
867 2379 1145 2427 quererentur
1177 2386 1231 2411 ex
1265 2370 1439 2412 aedibus
1472 2371 1596 2411 sacris

200 2435 212 2454 ‘
227 2431 389 2472 sublata
409 2446 511 2480 esse,
535 2430 587 2472 de
617 2430 679 2479 iis,
702 2445 834 2485 quum
857 2428 919 2471 M.
940 2428 1112 2469 Fulvius
1136 2428 1317 2469 Romam
1344 2427 1595 2477 revertisset,

201 2488 390 2544 ‘placere
420 2489 473 2530 ad
506 2488 730 2544 collegium
764 2487 1012 2543 pontificum
1042 2486 1197 2536 referri,
1221 2494 1276 2535 et,
1300 2485 1415 2541 quod
1444 2485 1472 2525 ii
1497 2500 1597 2526 cen-

201 2546 418 2596 ‘suissent,
460 2546 577 2587 fieri.’
638 2544 792 2601 Neque
834 2544 899 2586 his
939 2552 1164 2587 contentus
1205 2542 1351 2585 consul
1390 2543 1482 2593 fuit,
1522 2543 1597 2584 sed

244 2667 260 2696 5
285 2659 433 2689 Parietes
455 2659 637 2698 postesque]
673 2658 792 2689 Sensus
815 2662 873 2695 est,
965 2665 981 2696 7
1004 2659 1058 2688 Sic
1094 2659 1146 2687 M.
1171 2657 1385 2694 Marcellam]
1430 2656 1469 2686 cf.
1501 2656 1595 2695 Supr.

199 2701 280 2732 nihil
297 2701 386 2731 aliud
402 2711 567 2739 superesse
581 2700 874 2737 Ambraciensibus,
919 2700 1006 2730 xxvi.
1025 2698 1075 2731 26.

200 2744 285 2783 quod
303 2744 448 2780 adorent,
464 2743 524 2773 nisi
547 2743 684 2782 parietes
703 2747 874 2783 postesque
963 2744 981 2772 8
1005 2743 1129 2773 Eadem
1149 2743 1264 2781 opera]
1293 2742 1370 2772 Uno
1395 2744 1516 2778 tenore,
1542 2751 1594 2779 pa-

200 2787 348 2817 nudatos.
374 2788 480 2816 (jum.
919 2784 994 2815 riter
1009 2785 1180 2823 simulque.
1206 2786 1312 2815 Cum.

243 2828 262 2859 6
286 2829 478 2865 Criminvse]
517 2828 735 2865 Accusatorie,
762 2827 807 2858 ita
838 2831 873 2858 ut
962 2838 982 2868 9
1006 2829 1153 2858 Firmus
1183 2828 1218 2857 in
1249 2827 1395 2866 postibus
1424 2826 1510 2863 suis]
1554 2825 1595 2857 cf.

200 2871 238 2901 iis
253 2871 453 2901 occasionem
476 2871 650 2911 praeberet
665 2880 819 2901 novarum
841 2870 872 2901 in
919 2870 1012 2910 Supr.
1031 2881 1060 2902 x,
1081 2878 1106 2909 7.

200 2914 354 2944 Fulvium
372 2913 641 2944 criminationum.
666 2913 773 2944 ΟΜΝ.

1607 2181 1777 2213 braciensi-

1608 2233 1674 2255 um.
