1960 3218
593 152 721 193 LIB.
752 151 947 194 XXXV.
995 152 1142 194 CAP.
1169 157 1235 194 20.
1535 156 1612 196 197

214 250 355 286 ‘tuam
378 244 535 299 regiam
562 241 762 283 adduxit:
796 241 876 282 hoc
907 241 1028 291 duce,
1052 242 1086 282 si
1112 251 1159 283 tu
1186 257 1302 298 spem
1325 258 1462 284 meam
1484 243 1612 285 desti-
1628 249 1728 281 U.C.
1750 258 1824 292 559·

214 309 226 327 ‘
242 303 383 352 tueris,
405 301 648 356 ubicunque
670 299 790 349 vires,
813 299 886 341 ubi
914 315 1029 340 arma
1049 315 1137 341 esse
1159 301 1300 350 sciam,
1323 301 1407 342 huc
1427 302 1607 352 veniam,
1624 293 1664 324 Α·
1688 294 1727 325 C.
1752 303 1821 334 193·

213 366 329 402 ‘toto
370 360 469 401 orbe
511 367 714 399 terrarum
755 372 962 413 quaerens
1001 357 1164 413 aliquos
1208 358 1414 400 Romanis
1455 360 1605 401 hostes.

179 429 199 460 6
213 424 223 442 ‘
241 418 403 473 Itaque,
426 417 459 458 si
481 416 633 472 quibus
655 425 822 456 tuorum
846 415 948 456 meis
969 415 1215 457 criminibus
1230 416 1345 473 apud
1366 426 1406 457 te
1424 432 1608 459 crescere

213 476 352 525 ‘libet,
385 475 507 516 aliam
544 473 761 514 materiam
794 473 1009 514 crescendi
1041 469 1094 514 ex
1125 488 1192 514 me
1224 483 1440 530 quaerant.
1507 474 1606 524 Odi,

212 533 418 588 ‘odioque
436 547 528 573 sum
551 531 778 572 Romanis:
812 530 856 571 id
878 546 944 571 me
966 545 1110 571 verum
1128 531 1281 582 dicere,
1299 540 1420 588 pater
1442 531 1608 573 Hamil-

212 597 223 615 ‘
239 606 308 631 car
329 600 371 632 et
392 590 451 630 dii
480 597 605 630 testes
633 598 741 630 sunt.
804 588 1004 638 Proinde,
1028 604 1158 644 quum
1189 589 1242 630 de
1270 589 1381 631 bello
1412 590 1607 631 Romano

211 654 223 672 ‘
236 648 451 705 cogitabis,
469 647 580 688 inter
598 647 756 703 primos
777 646 931 687 amicos
954 645 1239 688 Hannibalern
1261 647 1433 689 habeto:
1468 648 1501 689 si
1523 664 1608 704 qua

211 712 300 747 ‘res
322 715 362 747 te
384 706 437 747 ad
458 720 606 761 pacem
627 704 865 760 compellet,
881 704 925 744 in
946 704 991 744 id
1005 704 1225 745 consilium
1247 705 1388 755 alium,
1408 721 1503 746 eum
1522 722 1606 762 quo

210 770 222 788 ‘
235 763 454 813 deliberes,
477 762 693 819 quaerito.’
754 761 857 802 Non
878 762 1008 802 movit
1034 762 1160 803 modo
1182 763 1274 803 talis
1296 764 1427 804 oratio
1449 779 1604 819 regem,

209 821 430 863 sedetiam
452 819 737 862 reconciliavit
767 819 1011 861 Hannibali.
1072 820 1140 860 Ex
1168 821 1343 862 consilio
1371 822 1430 862 ita
1451 821 1606 863 disces-

203 895 300 921 sum
322 888 398 930 est,
421 887 467 920 ut
487 878 645 919 bellum
667 886 893 933 gereretur.

268 937 429 978 Romae
461 936 727 979 destinabant
757 935 931 991 quidem
962 936 1224 977 sermonibus
1255 936 1418 978 hostem
1450 937 1606 979 Antio·
1683 941 1750 980 20.

208 995 348 1044 chum,
372 995 446 1036 sed
467 994 676 1035 nihildum
699 993 751 1034 ad
773 993 817 1033 id
839 993 995 1034 bellurn
1020 1002 1186 1049 praeter
1207 994 1367 1035 animos
1388 996 1602 1051 parabant.
1620 997 1664 1029 U·
1682 998 1719 1028 C.
1743 997 1817 1037 560-

211 1052 468 1094 Consulibus
500 1052 703 1093 ambobus
736 1050 857 1092 Italia
892 1051 1108 1107 provincia
1143 1051 1312 1094 decreta
1342 1063 1427 1094 est:
1470 1054 1528 1095 ita
1559 1063 1605 1095 ut
1620 1041 1817 1119 ὲὲυἱῐζῳ

208 1111 318 1151 inter
338 1126 380 1152 se
407 1118 710 1166 compararent,
734 1109 1046 1158 sortirenturve,
1070 1119 1165 1150 uter
1185 1110 1366 1152 comitiis
1394 1111 1484 1152 eius
1505 1112 1605 1153 anni
1619 1107 1695 1163 ctio,
1711 1127 1773 1158 Cn.

208 1178 441 1224 praeesset:
488 1167 540 1209 ad
577 1176 718 1208 utrum
755 1182 805 1207 ea
839 1182 925 1207 non
956 1167 1187 1222 pertineret
1217 1183 1329 1217 cura,
1361 1178 1408 1210 ut
1439 1179 1606 1225 paratus
1621 1169 1769 1225 pomitio

179 1235 330 1275 7esset,
353 1226 387 1267 si
409 1241 494 1282 quo
521 1240 618 1266 eum
638 1234 758 1266 extra
779 1224 944 1265 Italiam
967 1240 1071 1280 opus
1099 1235 1207 1266 esset
1228 1225 1382 1267 ducere
1404 1226 1602 1283 legiones,
1619 1212 1811 1286 {igi-*inciae

211 1283 326 1324 Huic
347 1283 508 1324 consuli
536 1283 799 1339 permissum,
823 1290 870 1322 ut
897 1282 1001 1323 duas
1029 1282 1215 1338 legiones
1236 1284 1437 1326 scriberet
1464 1300 1604 1335 novaS,
1619 1298 1749 1330 divisae.

207 1351 249 1382 et
265 1341 424 1382 socium
443 1340 587 1382 Latini
608 1340 790 1381 nominis
812 1340 961 1396 viginti
983 1340 1125 1390 millia,
1144 1349 1186 1382 et
1203 1341 1367 1397 equites
1388 1343 1607 1399 octingen-

208 1408 281 1440 tos.
346 1399 484 1440 Alteri
501 1398 662 1440 consuli
685 1398 793 1438 duae
816 1397 1001 1453 legiones
1018 1398 1224 1448 decretae,
1248 1415 1351 1456 quas
1374 1400 1423 1441 L.
1444 1400 1608 1442 Corne-

206 1457 286 1498 lius
314 1457 459 1497 consul
488 1456 713 1512 superioris
734 1457 833 1496 anni
863 1456 1099 1497 habuisset:
1134 1466 1175 1497 et
1203 1458 1363 1498 socium
1386 1473 1433 1499 ac
1464 1458 1604 1500 Latini

206 1515 389 1555 nominis
426 1530 478 1556 ex
512 1514 662 1555 eodem
694 1514 883 1555 exercitu
919 1514 1161 1569 quindecim
1195 1515 1337 1565 millia,
1370 1524 1412 1557 et
1443 1517 1606 1572 equites

207 1573 441 1628 quingenti.
508 1572 561 1620 Q.
582 1571 777 1612 Minucio
802 1587 899 1612 cum
925 1573 1126 1621 exercitu,
1151 1587 1276 1628 quem
1304 1573 1353 1620 in
1378 1574 1606 1629 Liguribus

207 1630 400 1679 habebat,
415 1638 684 1686 prorogatum
702 1629 943 1684 imperium:
978 1629 1183 1679 additum,
1203 1631 1246 1670 in
1263 1631 1605 1687 supplementum

207 1696 255 1728 ut
287 1697 485 1743 quattuor
517 1686 648 1728 millia
680 1687 872 1743 peditum
908 1687 1196 1728 Romanorum
1235 1689 1528 1739 scriberentur,
1564 1700 1607 1731 et

207 1755 379 1786 centum
409 1745 719 1801 quinquaginta
740 1744 929 1800 equites;
963 1754 1006 1786 et
1031 1745 1154 1786 sociis
1183 1746 1334 1787 eodem
1360 1747 1604 1802 quindecim

207 1803 338 1844 millia
357 1803 549 1859 pediturn
566 1803 885 1859 imperarentur,
908 1802 1082 1844 ducenti
1104 1803 1411 1859 quinquaginta
1428 1805 1602 1861 equites.

211 1860 291 1902 Cn.
311 1860 503 1902 Domitio
525 1870 644 1901 extra
672 1860 850 1909 Italiam,
875 1876 960 1916 quo
981 1870 1149 1902 senatus
1170 1862 1412 1912 censuisset,
1436 1864 1605 1919 provin-

207 1919 272 1960 cia
292 1919 458 1960 evenit:
494 1919 543 1960 L.
566 1918 770 1966 Quinctio
795 1917 934 1959 Gallia
955 1926 997 1959 et
1018 1919 1188 1960 comitia
1208 1919 1413 1962 habenda.
1477 1921 1605 1963 Prae-

209 1985 318 2017 tores
354 1976 510 2018 deinde
547 1976 782 2031 provincias
817 1976 978 2017 sortiti:
1033 1975 1095 2017 M.
1122 1976 1292 2018 Fulvius
1326 1979 1604 2020 Centumalus

207 2035 424 2083 urbanam,
468 2034 518 2075 L.
553 2033 795 2075 Scribonius
843 2033 953 2075 Libo
998 2034 1276 2090 peregrinam,
1326 2035 1376 2076 L.
1408 2035 1604 2078 Valerius

210 2091 359 2148 Tappo
384 2090 582 2140 Siciliam,
609 2090 662 2139 Q.
685 2090 878 2132 Salonius
906 2090 1028 2131 Sarra
1058 2091 1306 2141 Sardiniam,
1337 2092 1399 2134 M.
1421 2093 1604 2135 Baebius

210 2148 460 2205 Tamphilus
483 2148 734 2205 Hispaniam
755 2148 1006 2198 citeriorem,
1023 2150 1076 2190 A.
1096 2149 1253 2190 Atilius
1278 2149 1478 2192 Serranus
1496 2151 1604 2193 ulte-

208 2206 373 2248 riorem.
439 2206 524 2248 Sed
549 2206 612 2247 his
639 2205 804 2247 duobus
831 2206 1014 2262 primum
1042 2208 1416 2258 senatusconsulto,
1446 2209 1601 2251 deinde

208 2263 342 2320 plebis
383 2264 508 2305 etiam
550 2264 652 2305 scito
693 2272 954 2319 permutatae
1002 2265 1242 2320 provinciae
1282 2275 1391 2307 sunt.
1469 2267 1602 2309 Atilio

209 2321 348 2363 classis
388 2331 429 2363 et
467 2321 734 2371 Macedonia,
772 2320 930 2362 Baebio
972 2321 1126 2363 Bruttii
1163 2323 1332 2364 decreti.
1396 2323 1604 2366 Flaminio

211 2379 444 2435 Fulvioque
486 2379 529 2419 in
573 2378 789 2435 Hispaniis
829 2389 1096 2435 prorogatum
1139 2380 1373 2436 imperium.
1446 2382 1604 2424 Baebio

211 2436 437 2493 Tamphilo
466 2437 509 2477 in
539 2436 726 2478 Bruttios
754 2437 862 2478 duae
892 2437 1076 2493 legiones
1104 2438 1312 2488 decretae,
1335 2455 1443 2494 quae
1467 2441 1604 2496 priore

210 2509 320 2535 anno
343 2495 524 2535 urbanae
553 2494 753 2536 fuissent:
789 2504 830 2536 et
852 2505 903 2550 ut
927 2495 1048 2536 sociis
1076 2496 1224 2536 eodem
1255 2496 1385 2538 millia
1412 2498 1604 2553 peditum

211 2551 454 2606 quindecim
476 2552 796 2608 imperarentur,
819 2562 862 2594 et
884 2553 1105 2608 quingenti
1123 2555 1297 2609 equites.
1355 2555 1510 2596 Atilius
1533 2556 1605 2596 tri-
1619 2565 1739 2597 Classis
1756 2576 1809 2605 pa-

210 2609 327 2664 ginta
345 2624 470 2651 naves
492 2610 818 2666 quinqueremes
838 2610 973 2652 facere
996 2612 1142 2661 iussus,
1161 2621 1203 2653 et
1225 2627 1277 2653 ex
1299 2613 1514 2654 navalibus
1535 2629 1606 2654 ve-
1619 2613 1716 2640 ratur.

212 2675 320 2706 teres
355 2666 576 2717 deducere,
610 2668 642 2708 si
675 2683 782 2723 quae
815 2668 937 2708 utiles
969 2678 1118 2718 essent,
1152 2680 1194 2710 et
1224 2671 1403 2711 scribere
1441 2671 1606 2712 navales

211 2723 353 2764 socios.
419 2724 474 2765 Et
493 2725 732 2766 consulibus
754 2726 1019 2781 imperatum,
1044 2736 1089 2767 ut
1115 2727 1153 2767 ei
1181 2727 1266 2767 duo
1296 2727 1426 2769 millia
1447 2729 1604 2769 socium

255 2837 274 2867 6
299 2839 386 2867 ,Ueis
415 2838 605 2867 criminibus
635 2840 726 2878 apud
752 2844 780 2869 te
807 2849 887 2869 eres·
934 2848 1002 2868 Sese
1020 2839 1185 2869 extollere.
1211 2840 1318 2871 (JREV.

212 2881 298 2917 cere]
342 2880 399 2910 Me
434 2879 634 2910 criminando
667 2882 706 2910 :ul
740 2881 887 2911 altiorem
980 2890 994 2919 7
1013 2883 1047 2911 Si
1064 2893 1124 2921 qno
1140 2884 1229 2920 enm]
1253 2885 1322 2919 Quo
1339 2882 1390 2913 hic
1409 2893 1464 2922 pro
1478 2884 1608 2916 alicubi.

213 2923 299 2961 apud
324 2926 356 2953 te
377 2922 490 2953 fiu’oris
515 2927 545 2953 et
569 2922 732 2954 amicitiae
755 2924 887 2962 gradum
935 2928 969 2953 ut
987 2923 1058 2954 infr.
1077 2924 1156 2955 xliii.
1180 2934 1224 2956 12.
1250 2925 1363 2955 Dona.
