1960 3218
525 137 652 179 LIB.
686 136 859 178 XXXI.
908 136 1052 178 CAP.
1092 140 1155 178 17.
1490 138 1539 176 15

143 241 234 274 tum
258 230 441 288 primum
472 228 632 270 mentio
659 226 773 268 illata
799 227 853 268 de
886 227 1010 277 tribu,
1033 241 1162 283 quam
1186 225 1376 267 Attalida
1396 226 1540 282 appel·
1556 232 1599 264 U.
1617 232 1655 264 C.
1678 240 1751 272 55²·

144 289 290 339 larent,
322 288 375 329 ad
411 287 558 329 decem
587 294 750 327 veteres
786 285 918 326 tribus
951 284 1169 326 addenda:
1204 292 1247 324 et
1273 283 1539 325 Rhodiorum
1553 276 1594 349 ᾗ·
1618 276 1656 307 C.
1678 284 1750 348 ²00t·

144 347 324 405 populus
356 360 510 387 corona
549 359 675 386 aurea
707 343 874 384 virtutis
914 343 1046 398 gratia
1082 342 1275 391 donatus,
1309 341 1538 398 civitasque
1554 329 1730 392 Αἵῗὲζῗρῗ

148 405 327 447 Rhodiis
354 403 464 453 data,
487 401 844 459 quemadmodum
872 400 1034 442 Rhodii
1064 400 1178 456 prius
1205 399 1540 441 Atheniensibus
1553 405 1740 452 sesbeflum

145 463 361 505 dederant.
427 460 668 502 Secundum
699 459 803 500 haec
833 474 907 500 rex
938 457 1108 499 Attalus
1133 457 1341 514 Aeginam
1363 457 1416 498 ad
1438 457 1585 498 clas-¹¹¹
1603 447 1729 487 Ph¹¹¹P‘

119 541 131 561 1
147 536 234 563 sem
263 535 305 561 se
327 519 496 575 recepit.
560 517 721 559 Rhodii
746 516 868 558 Ciam
891 517 942 558 ab
966 516 1146 572 Aegina,
1169 515 1268 557 inde
1289 531 1366 572 per
1385 515 1542 556 insulas
1554 500 1644 530 pum.

148 578 349 620 Rhodum
380 577 650 633 navigarunt:
689 576 896 624 omnibus,
925 583 1092 631 praeter
1123 573 1334 623 Andrum,
1365 573 1543 614 Parum-

147 651 244 693 que,
267 644 309 677 et
333 634 565 692 Cythnum,
588 648 695 690 quae
723 632 941 690 praesidiis
963 631 1252 673 Macedonum
1275 632 1541 681 tenebantur,

147 695 193 735 in
222 694 464 735 societatem
494 691 686 748 acceptis.
751 690 945 732 Attalum
968 690 1175 746 Aeginae,
1197 689 1312 730 missi
1341 689 1386 730 in
1409 693 1544 730 Aeto-

148 752 246 793 liam
282 751 433 801 nuntii,
466 749 782 807 exspectatique
824 748 923 790 inde
964 747 1104 804 legati,
1143 747 1405 804 aliquamdiu
1437 746 1543 788 nihil

149 818 343 867 agentem
375 818 570 850 tenuere:
606 816 650 849 et
679 822 818 864 neque
855 806 947 848 illos
983 806 1122 847 excire
1157 806 1211 847 ad
1246 821 1360 847 arma
1390 805 1542 861 potuit,

148 868 380 925 gaudentes
408 876 625 923 utcunque
652 865 883 922 composita
910 879 1006 906 cum
1027 864 1226 921 Philippo
1248 879 1363 920 pace,
1386 872 1428 904 et
1456 863 1543 919 ipse

152 925 410 982 Rhodiique,
434 940 579 981 quum,
609 923 643 965 si
673 923 922 964 institissent
952 932 1053 963 tunc
1082 922 1295 978 Philippo,
1327 921 1544 978 egregium

149 983 347 1025 liberatae
380 998 455 1039 per
485 998 527 1023 se
560 981 762 1023 Graeciae
795 980 966 1022 titulum
997 980 1149 1021 habere
1180 980 1438 1036 potuissent3
1471 995 1546 1035 pa-

153 1041 297 1083 tiendo
317 1055 458 1081 rursus
479 1055 577 1087 eum
604 1040 649 1080 in
671 1038 998 1095 Hellespontum
1019 1038 1225 1087 traiicere,
1248 1046 1546 1094 occupantem-

122 1118 139 1140 2
154 1115 236 1156 que
251 1099 454 1140 Thraciae
477 1107 714 1154 opportuna
734 1097 824 1137 loca
843 1097 950 1137 vires
971 1095 1180 1152 colligere,
1203 1096 1359 1137 bellum
1382 1095 1542 1144 aluere,

153 1157 411 1214 gloriamque
433 1156 522 1197 eius
543 1154 649 1211 gesti
669 1154 931 1211 perfectique
954 1154 1158 1195 Romanis
1178 1162 1484 1195 concesserunt.

212 1214 434 1270 Philippus
463 1213 594 1269 magis
621 1212 736 1268 regio
759 1212 898 1253 animo
920 1220 982 1252 est
1002 1227 1122 1252 usus:
1158 1212 1244 1267 qui,
1267 1226 1398 1268 quum
1422 1212 1546 1252 Atta-
1627 1211 1690 1249 16.

153 1272 241 1314 lum
268 1271 543 1327 Rhodiosque
574 1270 714 1311 hostes
745 1285 832 1310 non
862 1269 1136 1319 sustinuisset,
1159 1285 1213 1310 ne
1237 1269 1432 1310 Romano
1454 1269 1547 1325 qui-

154 1330 264 1379 dem,
287 1329 403 1385 quod
433 1328 691 1377 imminebat,
723 1327 832 1369 bello
864 1327 1045 1377 territus,
1068 1327 1258 1368 Philocle
1280 1327 1464 1383 quodam
1494 1342 1546 1368 ex

154 1387 373 1445 praefectis
394 1387 477 1428 suis
498 1401 595 1428 eum
617 1385 781 1427 duobus
802 1385 984 1427 millibus
1006 1385 1210 1441 pediturn,
1235 1385 1447 1441 equitibus
1469 1385 1547 1425 du-

155 1446 288 1487 centis
329 1445 382 1487 ad
421 1443 683 1501 populandos
716 1443 1043 1484 Atheniensium
1085 1458 1204 1500 agros
1245 1443 1381 1493 misso,
1420 1443 1547 1484 classe

124 1504 307 1551 3tradita
329 1502 558 1552 Heraclidi,
581 1510 629 1543 ut
650 1501 899 1543 Maroneam
931 1510 1105 1558 peteret,
1138 1501 1225 1558 ipse
1258 1510 1367 1542 terra
1398 1501 1548 1542 eodem

155 1577 251 1603 cum
272 1561 481 1618 expeditis
502 1560 667 1602 duobus
688 1559 871 1601 millibus
892 1560 1098 1616 peditum,
1122 1559 1333 1615 equitibus
1355 1559 1550 1600 ducentis

155 1620 303 1676 pergit.
367 1618 424 1659 Et
445 1618 692 1660 Maroneam
714 1617 886 1674 quidem
917 1618 1053 1674 primo
1080 1618 1242 1674 impetu
1265 1617 1546 1673 expugnavit:

161 1677 329 1719 Aenum
351 1676 449 1718 inde
467 1691 562 1718 cum
584 1691 736 1732 magno
752 1675 905 1725 labore,
921 1686 1131 1732 postremo
1147 1675 1385 1732 proditione
1404 1675 1550 1732 Gany-

158 1735 290 1777 medis
321 1735 520 1791 praefecti
549 1734 794 1784 Ptolemaei,
821 1734 944 1790 cepit.
1007 1733 1222 1790 Deinceps
1258 1733 1338 1774 alia
1368 1732 1548 1782 castella,

160 1792 356 1850 Cypsela,
389 1802 432 1834 et
463 1792 683 1842 Doriscon,
716 1801 758 1833 et
792 1791 1030 1841 Sem-heum,
1061 1801 1248 1848 occupat.
1311 1791 1418 1832 Inde
1455 1806 1551 1847 pro-

156 1866 320 1907 gressus
341 1851 394 1892 ad
418 1850 744 1900 Chersonesum,
769 1849 977 1891 Elaeunta
1004 1857 1047 1890 et
1068 1849 1440 1906 Alopeconnesum
1469 1858 1551 1890 tra-

157 1909 353 1951 dentibus
382 1909 493 1965 ipsis,
521 1908 690 1964 recepit.
757 1907 974 1964 Callipolis
996 1922 1164 1964 quoque
1187 1916 1230 1949 et
1251 1907 1452 1964 Madytos
1474 1907 1550 1948 de-

158 1967 259 2017 dita,
292 1976 334 2008 et
362 1966 530 2008 castella
557 1966 765 2023 quaedam
797 1965 1008 2022 ignobilia.
1075 1965 1286 2023 Abydeni,
1318 1981 1372 2006 ne
1403 1965 1549 2021 legatis
1565 1972 1740 2013 Philippus

160 2025 332 2080 quidem
364 2024 565 2074 admissis,
597 2024 684 2080 regi
720 2033 859 2080 portas
891 2023 1140 2064 clauserunt.
1204 2023 1267 2064 Ea
1292 2023 1550 2079 oppugnatio
1564 2017 1718 2076 Abydum

160 2082 234 2123 diu
256 2082 501 2138 Philippum
523 2082 686 2123 tenuit:
720 2081 910 2137 eripique
939 2096 992 2122 ex
1021 2080 1252 2130 obsidione,
1274 2081 1319 2121 ni
1345 2090 1550 2122 cessatum
1564 2060 1697 2090 obsilet.

160 2140 212 2181 ab
236 2139 380 2181 Attalo
411 2148 453 2181 et
482 2139 661 2180 Rhodiis
692 2139 811 2188 foret,
842 2147 1080 2194 potuerunt.
1144 2138 1313 2179 Attalus
1344 2147 1551 2180 trecentos

161 2207 324 2239 tantum
356 2197 508 2238 milites
535 2197 580 2237 in
612 2196 879 2252 praesidium,
904 2196 1063 2237 Rhodii
1084 2196 1392 2252 quadriremem
1425 2211 1551 2237 unam

161 2271 215 2297 ex
251 2255 390 2305 classe,
426 2269 556 2311 quum
590 2254 643 2295 ad
677 2254 899 2296 Tenedum
937 2262 1075 2303 staret,
1109 2254 1324 2295 miserunt.
1388 2254 1553 2295 Eodem

162 2323 317 2370 postea,
347 2328 479 2370 quum
510 2313 592 2353 iam
620 2312 691 2352 vix
720 2312 973 2353 sustinerent
1000 2312 1275 2361 obsidionem,
1299 2320 1341 2353 et
1361 2312 1449 2368 ipse
1472 2312 1553 2353 At-

163 2371 269 2414 talus
290 2387 420 2427 quum
451 2370 690 2420 traiecisset,
720 2385 836 2426 spem
866 2378 1027 2411 tantum
1056 2369 1201 2410 auxilii
1230 2385 1283 2411 ex
1313 2370 1552 2426 propinquo

163 2429 360 2478 ostendit,
384 2444 522 2485 neque
545 2437 664 2478 terra,
687 2443 826 2484 neque
848 2428 951 2468 mari
973 2427 1125 2468 adiutis
1146 2428 1277 2468 sociis.

221 2487 422 2544 Abydeni
445 2486 592 2542 primo,
608 2486 826 2526 tormentis
846 2501 921 2542 per
941 2501 1081 2526 muros
1099 2485 1322 2541 dispositis,
1340 2501 1426 2526 non
1444 2494 1554 2527 terra
1635 2491 1697 2530 17.

214 2664 223 2684 1
252 2655 359 2693 Ciam]
391 2655 443 2686 Sic
469 2655 530 2695 legi
558 2655 648 2686 iussit
678 2655 837 2695 Sigonius.
884 2666 955 2691 nea,
976 2659 1007 2685 ct
1030 2659 1146 2691 cetera,
1162 2665 1244 2693 quae
1269 2665 1343 2684 mox
1369 2657 1556 2685 enarrantur

169 2696 274 2727 Antea
304 2698 408 2729 Ceam.
455 2699 519 2729 Sed
550 2709 664 2738 parum
696 2699 837 2728 interest.
884 2699 965 2735 loca,
982 2697 1139 2727 Thraciae
1156 2703 1255 2728 erant.

169 2739 354 2778 I'trurnque
375 2740 460 2771 enini
486 2751 602 2772 nomen
625 2742 766 2771 eiusdem
791 2741 836 2770 in-
927 2750 943 2779 3
968 2741 1154 2778 Heraclidi]
1204 2741 1304 2770 Hune
1342 2739 1553 2770 Heraclidem

168 2783 257 2812 sulae
274 2787 330 2812 cst.
355 2784 462 2814 (liu-zv.
883 2784 1027 2813 exsulem
1045 2783 1257 2813 'J‘arcntinum
1278 2782 1385 2819 fuisse,
1398 2794 1435 2813 ac
1453 2782 1553 2811 virum

212 2835 227 2855 2
256 2826 413 2855 Thraciae
436 2832 616 2865 opportuna
640 2828 724 2865 loz-a]
759 2826 838 2857 Gro-
884 2826 1033 2856 munibus
1065 2826 1192 2865 flagitiis
1221 2826 1434 2859 maculosum,
1462 2826 1555 2855 docet

169 2867 281 2897 novius
301 2868 485 2898 enwndavit
504 2870 661 2900 Thraciae
681 2880 736 2908 1110
755 2870 838 2906 vulg.
889 2870 1000 2908 Polyb.
1019 2868 1083 2898 xiii.
1103 2879 1130 2898 2.
1155 2870 1261 2899 (szv.

137 2923 139 2926 ·
170 2912 336 2946 Graeciae,
360 2910 514 2949 siquidem
544 2913 664 2947 Aenum
681 2917 709 2941 et
733 2913 838 2942 Marn-
