1960 3218
350 136 435 176 426
875 132 1025 176 ΤΙΤΙ
1065 133 1244 177 LIVII

141 223 242 256 U.C.
268 224 340 267 569·
353 225 553 267 scribunt.
618 225 711 282 Ego
746 241 887 282 neque
921 225 998 275 his,
1030 241 1169 282 neque
1204 225 1375 267 Valerio
1408 224 1634 266 assentior:
1675 224 1783 274 his‚1

139 267 251 350 'Slgigg
271 269 341 308 ¹33·
355 283 485 339 quod,
509 284 752 325 censoribus
775 283 837 325 M.
854 283 1019 333 Porcio,
1043 283 1092 325 L.
1114 283 1298 333 Valerio,
1321 283 1555 340 principem
1587 292 1754 324 senatus

139 352 240 384 Afric.
257 364 322 393 quo
355 341 493 397 ipsum
515 341 565 382 L.
582 341 800 383 Valerium
835 356 1052 383 censorem
1085 341 1241 383 lectum
1277 341 1474 390 inveni03
1519 355 1651 396 quum
1686 356 1755 381 su-

138 405 224 468 {nmo
241 406 323 427 ³¹0¹·
353 399 588 455 perioribus
622 400 754 441 tribus
787 399 927 440 lustris
962 399 1185 440 Africanus
1216 399 1383 440 fuisset:
1419 414 1503 455 quo
1534 398 1642 447 Vivo,
1673 397 1754 439 nisi

155 448 223 470 ‘¹¹¹⁵'
354 465 401 498 ut
422 456 492 498 ille
515 467 665 499 senatu
687 468 935 506 moveretur,
954 472 1080 513 quam
1098 467 1239 498 notam
1262 472 1387 498 nemo
1410 456 1635 497 memoriae
1658 471 1755 512 pro-

353 514 475 564 didit,
499 514 603 556 alius
631 515 828 571 princeps
860 515 904 556 in
936 514 1075 555 locum
1097 514 1186 555 eius
1212 514 1345 555 lectus
1368 530 1455 556 non
1478 522 1596 555 esset.
1659 513 1752 555 An·
1768 529 1784 550 2

354 571 497 613 tiatem
520 582 734 614 auctorem
758 572 909 614 refellit
932 572 1124 613 tribunus
1145 572 1278 627 plebis
1301 572 1362 613 M.
1385 572 1585 620 Naevius,
1608 570 1755 612 adver-

352 645 421 671 sus
443 646 570 686 quem
593 631 725 671 oratio
748 631 949 686 inscripta
971 629 1016 670 P.
1040 630 1227 671 Africani
1250 638 1322 670 est.
1386 630 1470 671 Hic
1494 629 1680 670 Naevius
1708 628 1754 669 in
1807 638 1810 640 '

353 688 670 744 magistratuum
693 688 808 729 libris
829 697 891 729 est
913 687 1105 728 tribunus
1126 687 1272 743 plebis,
1295 687 1343 729 P.
1366 687 1559 737 Claudio,
1583 687 1632 728 L.
1649 686 1754 727 Por-

351 745 417 787 cio
434 746 676 787 consulibus
694 762 702 786 :
738 746 812 787 sed
828 745 923 786 iniit
940 745 1213 794 tribunatum,
1234 746 1317 800 Ap.
1338 744 1534 794 Claudio,
1553 744 1614 786 M.
1635 744 1753 786 Sem-

351 804 500 858 pronio
536 803 791 853 consulibus,
825 812 921 844 ante
957 802 1071 843 diem
1108 811 1305 858 quartum
1341 801 1444 843 Idus
1480 802 1749 843 Decembres.
1765 815 1783 845 3

351 860 458 902 Inde
491 869 573 902 tres
606 876 771 902 menses
803 861 855 902 ad
887 860 989 901 Idus
1021 859 1198 901 Martias
1228 868 1349 909 sunt3
1383 860 1534 916 quibus
1557 859 1604 900 P.
1624 858 1754 900 Clau-

351 918 459 968 dius,
492 919 541 960 L.
566 918 744 960 Porcius
780 917 1045 960 consulatum
1078 918 1277 959 inierunt.
1347 917 1414 958 Ita
1449 925 1491 959 et
1520 917 1671 958 vixisse
1708 917 1753 957 in

351 976 569 1017 tribunatu
592 975 747 1018 Naevii
773 976 953 1025 videtur,
983 975 1157 1031 diesque
1191 976 1230 1017 ei
1261 975 1345 1016 dici
1376 976 1427 1017 ab
1459 991 1509 1017 eo
1539 974 1750 1031 potuisse3

350 1033 576 1076 decessisse
599 1043 740 1075 autem
764 1044 861 1075 ante
884 1034 934 1075 L.
952 1033 1112 1074 Valerii
1134 1042 1176 1074 et
1198 1033 1260 1074 M.
1280 1033 1420 1075 Porcii
1441 1047 1672 1075 censuram.
1765 1038 1785 1066 4

409 1092 560 1134 Trium
582 1091 906 1134 clarissimorum
939 1107 1038 1132 suae
1070 1091 1273 1147 cuiusque
1301 1091 1439 1148 gentis
1460 1091 1643 1132 virorum
1665 1105 1749 1131 non

350 1150 482 1205 magis
504 1158 693 1206 tempore
726 1158 986 1206 congruente
1008 1149 1299 1205 comparabilis
1330 1164 1440 1190 mors
1460 1148 1627 1190 videtur
1648 1163 1750 1197 esse,

350 1223 478 1264 quam
500 1208 617 1263 quod
647 1223 773 1249 nemo
795 1223 940 1249 eorum
962 1207 1060 1248 satis
1081 1207 1257 1263 dignum
1289 1206 1510 1263 splendore
1531 1206 1640 1248 vitae
1663 1205 1753 1247 exi-

351 1274 441 1307 tum
463 1265 623 1307 habuit.
668 1265 759 1307 Iam
781 1265 963 1322 primum
986 1280 1131 1306 omnes
1152 1280 1238 1306 non
1260 1265 1304 1305 in
1325 1265 1461 1321 patrio
1479 1264 1566 1305 solo
1583 1263 1751 1313 mortui,

349 1338 429 1364 nec
450 1323 604 1380 sepulti
626 1332 734 1365 sunt.
789 1323 969 1365 Veneno
991 1323 1201 1378 absumpti
1225 1322 1441 1373 Hannibal
1462 1331 1504 1363 et
1525 1321 1752 1376 Philopoe-

350 1395 473 1430 1nen3
506 1380 627 1423 exsul
653 1380 883 1430 Hannibal,
913 1380 1102 1436 proditus
1133 1381 1183 1421 ab
1216 1380 1404 1435 hospite:
1439 1388 1584 1435 captus
1606 1377 1751 1419 Philo-

349 1454 531 1495 poemen
563 1439 607 1479 in
638 1454 803 1480 carcere
835 1447 878 1479 et
908 1438 951 1478 in
982 1437 1159 1478 vinculis
1191 1438 1428 1493 exspiravit.
1496 1436 1650 1493 Scipio,
1674 1436 1751 1477 etsi

351 1512 437 1537 non
461 1496 593 1547 exsul,
616 1512 756 1552 neque
778 1496 1012 1545 damnatus,
1036 1495 1104 1536 die
1129 1504 1269 1536 tamen
1291 1495 1415 1544 dicta,
1438 1494 1492 1536 ad
1513 1509 1639 1550 quam
1663 1509 1749 1534 non

351 1555 526 1595 affuerat
554 1569 661 1604 reus,
685 1554 833 1595 absens
854 1554 1019 1603 citatuS,
1040 1552 1324 1593 voluntarium
1350 1568 1436 1593 non
1465 1552 1633 1593 sibimet
1661 1551 1749 1607 ipse

350 1611 500 1661 solum,
523 1611 599 1653 sed
620 1612 748 1653 etiam
769 1611 907 1652 funeri
930 1626 1018 1660 suo,
1041 1610 1236 1651 exsilium
1259 1610 1426 1651 indixit.

203 1666 298 1727 53‘..
410 1669 527 1710 Dum
559 1685 608 1710 ea
638 1669 682 1710 in
714 1669 1008 1725 Peloponneso
1037 1669 1081 1722 (a
1108 1668 1260 1724 quibus
1293 1668 1474 1709 devertit
1505 1666 1658 1721 oratio)
1677 1681 1751 1722 ge-

139 1722 299 1795 quefrn
350 1737 513 1776 runtur,
536 1727 696 1768 reditus
718 1727 760 1767 in
785 1726 1082 1767 Macedoniam
1105 1726 1314 1766 Demetrii
1335 1725 1653 1782 legatorumque
1676 1724 1751 1765 ali-

138 1769 308 1838 Ϊχῗῑίςῒέἔοῖῃ
352 1795 416 1827 ter
447 1785 623 1826 aliorum
658 1785 853 1826 affecerat
881 1784 1052 1824 animos.
1117 1782 1282 1839 Vulgus
1311 1783 1611 1831 Macedonum,
1645 1797 1750 1837 quos

138 1850 237 1881 niam.
351 1843 450 1884 belli
472 1843 523 1884 ab
548 1842 752 1883 Romanis
780 1841 1041 1882 imminentis
1063 1850 1200 1881 metus
1226 1849 1442 1889 terruerat,
1466 1839 1748 1888 Demetrium,

352 1909 399 1942 ut
419 1900 533 1956 pacis
554 1912 779 1949 auctorem,
798 1914 893 1940 cum
917 1899 1081 1954 ingenti
1097 1898 1236 1939 favore
1258 1898 1595 1954 conspiciebant:
1626 1897 1750 1937 simul

352 1967 395 1999 et
416 1973 487 2014 spe
512 1958 626 1999 haud
648 1957 776 1999 dubia
805 1972 982 2013 regnum
1012 1956 1050 1997 ei
1081 1965 1176 2012 post
1207 1965 1384 1997 mortem
1416 1955 1544 2012 patris
1565 1954 1750 1996 destina-

351 2017 464 2058 bant.
529 2021 540 2039 ‘
558 2015 685 2066 Nam,
708 2015 785 2056 etsi
807 2015 945 2055 minor
966 2023 1114 2063 aetate,
1134 2029 1261 2070 quam
1279 2014 1470 2063 Perseus,
1493 2022 1613 2061 esset,
1636 2012 1750 2053 hunc

353 2080 522 2115 ‘tamen
553 2073 661 2115 iusta
691 2072 1030 2121 matrefi‘imiliae3
1064 2071 1182 2113 illum
1210 2071 1360 2128 pellice
1389 2080 1527 2112 ortum
1553 2085 1666 2111 esse:
1700 2069 1781 2110 il-5

352 2212 472 2252 aliique
508 2212 596 2243 miris
634 2213 822 2253 praedicant
866 2212 1026 2243 laudibus.

354 2256 537 2286 Romanam
559 2256 724 2287 historiam
748 2256 874 2286 Graece
897 2266 1027 2295 compo-

352 2303 467 2329 suerat.
492 2299 598 2330 Cnssv.
633 2299 671 2329 cf.
692 2299 809 2329 Athen.
827 2298 867 2329 iv.
885 2296 935 2328 66.

400 2351 408 2371 1
438 2343 552 2382 Neque
575 2343 716 2379 Valerio]
748 2341 817 2377 Qui
840 2340 1028 2371 Africanum

352 2388 516 2414 mortuum
561 2388 637 2415 ante
678 2385 818 2414 inultam
856 2383 1028 2422 irrogatam

354 2426 496 2456 Asiatico
517 2427 637 2458 scribit.
667 2428 706 2458 cf.
724 2437 809 2466 supr.
827 2426 960 2456 xxxviii.
978 2436 1028 2464 50.

354 2469 430 2499 Aul.
449 2469 536 2499 Gell.
555 2469 606 2500 vii.
628 2479 674 2510 19.

399 2520 415 2540 ‘z
439 2513 605 2542 Antiatem
619 2516 778 2542 auctorem
796 2512 915 2549 refellit
930 2511 1030 2540 tribn-

353 2564 417 2583 nns
440 2555 543 2593 plebis
568 2556 618 2584 M.
632 2555 794 2591 Naevius]
832 2553 1028 2592 Opinionem

357 2595 480 2626 Valerii
507 2596 659 2632 Antiatis,
685 2596 739 2635 qui
766 2595 951 2635 Scipionem
979 2606 1028 2625 ac-

355 2642 501 2668 cusatum
527 2638 623 2668 fuisse
648 2638 838 2668 memoravit
862 2648 881 2668 a.
904 2638 1029 2667 dnobus

358 2680 508 2717 Petilliis,
532 2681 644 2719 quinto
669 2685 744 2710 ante
768 2680 853 2710 hunc
876 2691 973 2713 anno.
996 2680 1027 2709 id

356 2723 485 2760 refellit,
501 2724 586 2762 quod
608 2723 717 2758 index,
733 2723 810 2759 sive,
828 2727 860 2752 ut
882 2733 966 2752 nunc
985 2723 1027 2751 lo-

356 2766 495 2805 quimur.
510 2766 625 2796 titulus
646 2765 797 2795 orationis
818 2766 854 2795 P.
869 2764 1029 2804 Scipionis

356 2819 473 2839 nomen
485 2809 583 2838 habet
597 2809 643 2839 M.
657 2808 773 2838 Naevii
785 2807 903 2837 tribuni
918 2807 1029 2846 plebis.

355 2853 509 2882 Ceterum
536 2851 651 2881 mirum
680 2850 777 2881 videri
804 2849 901 2889 possit
926 2853 1028 2879 tanto-

358 2904 432 2932 pere
463 2904 548 2925 nunc
579 2894 706 2925 credere
735 2893 861 2924 Livium
893 2892 1027 2923 orationi

1072 2211 1118 2242 illi
1150 2212 1186 2242 P.
1213 2211 1383 2251 Scipionis,
1411 2221 1510 2250 quum
1536 2210 1670 2241 xxxviii.
1699 2209 1749 2249 56.

1073 2255 1210 2291 dubitet,
1248 2266 1288 2284 an
1327 2254 1382 2284 illa
1418 2265 1526 2284 revera
1564 2253 1662 2293 ipsius
1699 2253 1748 2283 sit.

1075 2298 1180 2328 ΟΜΝ.
1228 2297 1260 2327 Si
1288 2297 1366 2327 fides
1392 2297 1501 2327 Gellio
1526 2296 1675 2325 habenda
1697 2296 1749 2330 sit,

1074 2341 1111 2371 C.
1131 2339 1277 2370 Naevius
1304 2339 1504 2376 Africanum,
1533 2337 1655 2368 Petillii
1684 2338 1748 2367 duo

1074 2383 1255 2413 Asiaticum
1272 2386 1474 2412 accusarunt.

1118 2435 1134 2463 3
1159 2427 1246 2455 Ante
1280 2426 1360 2455 diem
1393 2427 1545 2464 quartum
1575 2423 1653 2452 Mus
1683 2423 1747 2453 De-

1074 2468 1226 2504 cembres]
1256 2467 1305 2496 Eo
1331 2466 1416 2496 cniin
1444 2466 1494 2495 die
1521 2469 1551 2495 ct
1577 2464 1671 2504 primi
1694 2465 1747 2494 tri—

1075 2510 1151 2540 buni
1175 2509 1288 2548 plebis.
1304 2512 1336 2538 et
1359 2513 1468 2547 postca
1491 2518 1617 2547 semper
1638 2518 1747 2537 eorum

1074 2562 1269 2582 successores
1321 2551 1542 2589 magistratum
1596 2550 1747 2581 inierunt.

1076 2596 1183 2626 Ciu-zv.

1116 2648 1134 2674 4
1158 2639 1244 2667 Ante
1285 2638 1317 2667 L.
1351 2638 1470 2667 Valerii
1500 2641 1530 2668 et
1560 2638 1610 2666 M.
1638 2637 1747 2666 Porcii

1072 2680 1257 2716 cem-nram]
1295 2679 1370 2709 Non
1403 2680 1496 2717 longe
1523 2679 1590 2709 abit
1620 2679 1659 2708 al)
1688 2678 1748 2708 huc

1073 2721 1223 2760 opinione
1250 2722 1364 2751 (⁴icero
1394 2723 1433 2751 dc
1459 2724 1585 2752 Scncct.
1615 2731 1660 2761 ¹9·
1692 2721 1746 2750 ubi

1072 2774 1156 2794 anno
1168 2769 1243 2794 ante
1255 2766 1414 2795 Catonem
1427 2775 1589 2794 censorem
1602 2767 1747 2793 mortuus

1077 2806 1247 2837 Africanus
1264 2807 1390 2838 dicitur.

1118 2859 1134 2888 5
1160 2851 1255 2879 Illum
1280 2851 1393 2889 pellice
1418 2855 1519 2880 ortum
1546 2851 1627 2887 esse]
1655 2847 1744 2884 Quin

1073 2896 1101 2922 ct
1131 2892 1323 2923 Plutarchus
1350 2892 1380 2922 in
1411 2892 1549 2923 Aemilio
1581 2891 1669 2922 testis
1699 2896 1745 2921 cst
