1960 3218
582 112 710 155 LIB.
741 111 838 153 XL.
884 111 1030 153 CAP.
1056 116 1123 154 20.
1466 116 1549 155 449

157 230 160 234 ⁴
218 204 417 261 Prodigia
437 203 568 246 multa
586 203 710 245 foeda
729 211 772 244 et
794 202 956 244 Romae
976 218 1026 244 eo
1047 218 1158 244 anno
1177 203 1288 268 visa,
1294 210 1337 243 et
1356 202 1549 244 nuntiata
1565 214 1609 246 U.
1628 215 1667 246 C.
1686 222 1760 255 571·

161 277 345 319 peregre.
410 262 462 303 In
482 277 577 303 area
597 260 779 302 Vulcani
800 269 842 302 ct
861 260 1124 301 Concordiae
1145 260 1392 317 sanguinem
1413 258 1757 316 pluit3A·C-181·

129 328 205 367 9et
237 320 458 376 pontifices
492 319 629 360 hastas
661 327 793 360 motas
826 318 1083 367 nuntiavere,
1113 327 1156 359 et
1188 318 1369 359 Lanuvii
1404 317 1547 359 simul-
1626 304 1690 341 19·

161 393 302 419 acrum
331 377 505 419 Iunonis
528 376 716 432 Sospitae
747 376 1004 417 lacrimasse:
1038 384 1080 416 et
1100 375 1368 432 pestilentia
1357 391 1398 416 1n
1426 376 1545 432 agris,
1561 358 1721 399 Prodigia

133 450 145 471 1
161 436 357 491 forisque,
380 444 423 476 et
442 433 740 483 conciliabulis,
763 442 806 474 et
835 433 879 473 in
910 434 1011 474 urbe
1034 442 1149 474 tanta
1169 442 1268 483 erat,
1291 442 1339 474 ut
1360 433 1548 475 Libitina

162 502 262 534 tunc
283 494 352 534 vix
373 492 590 533 sufficeret.
654 491 735 533 His
754 490 955 547 prodigiis
975 489 1245 546 cladibusque
1267 491 1382 531 anxii
1402 491 1548 532 Patres

160 550 448 600 decreverunt,
480 558 528 591 ut
557 558 600 591 et
629 549 833 597 consules,
861 549 1013 604 quibus
1041 548 1121 589 diis
1147 548 1370 598 videretur,
1403 548 1548 590 hosti1s

160 608 384 649 maioribus
411 607 702 657 sacrificarent,
735 615 778 648 et
809 606 1034 647 decemviri
1065 606 1192 648 libros
1226 606 1400 647 adirent.
1464 605 1550 647 Eo-

159 681 251 706 rum
273 665 442 707 decreto
467 665 716 722 supplicatio
746 664 856 706 circa
886 664 1027 705 omnia
1057 664 1289 720 pulvinaria
1311 664 1472 705 Rornae
1503 664 1549 704 in

158 723 272 764 diem
293 739 426 764 unum
450 723 608 764 indicta
628 732 701 764 est.
764 722 919 764 Iisdem
941 722 1179 763 auctoribus
1200 731 1242 764 et
1262 730 1429 763 senatus
1450 737 1549 763 cen-

159 781 255 831 suit,
277 790 319 822 et
349 780 540 822 consules
570 781 807 830 edixerunt,
830 788 877 821 ut
906 795 981 836 per
1011 789 1141 822 totam
1166 779 1327 821 Italiam
1362 779 1548 821 triduum

160 838 409 895 supplicatio
430 847 473 880 et
492 838 618 880 feriae
645 847 794 880 essent.
857 837 1126 880 Pestilentiae
1148 846 1264 879 tanta
1283 838 1343 879 vis
1364 847 1464 886 erat,
1487 846 1546 887 ut,

160 912 292 952 quum
322 906 492 961 propter
518 896 796 937 defectionem
822 894 1062 945 Corsorum,
1086 895 1327 952 bellumque
1349 896 1400 937 ab
1422 894 1549 936 Ilien-

161 954 274 995 sibus
295 955 549 995 concitatum
570 954 614 994 in
639 953 844 1003 Sardinia,
867 963 961 995 octo
982 953 1112 994 millia
1140 954 1331 1010 peditum
1353 969 1406 994 ex
1427 953 1549 994 sociis

161 1011 304 1052 Latini
325 1012 506 1053 nominis
527 1012 650 1053 scribi
677 1011 912 1068 placuisset,
935 1020 978 1052 et
1008 1021 1216 1053 trecentos
1247 1012 1422 1067 equites,
1445 1026 1549 1067 quos

161 1068 224 1110 M.
244 1069 438 1110 Pinarius
467 1078 633 1126 praetor
652 1084 794 1111 secum
815 1069 860 1110 in
885 1068 1120 1110 Sardiniam
1141 1070 1361 1119 traiiceret,
1385 1078 1549 1110 tantum

160 1126 381 1168 hominum
406 1127 674 1169 demortuum
701 1143 804 1177 esse,
826 1136 990 1168 tantum
1019 1127 1174 1182 ubique
1204 1142 1422 1183 aegrorum
1450 1142 1550 1168 con-

161 1184 271 1226 sules
298 1185 643 1234 renuntiaverint,
666 1193 713 1226 ut
734 1185 767 1225 is
788 1199 987 1226 numerus
1015 1185 1123 1226 effici
1153 1185 1331 1226 militum
1362 1199 1446 1225 non
1475 1199 1550 1240 po—

162 1242 300 1284 tuerit.
366 1243 495 1291 Quod
525 1243 669 1284 deerat
698 1242 892 1292 militum,
925 1257 1087 1283 sumere
1118 1258 1142 1283 a
1166 1242 1246 1284 Cn.
1266 1242 1425 1283 Baebio
1454 1257 1551 1298 pro-

161 1299 346 1349 consule,
369 1300 443 1356 qui
464 1300 572 1341 Pisis
592 1300 851 1349 hibernabat,
873 1300 1007 1341 iussus
1034 1309 1211 1356 praetor,
1234 1308 1359 1356 atque
1385 1299 1484 1341 inde
1507 1300 1551 1340 in

164 1356 400 1399 Sardiniam
422 1357 621 1399 traiicere.

219 1414 269 1456 L.
289 1414 484 1456 Duronio
511 1415 705 1471 praetori,
732 1415 800 1456 eui
828 1415 1042 1480 provincia
1064 1415 1222 1472 Apulia
1249 1428 1456 1465 evenerat,
1479 1414 1553 1456 ad—

161 1473 269 1514 iecta
296 1473 349 1514 de
382 1472 714 1514 Bacchanalibus
744 1473 933 1528 quaestio
964 1482 1047 1514 est:
1081 1473 1199 1514 cuius
1229 1473 1397 1515 residua
1424 1489 1552 1529 quae-

162 1529 260 1571 dam
280 1530 395 1571 velut
415 1530 575 1571 semina
594 1545 646 1571 ex
668 1530 874 1586 prioribus
895 1529 1042 1571 malis
1032 1546 1115 1571 lam
1136 1531 1272 1586 priore
1294 1546 1404 1572 anno
1425 1546 1552 1587 appa-

133 1596 355 1629 2ruerant:
389 1588 464 1629 sed
491 1588 621 1644 magis
652 1587 872 1629 inchoatae
903 1587 1017 1644 apud
1038 1588 1088 1629 L.
1104 1588 1290 1644 Pupium
1316 1597 1552 1645 praetorem

163 1645 430 1701 quaestiones
451 1655 581 1696 erant,
604 1660 731 1702 quam
761 1645 815 1686 ad
846 1645 1008 1686 exitum
1037 1645 1169 1686 ullum
1199 1646 1438 1702 perductae.
1501 1645 1552 1687 Id

162 1718 377 1759 persecare
408 1718 564 1744 novum
595 1713 840 1760 praetorem,
863 1718 916 1744 ne
938 1713 1121 1759 serperet
1141 1704 1294 1745 iterum
1314 1704 1449 1755 latius,
1472 1704 1553 1745 Pa-

163 1769 246 1802 tres
267 1761 487 1802 iusserunt.
551 1760 608 1802 Et
628 1761 740 1817 leges
761 1761 813 1802 de
840 1761 999 1802 ambitu
1020 1761 1212 1803 consules
1232 1777 1285 1803 ex
1306 1763 1551 1804 auctoritate

163 1827 331 1860 senatus
358 1818 411 1860 ad
432 1818 635 1875 populum
657 1819 854 1860 tulerunt.
917 1819 1171 1875 Legationes
1192 1819 1346 1861 deinde
1368 1820 1412 1861 in
1434 1835 1552 1861 sena-

164 1884 255 1918 tum
285 1876 622 1918 introduxerunt.
688 1877 856 1933 Regum
887 1877 1053 1932 primas,
1078 1877 1294 1927 Eumenis,
1317 1887 1359 1919 et
1383 1878 1553 1919 Ariara-

164 1934 248 1976 this
271 1933 548 1990 Cappadocis,
569 1944 612 1976 et
628 1935 856 1976 Pharnacis
877 1934 1070 1976 Pontici:
1105 1950 1181 1977 nec
1204 1935 1311 1976 ultra
1327 1936 1553 2001 quicquam

164 1991 215 2033 iis
242 2007 486 2048 responsum
508 2002 582 2042 est,
605 2008 732 2049 quam
753 1993 961 2043 missuros,
984 1993 1057 2049 qui
1086 1993 1138 2034 de
1167 1994 1458 2035 controversiis
1483 2010 1554 2035 eo-

164 2064 257 2090 rum
288 2059 600 2106 cognoscerent,
628 2059 955 2106 statuerentque.
1019 2050 1449 2093 Lacedaemoniorum
1480 2052 1554 2093 de-

164 2106 265 2148 inde
287 2107 479 2148 exsulum
502 2116 545 2148 et
566 2107 834 2149 Achaeorum
856 2108 982 2164 legati
1003 2108 1231 2150 introducti
1253 2118 1371 2150 sunt:
1399 2118 1442 2151 et
1461 2125 1554 2166 spes

166 2164 264 2205 data
293 2165 506 2206 exsulibus
536 2174 610 2215 est,
639 2166 889 2221 scripturum
897 2142 1110 2207 C'senatum
1137 2166 1332 2216 Achaeis,
1359 2175 1406 2208 ut
1435 2167 1554 2209 resti-

135 2231 394 2269 3tuerentur.
458 2197 621 2264 Achaei
643 2223 695 2264 de
719 2223 914 2265 Messene
946 2233 1125 2280 recepta,
1148 2225 1470 2281 compositisque
1496 2225 1555 2267 ibi

1629 1828 1695 1866 20.

1567 1883 1758 1931 Legationes

1566 1936 1681 1957 vanae.

209 2379 230 2410 9
252 2370 375 2400 Ilastas
403 2373 518 2409 molas]
554 2372 618 2402 Sua
648 2376 774 2411 sponte,
804 2376 840 2402 ut

167 2422 252 2451 supr.
263 2411 328 2442 xxi.
339 2411 390 2443 62.
404 2413 489 2444 xxiv.
506 2423 552 2445 10.
584 2415 709 2445 Hastae
718 2418 840 2451 autern,

168 2455 209 2485 de
229 2454 343 2493 quibus
363 2455 415 2485 hic
438 2456 554 2496 agitur,
574 2457 723 2487 videntur
742 2457 838 2488 fuisse

169 2496 201 2527 in
217 2497 298 2526 aede
316 2497 410 2528 Vulc
412 2499 464 2529 mi.
489 2480 595 2531 Cuizv

217 2549 228 2569 1
260 2540 300 2569 (Α
325 2541 482 2580 Libitina]
508 2552 550 2573 sc.
569 2542 761 2580 Libitinarii,
785 2543 839 2582 qui

170 2581 357 2612 funebribus
378 2583 559 2615 ministeiiis
575 2586 730 2616 obeundis
751 2596 839 2625 piae

170 2629 254 2662 rant,
270 2624 328 2654 nisi
355 2625 565 2657 instrumenta
590 2632 621 2658 et
647 2633 839 2668 apparatum

170 2667 332 2704 funerum,
345 2678 396 2706 qu
389 2678 427 2698 ’10
443 2679 481 2699 ex
499 2671 578 2700 aede
592 2671 752 2702 Libitinae
768 2682 840 2712 sup-

143 2739 145 2742 ,
170 2710 410 2750 peditabantur‚
427 2711 478 2741 hic
494 2711 628 2751 intelligi
646 2714 747 2745 malis.

215 2763 232 2783 2
257 2754 293 2783 L.
309 2754 340 2783 I'
345 2755 455 2793 upinm
477 2757 674 2794 praetorem]
705 2757 772 2792 Qui
798 2756 841 2787 bi-

171 2796 267 2826 ennio
285 2800 359 2826 ante
373 2801 499 2835 praetor
515 2799 628 2835 fuerat,
644 2809 680 2829 ac
698 2800 843 2847 proximo

171 2848 255 2869 anno
267 2838 462 2878 provinciam
472 2840 581 2888 Apuli
582 2851 624 2869 im
634 2841 844 2882 imperiopro-

172 2885 281 2920 rogato
298 2881 489 2913 obtinuerat.
536 2883 575 2912 121
592 2883 759 2922 imperium
775 2896 843 2923 pro-

230 2937 411 2964 VOL.111.

884 2377 1028 2412 rogatum
1045 2384 1112 2404 esse
1128 2377 1263 2413 apparet
1280 2378 1348 2404 tum
1366 2384 1405 2404 ex
1422 2373 1459 2404 iis
1474 2384 1557 2413 quae

885 2415 937 2445 hic
953 2416 1114 2451 dicuntur,
1130 2420 1199 2446 tuin
1217 2427 1255 2447 cx
1273 2427 1310 2447 eo
1326 2417 1411 2456 quod
1428 2427 1555 2456 praece-

883 2459 979 2488 dente
995 2469 1080 2489 anno
1095 2459 1247 2498 Apuliam
1260 2470 1355 2490 nemo
1371 2463 1554 2499 praetorum

883 2501 1013 2531 sortitus
1028 2502 1143 2532 fuerat.

928 2553 944 2583 3
968 2545 1092 2575 Achaei
1115 2546 1152 2576 de
1173 2546 1337 2583 illessene]
1365 2544 1478 2585 Legati
1500 2545 1555 2585 qui

884 2597 969 2627 supr.
1002 2597 1029 2618 2.
1060 2589 1100 2618 ab
1132 2588 1269 2618 Achaeis
1298 2588 1438 2618 Romam
1469 2588 1555 2619 missi

885 2633 985 2667 erant,
1001 2640 1099 2669 quum
1119 2631 1241 2661 Achaei
1262 2631 1384 2661 bellum
1404 2632 1556 2661 adversus

886 2673 1063 2703 Messenios
1091 2678 1247 2712 gererent,
1279 2675 1431 2713 petebant
1462 2684 1480 2703 a
1509 2684 1554 2704 se-

885 2719 975 2752 natu,
992 2719 1038 2753 ut,
1051 2716 1075 2746 si
1092 2715 1158 2747 fieri
1177 2720 1292 2755 posset,
1305 2716 1425 2746 auxilia
1439 2716 1497 2746 sibi
1513 2717 1555 2746 ad

886 2758 947 2789 hoc
960 2759 1081 2789 bellum
1100 2770 1139 2789 ex
1152 2759 1279 2789 foedere
1293 2759 1432 2789 Romani
1450 2759 1555 2789 mitte-

888 2806 957 2831 rent
971 2813 977 2832 :
1001 2801 1048 2831 sin
1066 2802 1181 2839 minus,
1192 2801 1392 2841 providerent
1410 2805 1505 2838 certe,
1516 2812 1556 2831 ne

888 2844 958 2882 quis
995 2854 1034 2874 ex
1067 2844 1164 2874 Italia
1201 2854 1289 2874 arma
1318 2844 1556 2874 frumcntuinve

890 2887 1060 2916 Messenen
1078 2891 1301 2926 comportaret.
1335 2887 1396 2916 Sed
1416 2886 1554 2916 Romani

1253 2941 1327 2982 Ga
