1960 3218
335 146 417 185 254
857 141 1006 184 ΤΙΤΙ
1044 141 1224 183 LIVII

126 244 169 275 U.
188 244 224 276 C.
249 234 418 283 561.iam
449 248 525 290 per
551 233 657 274 duos
688 248 852 274 menses
873 233 967 290 (sed
999 248 1128 289 prope
1151 232 1363 274 excidium
1386 231 1493 286 erat)
1513 247 1732 288 oppugna-

124 289 163 318 A.
189 288 226 319 C·
252 292 468 341 191·batu1·,
491 300 545 341 et,
569 291 603 332 si
624 299 745 347 capta
765 291 805 332 vi
827 291 946 340 foret,
970 305 1094 332 omne
1127 291 1184 332 ibi
1216 306 1372 331 nomen
1395 289 1646 331 Aetolorum
1677 289 1731 330 ad

335 349 668 390 internecionem
697 349 917 390 videbatur
942 357 1181 390 venturum.
1247 347 1464 397 Ceterum,
1488 361 1731 403 quanquam

335 407 485 448 merito
516 407 646 448 iratus
676 415 765 448 erat
796 406 975 456 Aetolis,
1006 407 1122 462 quod
1152 405 1259 447 solos
1291 406 1540 447 obtrectasse
1573 404 1763 461 gloriae7

335 480 447 514 suae,
471 480 605 521 quum
635 464 830 506 liberaret
854 464 1090 514 Graeciam,
1115 464 1374 513 meminerat,
1398 472 1441 504 et
1461 462 1567 503 nihil
1588 470 1732 503 aucto-

336 523 458 564 ritate
481 537 554 564 sua
575 531 709 563 motos
731 537 832 572 esse,
856 537 1002 578 quum,
1026 537 1132 578 quae
1156 531 1247 562 tum
1275 521 1456 562 maxime
1479 519 1729 569 acciderant,

336 595 481 621 casura
515 595 805 636 praemonens,
836 595 859 621 a
890 580 1043 620 furioso
1077 580 1247 635 incepto
1282 594 1352 620 eos
1384 579 1636 626 deterreret3
1670 586 1731 618 ta-

335 653 447 688 men,
477 639 541 679 sui
573 638 755 679 maxime
777 638 914 693 operis
936 652 1023 678 esse
1045 637 1233 686 credens,
1256 636 1415 677 nullam
1436 644 1606 692 gentem
1627 635 1732 676 libe-

335 704 448 737 ratae
481 711 505 736 a
535 711 577 737 se
610 695 814 736 Graeciae
842 695 1033 736 funditus
1054 695 1197 743 everti,
1221 694 1487 736 obambulare
1519 693 1661 742 muris,
1683 701 1732 733 ut

334 753 454 794 facile
487 762 729 794 nosceretur
759 753 810 794 ab
840 752 1017 802 Aetolis,
1047 752 1198 808 coepit.
1263 751 1497 793 Confestim
1531 766 1555 792 a
1586 750 1732 806 primis

335 811 584 853 stationibus
616 811 808 866 cognitus
837 819 911 859 est,
933 810 1234 866 vulgatumque
1267 825 1343 865 per
1373 824 1519 850 omnes
1549 808 1730 857 ordines,

127 876 234 924 §Dpem
251 875 319 906 cius
340 868 592 917 Quinctium
613 883 714 909 6556.
772 867 921 923 Itaque
943 882 1149 908 concursu
1169 867 1278 908 facto
1299 867 1488 922 undique
1511 866 1555 906 in
1576 881 1729 914 muros,

124 919 299 991 {nlt'clff‘stnt
337 941 485 967 manus
505 941 582 982 pro
604 941 646 966 se
668 926 845 981 quisque
864 925 1099 974 tendentes,
1118 933 1373 966 consonante
1396 924 1574 965 clamore
1595 923 1732 964 nomi-

159 972 176 992 e
228 972 246 993 ¹‘
336 984 469 1025 natim
499 983 750 1032 Quinctium
784 998 913 1032 orare,
949 991 995 1024 ut
1023 998 1146 1039 opem
1180 982 1308 1023 ferret
1340 997 1388 1023 ac
1420 988 1612 1023 servaret.
1676 979 1733 1021 Et

337 1049 427 1083 tum
450 1041 637 1098 quidem,
661 1056 903 1097 quanquam
935 1048 1173 1082 moveretur
1202 1040 1266 1081 his
1296 1040 1481 1089 vocibus,
1513 1054 1641 1080 manu
1672 1047 1732 1079 ta-

338 1114 438 1141 men
459 1099 619 1148 abnuit,
638 1099 864 1155 quicquam
887 1098 977 1154 opis
998 1098 1043 1138 in
1064 1113 1106 1139 se
1129 1113 1229 1139 esse.
1277 1098 1492 1147 Ceterum,
1509 1105 1733 1153 postquam

337 1157 391 1198 ad
412 1157 627 1198 consulem
648 1157 787 1198 venit:
824 1162 835 1180 ‘
854 1156 1010 1197 Utrum
1037 1155 1210 1205 fefellit,'
1231 1155 1382 1211 inquit,
1408 1161 1419 1178 ‘
1433 1164 1486 1204 te,
1511 1154 1584 1195 M'.
1606 1153 1731 1203 Acili,

339 1215 468 1271 ‘quid
493 1215 669 1271 agatur?
700 1230 766 1264 an,
794 1229 926 1270 quum
957 1214 1055 1254 satis
1085 1213 1315 1269 pervideas,
1348 1212 1455 1253 nihil
1485 1212 1530 1253 id
1560 1227 1733 1268 magno-

339 1277 462 1329 ‘pere
493 1273 547 1313 ad
578 1287 784 1313 summam
815 1286 902 1312 rem
935 1272 1145 1327 pertinere
1178 1271 1370 1312 censes?⁷
1432 1270 1636 1311 Erexerat
1660 1284 1734 1310 ex-

337 1331 594 1387 spectatione
626 1329 864 1378 consulem3
899 1339 953 1378 et,
979 1335 989 1352 ‘
1010 1328 1127 1377 Quin
1159 1328 1396 1384 expromis,’
1426 1328 1577 1383 inquit,
1602 1333 1614 1351 ⁶
1629 1326 1733 1382 quid

340 1388 424 1429 ‘rei
459 1388 564 1429 sit?'
624 1388 737 1429 Tum
778 1387 1030 1435 Quinctius:
1078 1386 1273 1442 <Ecquid
1307 1386 1438 1435 vides,
1476 1394 1530 1435 te,
1567 1384 1733 1425 devicto

340 1446 595 1495 ‘Antiocho,
618 1446 663 1486 in
684 1445 846 1486 duabus
869 1445 1039 1486 urbibus
1068 1443 1362 1500 oppugnandis
1391 1452 1555 1499 tempus
1583 1450 1732 1491 terere,

339 1509 351 1527 ‘
364 1519 495 1559 quum
517 1503 599 1544 iam
620 1518 750 1559 prope
773 1517 907 1543 annus
928 1502 1204 1543 circumactus
1225 1501 1278 1542 sit
1298 1501 1464 1557 imperii
1485 1500 1580 1541 tui?
1631 1499 1735 1540 Phi-

339 1561 527 1618 ‘lippum
559 1569 714 1610 autem,
739 1561 812 1616 qui
843 1575 928 1601 non
961 1559 1107 1609 aciem,
1141 1574 1225 1600 non
1253 1559 1371 1615 signa
1401 1558 1584 1599 hostium
1614 1557 1732 1607 vidit,

340 1624 450 1660 ‘non
477 1619 612 1660 solum
640 1619 776 1667 urbes,
800 1617 874 1659 sed
905 1626 967 1658 tot
996 1618 1079 1658 iam
1111 1625 1271 1673 gentes,
1296 1616 1609 1665 Athamaniam,
1632 1615 1735 1656 Per-

340 1682 352 1701 ‘
364 1676 591 1726 rhaebiam,
612 1676 900 1733 Aperantiam,
923 1674 1164 1731 Dolopiam,
1187 1675 1265 1716 sibi
1286 1674 1556 1715 adiunxisse?
1598 1672 1735 1729 Atqui

341 1740 452 1776 ‘non
492 1743 657 1775 tantum
699 1734 874 1775 interest
913 1742 1066 1782 nostra,
1109 1732 1357 1773 Aetolorum
1401 1747 1501 1788 opes
1541 1746 1588 1772 ac
1628 1731 1735 1772 vires

342 1792 514 1841 ‘minui,
538 1801 757 1848 quantum,
790 1806 874 1832 non
904 1806 1029 1847 supra
1054 1790 1227 1831 modum
1258 1789 1504 1846 Philippum
1535 1803 1733 1838 crescere,

343 1856 409 1891 ‘et
439 1850 635 1891 victoriae
673 1858 769 1890 tuae
805 1849 1039 1905 praemium
1073 1856 1113 1888 te
1150 1847 1387 1903 militesque
1421 1856 1514 1888 tuos
1544 1846 1734 1887 nondum

195 1915 261 1953 35.
343 1908 471 1949 ‘duas
492 1908 627 1957 urbes,
651 1907 898 1962 Philippum
922 1914 982 1947 tot
1005 1914 1152 1961 gentes
1177 1904 1379 1946 Graeciae
1411 1904 1592 1945 habere)
1653 1903 1735 1944 As-

341 1965 598 2007 sentiebatur
628 1965 692 2005 his
723 1963 891 2005 consul:
932 1963 1007 2004 sed
1037 1962 1186 2019 pudor,
1209 1963 1243 2003 si
1264 1962 1380 2003 irrito
1403 1962 1572 2018 incepto
1593 1961 1735 2002 absce«

341 2024 460 2064 deret
491 2022 720 2072 obsidione,
753 2022 1020 2063 occurrebat:
1060 2029 1147 2061 tota
1177 2020 1276 2061 inde
1312 2020 1516 2068 Quinctio
1546 2034 1611 2060 res
1641 2033 1736 2075 per-

341 2081 465 2122 missa
485 2089 558 2122 est.
622 2079 664 2121 Is
685 2095 826 2120 rursus
847 2079 900 2120 ad
922 2094 1014 2120 eam
1035 2086 1196 2134 partem
1228 2078 1349 2127 muri,
1372 2093 1457 2134 qua
1476 2076 1617 2133 paullo
1638 2084 1734 2117 ante

340 2138 554 2179 vociferati
577 2137 722 2179 Aetoli
742 2137 920 2186 fuerant,
944 2136 1080 2177 rediit.
1143 2135 1208 2176 Ibi
1230 2151 1362 2191 quum
1390 2134 1619 2191 impensius
1644 2148 1736 2175 ora-

341 2205 448 2245 rent,
479 2205 526 2237 ut
558 2195 824 2236 misereretur
854 2195 990 2251 gentis
1013 2193 1276 2242 Aetolorum,
1299 2193 1413 2234 exire
1436 2192 1597 2247 aliquos
1618 2191 1671 2232 ad
1691 2206 1734 2231 56

341 2254 470 2294 iussit.
537 2252 754 2294 Phaeneas
785 2253 874 2308 ipse
905 2252 1201 2308 principesque
1233 2250 1301 2291 alii
1332 2250 1546 2305 extemplo
1583 2248 1735 2304 egressi

341 2319 450 2352 sunt.
514 2311 681 2359 Quibus
701 2310 930 2367 provolutis
951 2309 1004 2350 ad
1025 2309 1168 2365 pedes,
1189 2314 1199 2332 ⁶
1214 2308 1425 2356 Fortuna,’
1445 2307 1596 2362 inquit,
1621 2312 1632 2330 ‘
1644 2320 1736 2346 ves·

343 2374 356 2392 ‘
373 2377 436 2410 tra
455 2369 567 2418 facit,
591 2377 638 2409 ut
659 2376 701 2409 et
721 2369 805 2409 irae
835 2383 952 2408 meae
985 2376 1028 2408 et
1056 2366 1232 2408 orationi
1261 2374 1503 2421 temperem.
1570 2363 1736 2404 Evene-

344 2432 482 2476 ζ111111,
506 2441 613 2482 quac
640 2425 829 2482 praedixi
851 2433 1078 2466 eventura:
1112 2432 1156 2465 et
1185 2438 1238 2464 ne
1269 2423 1349 2463 hoc
1379 2422 1551 2478 quidem
1583 2420 1735 2476 reliqui

344 2484 484 2524 ‘vobis
505 2493 579 2533 est,
602 2492 649 2524 ut
670 2483 854 2539 indignis
880 2482 1077 2523 accidisse
1099 2496 1149 2521 ea
1168 2480 1399 2521 videantur.
1465 2479 1557 2535 Ego
1580 2488 1734 2527 tamen,

344 2546 355 2565 ⁶
371 2549 480 2582 sorte
503 2541 685 2596 quadam
716 2540 965 2581 nutriendae
991 2538 1194 2580 Graeciae
1217 2537 1350 2586 datus,
1373 2553 1426 2577 116
1449 2536 1621 2592 ingratis
1642 2535 1767 2592 qui-8

344 2604 356 2622 ‘
371 2598 469 2638 dem
499 2598 745 2639 benefacere
775 2597 981 2638 absistam.
1045 2595 1207 2636 Mittite
1230 2604 1411 2635 oratores
1432 2594 1485 2634 ad
1507 2593 1734 2643 consulem,

345 2661 357 2680 ⁶
373 2655 446 2711 qui
469 2655 652 2696 indutias
673 2655 777 2695 tanti
801 2654 998 2709 temporis
1019 2661 1178 2708 petant,
1202 2661 1249 2692 ut
1274 2652 1439 2692 mittere
1469 2652 1626 2707 legatos
1649 2651 1737 2692 Ro-

346 2719 357 2737 ‘
373 2728 482 2755 mam
505 2713 682 2769 possitiS,
705 2727 780 2768 per
801 2727 906 2767 quos
927 2710 1089 2751 senatui
1111 2710 1163 2750 de
1185 2709 1301 2750 vobis
1323 2710 1583 2765 permittatis.
1644 2707 1737 2764 Ego

389 2877 404 2908 7
431 2869 522 2905 Quod
536 2869 631 2905 solos]
649 2867 836 2905 Legeudum
851 2876 923 2897 611111
938 2866 965 2897 G
972 2877 1018 2897 ro-
1105 2868 1124 2895 8
1140 2868 1347 2897 Natriemlae
1360 2867 1531 2904 Graeciae]
1551 2864 1735 2901 Fovendae,

344 2911 439 2941 novio
456 2922 532 2951 quos
547 2912 626 2941 solos
642 2909 821 2941 Crevierius
837 2914 954 2940 censet.
1064 2909 1231 2940 iuvandae.
1258 2910 1296 2939 cf.
1314 2920 1398 2948 supr.
1415 2909 1454 2940 iv.
1473 2917 1523 2947 52.
1548 2907 1598 2938 vii.
1616 2918 1644 2944 4.
