1960 3218
617 121 743 163 LIB.
778 121 874 165 XL.
917 121 1065 164 cAP.
1099 127 1166 165 54.
1509 108 1620 167 479”

197 219 208 239 ‘
224 214 363 256 vovit.'
424 213 588 255 Eodem
608 213 804 269 exemplo
826 213 966 255 tabula
987 213 1031 254 in
1053 214 1156 256 aede
1180 213 1290 256 Iovis
1313 214 1355 256 in
1380 213 1594 271 Capitolio
1612 227 1655 259 U.
1673 227 1712 259 C.
1734 234 1807 267 573·

196 288 322 329 supra
340 271 478 313 valvas
499 272 584 313 fixa
604 280 677 312 est.
1609 272 1649 302 A.
1673 271 1712 302 C.
1737 279 1808 312 179-

256 330 410 380 Biduo,
438 345 522 386 quo
551 337 741 370 senatum
772 327 966 385 legerunt
997 344 1200 380 censores,
1228 329 1280 379 Q.
1301 329 1474 372 Fulvius
1495 345 1595 372 con·
1673 336 1742 376 53.

168 402 184 435 7
198 388 275 438 sul,
297 388 507 445 profectus
535 387 579 427 in
601 386 792 443 Ligures,
815 402 891 443 per
920 387 1055 428 invios
1086 397 1249 429 montes
1270 388 1482 445 vallesque
1515 388 1594 429 sal·
1609 392 1676 440 {Res
1690 395 1800 440 gestae

198 456 336 488 tuosas
358 460 453 487 cum
475 444 664 485 exercitu
693 453 983 500 transgreSSUS,
1010 445 1138 501 signis
1164 445 1323 487 collatis
1347 462 1444 487 cum
1476 446 1594 488 hoste
1607 445 1640 465 ¹¹¹
1658 435 1799 475 L1gur1a.

197 504 423 561 pugnavit:
459 518 599 559 neque
632 511 796 544 tantum
818 502 905 543 acie
927 502 1049 544 vicit:
1084 502 1158 544 sed
1179 512 1312 544 castra
1333 520 1502 560 quoque
1525 520 1596 545 eo-

198 562 296 603 dem
318 562 386 602 die
409 560 532 617 cepit.
597 560 700 601 Tria
727 560 858 602 millia
878 560 1051 602 ducenti
1081 560 1279 611 hostium,
1303 562 1522 618 omnisque
1546 578 1596 603 ea

197 619 313 676 regio
345 619 553 675 Ligurum
586 618 630 659 in
667 618 928 660 deditionem
961 619 1088 660 venit.
1155 618 1317 660 Consul
1353 619 1518 661 deditos
1551 620 1593 660 in

198 686 452 734 campestres
473 692 592 733 agros
613 676 805 726 deduxit,
828 676 1120 733 praesidiaque
1148 677 1361 718 montibus
1382 677 1594 734 imposuit.

201 735 409 777 Celeriter
439 743 481 776 et
512 750 564 776 ex
595 735 812 791 provincia
831 735 975 776 literae
999 734 1181 776 Romam
1202 744 1421 777 venerunt.
1488 735 1597 792 Sup-

197 793 444 849 plicationes
477 793 530 834 ob
562 808 630 834 eas
665 807 730 833 res
769 802 906 848 gestas
946 793 991 833 in
1032 792 1219 834 triduum
1256 793 1449 835 decretae
1485 802 1594 834 sunt.

198 851 418 892 Praetores
439 850 718 907 quadraginta
742 850 889 891 hostiis
909 851 1136 892 maioribus
1166 866 1243 907 per
1273 851 1598 908 supplicationes

197 924 287 950 rem
315 908 501 950 divinam
532 908 734 950 fecerunt.
798 909 869 949 Ab
890 908 1020 950 altero
1041 909 1212 950 consule
1234 909 1284 950 L.
1305 909 1470 951 Manlio
1491 908 1599 950 nihil

198 967 400 1008 memoria
420 966 596 1023 dignum
619 966 663 1007 in
684 966 912 1022 Liguribus
941 976 1004 1008 est
1032 977 1210 1023 gestum.
1278 967 1391 1008 Galli
1423 966 1599 1008 transal-

197 1024 302 1081 pini,
325 1025 405 1066 tria
433 1024 564 1066 millia
594 1024 828 1074 hominum,
851 1024 895 1065 in
917 1024 1082 1066 Italiam
1104 1025 1360 1081 transgressi,
1382 1025 1598 1066 neminem

198 1082 310 1124 bello
340 1082 601 1132 lacessentes,
628 1097 773 1139 agrum
805 1097 829 1123 a
859 1083 1101 1124 consulibus
1132 1092 1174 1124 et
1204 1092 1352 1125 senatu
1382 1083 1596 1140 petebant,

199 1149 248 1182 ut
267 1141 404 1197 pacati
425 1141 501 1182 sub
523 1141 700 1197 imperio
722 1140 868 1196 populi
892 1140 1074 1182 Romani
1097 1150 1248 1182 essent.
1314 1141 1399 1183 Eos
1430 1150 1599 1183 senatus

201 1198 406 1240 excedere
429 1198 551 1239 Italia
572 1198 702 1248 iussit,
726 1207 769 1239 et
789 1198 1004 1240 consulem
1031 1198 1083 1247 Q.
1104 1199 1300 1240 Fulvium
1322 1214 1538 1256 quaerere,
1556 1207 1600 1240 et

201 1257 532 1298 animadvertere
564 1257 607 1297 in
640 1272 723 1306 eos,
747 1256 820 1313 qui
849 1257 1059 1313 principes
1090 1266 1133 1298 et
1163 1266 1354 1299 auctores
1385 1266 1600 1299 transcen-

200 1314 331 1354 dendi
353 1315 487 1370 Alpes
507 1314 694 1355 fuissent.

258 1371 423 1412 Eodem
455 1387 565 1412 anno
597 1371 821 1428 Philippus
852 1386 926 1412 rex
955 1371 1258 1423 Macedonum,
1282 1373 1400 1414 senio
1422 1381 1464 1414 et
1485 1388 1599 1414 mae·
1676 1380 1743 1419 54,

200 1444 292 1470 rore
320 1438 594 1486 consumptus
624 1438 718 1485 post
749 1438 926 1470 mortem
958 1430 1048 1480 filii,
1071 1430 1261 1472 decessit.
1324 1430 1597 1472 Demetriade
1614 1436 1789 1484 Phi-lippus

199 1487 460 1536 hibernabat,
493 1502 624 1543 quum
656 1487 866 1528 desiderio
902 1488 1052 1528 anxius
1087 1488 1176 1537 filii,
1209 1498 1299 1529 tum
1336 1483 1747 1552 poenitenti}z‡1‘‡{)¹¹e⁴’et

200 1544 459 1586 crudelitatis
490 1560 599 1586 suae.
667 1544 917 1586 Stimulabat
940 1545 1128 1586 animum
1150 1554 1193 1587 et
1213 1546 1318 1587 alter
1338 1546 1461 1597 filius,
1483 1546 1598 1588 haud
1612 1533 1789 1598 confaertiis.

201 1601 329 1644 dubie
351 1611 393 1643 et
414 1618 488 1643 sua
509 1611 551 1643 et
572 1602 749 1644 aliorum
779 1602 978 1659 opinione
1009 1618 1096 1653 rex,
1119 1604 1393 1660 conversique
1425 1604 1470 1644 in
1500 1620 1598 1645 eum

202 1660 393 1701 omnium
423 1659 547 1710 oculi,
580 1670 622 1702 et
652 1659 852 1701 destituta
881 1669 1102 1711 senectus,
1138 1661 1228 1702 aliis
1259 1662 1601 1718 exspectantibus

202 1733 320 1758 suam
341 1727 532 1768 mortem,
556 1718 646 1759 aliis
666 1734 720 1759 ne
743 1719 1084 1775 exspectantibus
1105 1719 1290 1775 quidem.
1348 1719 1447 1768 Quo
1468 1720 1600 1776 magis

202 1776 446 1831 angebatur,
473 1785 517 1817 et
547 1791 642 1817 cum
675 1791 725 1817 eo
748 1777 991 1833 Antigonus
1014 1776 1257 1819 Echecratis
1287 1777 1411 1828 filius,
1443 1793 1600 1819 nomen

173 1852 186 1873 1
201 1833 340 1890 patrui
362 1834 571 1890 Antigoni
592 1834 743 1884 ferens,
767 1834 840 1890 qui
862 1843 976 1876 tutor
997 1835 1186 1892 Philippi
1206 1836 1356 1885 fuerat,
1378 1836 1517 1892 regiae
1538 1836 1601 1877 vir

171 1910 188 1931 2
203 1891 443 1941 maiestatis,
466 1891 598 1933 nobili
620 1893 746 1933 etiam
778 1907 921 1948 pugna
946 1893 1142 1934 adversus
1167 1893 1444 1935 Cleomenem
1466 1893 1601 1935 Lace-

202 1948 474 1991 daemonium
504 1949 650 1991 clarus.
714 1950 919 1992 Tutorem
951 1966 1048 1992 eum
1073 1951 1240 2001 Graeci,
1270 1960 1317 1993 ut
1347 1952 1599 2008 cognomine

201 2021 226 2047 a
250 2007 398 2048 ceteris
426 2008 593 2064 regibus
613 2007 935 2065 distinguerent,
959 2009 1234 2065 appellarunt.
1300 2009 1443 2051 Huius
1463 2009 1600 2051 fratris
1612 2019 1809 2061 Antigonus,

201 2064 312 2106 filius
335 2064 578 2122 Antigonus
608 2081 661 2107 ex
693 2066 907 2108 honoratis
928 2066 1117 2124 Philippi
1148 2067 1292 2109 amicis
1323 2082 1432 2109 unus
1463 2067 1760 2112 incor-¹¹n¹}S.ex.

170 2130 350 2178 3ruptus
381 2133 688 2179 permanserat:
724 2124 849 2181 eique
882 2140 931 2166 ea
961 2124 1078 2175 fides,
1110 2140 1380 2182 nequaquam
1416 2125 1598 2167 amicum
1615 2107 1761 2155 Ph¹¹¹p¹3¹

202 2179 368 2230 Persea,
414 2181 748 2223 lnimicissimum
796 2182 962 2225 fecerat.
1040 2182 1094 2233 Is,
1135 2184 1395 2240 prospieiens
1444 2160 1782 2234 animosptgprffgsss

169 1704 188 1734 8

246 2304 263 2336 7
295 2298 460 2338 Vallesque
485 2297 659 2338 saltuosas]
697 2299 806 2339 Vulgo
834 2300 877 2330 le-
922 2299 1045 2330 iectura
1061 2299 1195 2339 sigonii,
1211 2309 1311 2339 quum
1335 2299 1423 2339 prius
1444 2300 1602 2339 legeretur

200 2339 285 2380 gitur
322 2342 483 2381 vallesque
521 2342 635 2378 saltus,
673 2342 760 2380 quod
798 2342 877 2372 vitio
920 2344 1016 2382 regis.
1043 2343 1150 2373 ΟΜΝ.

201 2383 346 2413 laborare
362 2383 590 2414 animadvertit
607 2384 748 2415 Crevier.
966 2395 982 2415 ‘z
1000 2386 1111 2416 Nobili
1128 2409 1135 2416 .
1148 2409 1155 2416 .
1167 2409 1174 2416 .
1191 2383 1322 2425 puyna]
1348 2384 1432 2414 Eam
1450 2384 1601 2415 describit

244 2426 264 2456 8
286 2427 372 2457 Aliis
392 2437 433 2458 ne
453 2428 710 2466 aspectantibus
728 2428 872 2467 quidem]
922 2427 1090 2468 Polybius,
1106 2427 1137 2458 ii.
1155 2427 1207 2467 67.
1229 2427 1362 2467 eiusque
1384 2427 1489 2457 obiter
1511 2437 1600 2458 men-

202 2467 267 2499 Sed
296 2479 406 2499 senem
436 2470 669 2506 deserentibus,
699 2473 731 2500 et
767 2469 875 2500 iuveni
919 2469 1041 2501 tionem
1066 2470 1144 2501 fecit
1169 2470 1281 2501 Livius
1305 2480 1393 2510 supr.
1415 2469 1526 2502 xxxiv.
1547 2470 1599 2502 28.

202 2520 278 2540 mox
295 2515 466 2551 regnaturo
482 2512 577 2543 unice
594 2512 720 2543 deditis.
746 2513 853 2543 CREV.
924 2513 1032 2544 ΟΜΝ.

245 2563 265 2593 9
289 2554 358 2590 Quo
373 2554 491 2595 mayis]
518 2556 628 2594 Atque
649 2566 687 2586 eo
706 2555 809 2595 magis
823 2566 878 2586 an-
967 2565 984 2595 3
1009 2557 1118 2596 Eique
1137 2567 1176 2587 ea
1189 2557 1285 2595 fides,
1302 2567 1506 2597 nequaquam
1522 2556 1600 2585 ami-

202 2597 337 2635 gebatur
351 2608 357 2627 :
383 2601 480 2636 atque
503 2597 579 2628 inde
604 2599 767 2629 crescebat
792 2598 881 2628 illius
924 2610 996 2629 cum
1009 2600 1147 2637 Persea]
1174 2598 1218 2629 Et
1234 2609 1272 2629 ea
1288 2598 1369 2629 fides
1386 2599 1432 2629 illi
1449 2597 1600 2628 inimicis-

203 2639 304 2669 dolor.
329 2639 435 2670 Cnsv.
924 2642 1041 2672 simum
1065 2641 1185 2672 fecerat
1207 2642 1336 2679 Persea,
1355 2641 1408 2681 qui
1433 2641 1496 2671 iam
1521 2640 1601 2671 alias

250 2691 262 2711 1
288 2682 409 2721 Iieyiae
430 2684 481 2713 vir
501 2684 693 2722 maiestatis]
721 2684 815 2714 Haec
831 2694 877 2714 rc-
923 2686 963 2715 ob
996 2695 1108 2715 causas
1138 2694 1344 2724 nequaquam
1372 2683 1494 2714 amicus
1521 2687 1598 2714 erat.

204 2724 334 2754 ferenda
371 2729 456 2761 sunt,
493 2736 557 2755 non
600 2726 640 2756 ad
679 2727 877 2766 Antigonum
924 2727 1107 2758 Gronovius
1140 2727 1300 2767 scripsisse
1333 2727 1460 2757 Livium
1492 2725 1598 2756 existi-

205 2766 393 2798 Echecratis
414 2767 530 2805 filium,
546 2769 599 2798 scd
621 2769 661 2798 ad
680 2770 877 2809 Antigonum
922 2774 1002 2807 mat,
1014 2781 1117 2811 neque
1132 2775 1208 2801 ante
1220 2772 1355 2800 amicum
1372 2771 1502 2800 Persea.
1534 2768 1598 2799 Sed

204 2813 344 2840 tutorem
363 2810 522 2850 Philippi,
539 2811 592 2850 qui
610 2812 788 2842 revera’'rcx
806 2813 876 2843 Ma-
925 2814 1054 2852 vulgata
1079 2813 1176 2843 lectio
1200 2813 1276 2843 satis
1302 2812 1388 2842 clara
1414 2821 1471 2851 per
1498 2821 1530 2841 sc
1555 2810 1598 2840 vi-

205 2853 362 2882 cedonum
379 2853 492 2883 fuerat.
539 2854 592 2884 De
614 2865 651 2884 co
673 2865 757 2894 supr.
774 2855 876 2885 xxxii.
922 2856 1025 2887 detur.
1050 2856 1156 2887 ΟΜΝ.

207 2904 255 2925 22.
302 2896 454 2926 Ceterum
480 2907 540 2926 vox
564 2898 672 2935 ‘reyiue
694 2901 739 2927 est
762 2908 781 2927 a
805 2908 876 2927 con-
