1960 3218
607 170 732 212 LIB.
768 170 984 211 XXXVI.
1030 170 1176 211 CAP.
1210 174 1249 210 4.
1547 174 1629 212 2:29

233 259 430 310 ‘bellum,
465 275 517 301 an
551 260 604 301 ad
638 260 891 316 praesidium
926 260 1222 301 nuntiaretur?
1253 268 1295 300 et
1328 275 1431 300 num
1465 260 1629 302 Aetolis
1646 267 1690 299 U.
1707 268 1745 299 C.
1769 266 1840 307 561.

233 323 244 341 ‘
260 333 430 374 quoque
461 318 683 374 separatim
715 318 846 358 indici
874 318 1069 359 iuberent
1096 317 1284 359 bellum?
1315 326 1357 358 et
1382 333 1483 358 num
1514 319 1628 374 prius
1644 311 1683 342 A·
1707 312 1745 342 C.
1771 320 1840 351 ¹9¹·

197 376 434 418 3‘societas
466 376 515 416 iis
549 385 590 416 et
625 376 808 416 amicitia
839 375 1121 416 renuntianda
1153 384 1274 424 esset,
1309 390 1435 431 quam
1469 376 1626 417 bellum

231 433 585 474 ‘indicendum'?’
645 433 824 474 Fetiales
859 433 1190 489 respomlerunt:
1239 432 1352 473 ‘Iam
1390 442 1486 474 ante
1523 450 1625 484 sese,
1642 445 1817 477 Fetialium

231 497 391 547 ‘quum
422 491 475 532 de
507 491 706 547 Philippo
737 491 1069 540 consulerentur,
1093 490 1296 541 decresse,
1320 490 1427 531 nihil
1458 491 1624 542 referre,
1641 490 1801 537 sententia

197 555 243 588 4‘
258 549 337 604 ipsi
373 564 526 599 coram,
561 564 613 589 an
649 549 703 590 ad
735 548 1003 605 praesidium,
1038 548 1315 589 nuntiaretur.
1379 548 1625 590 Amicitiam
1640 533 1821 606 Jffilsggssffie

230 613 242 631 ‘
258 607 540 647 renuntiatam
561 606 708 656 videri,
732 622 864 663 quum
893 606 1052 662 legatis,
1076 606 1200 647 toties
1228 607 1517 662 repetentibus
1547 623 1625 657 res,
1641 618 1728 649 belli.

197 670 336 705 5‘nec
376 664 510 714 reddi,
548 680 626 706 nec
668 665 859 706 satisfieri
895 679 1078 720 aequum
1115 664 1386 705 censuissent.
1451 665 1627 706 Aetolos

229 728 241 747 ‘
257 721 367 763 ultro
388 723 467 763 sibi
488 722 647 764 bellum
668 722 883 772 indixisse,
907 738 1039 778 quum
1062 722 1395 772 Demetriadem,
1418 723 1625 764 sociorum

229 780 417 830 ‘urbem,
451 796 527 836 per
558 781 643 821 vim
677 790 978 836 occupassent3
1015 780 1264 821 Chalcidem
1297 788 1406 821 terra
1438 781 1625 837 marique

229 845 549 895 ‘oppugnatum
580 839 735 888 issent3
780 853 922 894 regem
955 838 1217 880 Antiochum
1249 838 1294 878 in
1327 837 1541 894 Europam
1573 839 1626 880 ad

229 902 240 921 ‘
257 895 415 937 bellum
444 896 600 952 populo
626 896 821 937 Romano
852 896 1120 937 inferendum
1149 895 1458 937 traduxissent.’
1520 896 1625 938 Om-

227 953 352 995 nibus
372 954 455 995 iam
477 954 574 995 satis
595 954 856 1010 comparatis,
882 953 954 995 M’.
976 954 1139 995 Acilius
1160 953 1306 994 consul
1327 953 1486 996 edixit:
1523 961 1534 978 ‘
1550 955 1623 1005 Ut,

230 1017 363 1068 ‘quos
399 1012 448 1053 L.
477 1011 704 1060 Quinctius
737 1011 891 1052 milites
927 1012 1250 1068 conscripsisset,
1285 1020 1328 1052 et
1362 1027 1468 1067 quos
1504 1014 1626 1054 sociis

230 1070 505 1126 ‘nominique
527 1069 681 1111 Latino
710 1069 966 1125 imperasset,
989 1085 1094 1125 quos
1122 1084 1264 1110 secum
1292 1070 1337 1109 in
1365 1071 1625 1125 provinciam

229 1134 240 1152 ⁶
257 1128 315 1168 ire
334 1136 556 1184 oporteret,
575 1136 617 1168 et
639 1128 797 1168 tribuni
819 1127 1000 1168 militum
1023 1127 1199 1184 legionis
1220 1127 1377 1182 primae
1400 1136 1441 1168 et
1463 1129 1624 1179 tertiae,

229 1192 241 1210 ‘
258 1185 320 1227 uti
352 1201 499 1227 omnes
527 1184 801 1226 Brundisium
836 1184 981 1225 Idibus
1010 1184 1138 1225 Maiis
1170 1185 1470 1227 convenirent?
1530 1186 1625 1243 Ipse

227 1253 324 1285 ante
350 1243 464 1284 diem
493 1243 689 1299 quintum
713 1242 860 1283 Nonas
884 1242 1019 1284 Maias
1049 1242 1272 1299 paludatus
1304 1243 1405 1283 urbe
1437 1259 1626 1301 egressus

227 1310 300 1343 est.
363 1301 447 1342 Per
477 1300 647 1342 eosdem
678 1300 767 1342 dies
798 1312 841 1342 ct
871 1310 1082 1356 praetores
1113 1301 1156 1341 in
1185 1300 1422 1357 provincias
1449 1303 1626 1358 profecti

226 1368 335 1401 sunt.

288 1416 375 1459 Sub
411 1416 524 1457 idem
560 1426 726 1472 tempus
759 1416 885 1472 legati
919 1417 970 1457 ab
1007 1416 1172 1458 duobus
1207 1419 1387 1474 regibus,
1425 1417 1625 1474 Philippo
1716 1421 1757 1458 4.

195 1474 508 1517 6Maced0niae
531 1483 572 1516 et
593 1474 838 1515 Ptolemaeo
862 1475 1050 1531 Aegypti
1079 1490 1176 1531 rege
1200 1475 1382 1518 Romam
1403 1485 1623 1526 venerunt,
1641 1475 1753 1533 {iegati
1770 1487 1789 1506 a

226 1532 475 1590 pollicentes
505 1532 559 1573 ad
588 1532 745 1573 bellum
772 1532 939 1582 auxilia,
962 1542 1005 1573 et
1026 1534 1263 1588 pecuniam,
1287 1545 1329 1576 et
1350 1536 1620 1576 frumentum.
1639 1518 1798 1592 {thssffilsg

228 1591 300 1632 Ab
324 1590 566 1632 Ptolemaeo
595 1590 720 1631 etiam
748 1590 861 1630 mille
890 1590 1033 1646 pondo
1059 1591 1161 1640 auri,
1185 1592 1334 1648 viginti
1363 1592 1495 1633 millia
1519 1608 1626 1648 pon-
1640 1614 1743 1636 maeo.

227 1649 283 1690 do
314 1648 475 1705 argenti
506 1648 639 1689 allata.
704 1647 827 1688 Nihil
848 1648 938 1688 eius
959 1657 1192 1704 acceptum,
1259 1649 1431 1692 Gratiae
1457 1651 1625 1706 regibus

228 1716 366 1748 actae:
402 1716 456 1756 et,
480 1721 612 1762 quum
645 1715 822 1762 uterque
852 1721 894 1746 se
921 1721 1015 1746 eum
1050 1707 1245 1747 omnibus
1273 1709 1404 1765 copiis
1425 1708 1468 1749 in
1493 1704 1626 1749 Aeto-

227 1764 325 1806 liam
353 1774 592 1813 venturum,
622 1763 817 1819 belloque
850 1763 1149 1805 interfuturum
1179 1765 1460 1821 polliceretur,
1484 1765 1626 1807 Ptole-

227 1837 348 1864 maeo
383 1822 427 1863 id
464 1822 707 1863 remissum:
755 1821 943 1878 Philippi
979 1821 1126 1878 legatis
1162 1838 1422 1880 responsum,
1459 1833 1625 1880 gratum

227 1895 325 1922 eum
356 1880 519 1921 senatui
555 1879 798 1936 populoque
837 1879 1032 1921 Romano
1064 1879 1286 1931 facturum,
1319 1882 1352 1923 si
1384 1882 1457 1923 Μ’.
1484 1881 1625 1923 Acilio

227 1938 388 1979 consuli
418 1953 504 1979 non
535 1938 745 1978 defuisset.
808 1936 917 1978 Item
947 1938 998 1978 ab
1024 1937 1444 1995 Carthaginiensibus
1466 1948 1508 1980 et
1530 1939 1626 1981 Ma-

227 1995 373 2037 sinissa
400 2011 497 2051 rege
529 1995 655 2051 legati
686 2004 903 2036 venerunt.
970 1994 1342 2051 Carthaginienses
1376 1997 1503 2038 tritici
1537 2013 1626 2038 mo·
1639 2006 1804 2047 Carthagi-

228 2053 344 2094 dium
377 2052 504 2102 mille,
534 2053 682 2094 hordei
711 2053 945 2108 quingenta
977 2052 1108 2094 millia
1140 2054 1194 2095 ad
1225 2055 1471 2104 exercitum,
1501 2055 1626 2095 dimi-
1638 2050 1763 2122 &gen-ses
1779 2054 1811 2109 et

229 2110 346 2152 dium
372 2111 461 2152 eius
484 2111 665 2152 Romam
692 2119 982 2166 apportaturos
1015 2110 1191 2166 polliciti
1221 2121 1341 2153 sunt:
1376 2112 1420 2153 id
1442 2121 1488 2153 ut
1509 2113 1560 2153 ab
1582 2127 1624 2153 se
1638 2103 1836 2165 fnsfflgssffm

228 2183 382 2210 munus
406 2168 588 2209 Romani
610 2168 862 2224 acciperent,
887 2176 1029 2223 petere
1052 2183 1164 2210 sese:
1197 2178 1239 2210 et
1260 2169 1432 2211 classem
1455 2185 1624 2211 suorum
1639 2181 1671 2208 et
1684 2178 1841 2208 hordeum

228 2241 304 2268 suo
332 2235 503 2282 sumptu
535 2235 868 2282 comparaturos:
907 2234 950 2266 ct
981 2226 1252 2281 stipendium,
1286 2227 1401 2283 quod
1435 2227 1625 2283 pluribus
1638 2221 1782 2253 mittunt.

228 2284 500 2341 pensionibus
530 2284 572 2324 in
605 2283 757 2324 multos
783 2298 914 2323 annos
943 2282 1159 2333 deberent,
1182 2300 1380 2340 praesens
1406 2301 1530 2327 omne
1553 2286 1626 2327 da-

228 2351 354 2383 turos.
418 2341 664 2382 Masinissae
694 2341 816 2396 legati
845 2341 1077 2396 quingenta
1106 2342 1237 2384 millia
1269 2343 1458 2384 modium
1485 2344 1625 2394 tritici,

272 2478 290 2508 3
315 2471 378 2507 Iis]
418 2470 493 2500 IIoe
513 2479 688 2509 pronomen
714 2480 776 2499 nou
802 2469 833 2498 in
858 2480 904 2498 so-

229 2513 277 2543 los
295 2513 427 2543 Aetolos
442 2513 618 2543 necessario
636 2512 734 2549 cadit,
747 2513 801 2542 sed
819 2516 849 2542 et
866 2512 906 2542 de

229 2553 392 2585 Antiocho
408 2555 541 2595 intelligi
560 2559 675 2594 potest,
689 2555 743 2594 qui
760 2554 815 2585 diu
831 2559 906 2585 ante

230 2597 333 2627 socius
349 2604 381 2628 et
396 2597 518 2628 :unicus
536 2598 758 2628 Romanorum
784 2608 905 2627 nuncu-

232 2643 337 2679 patur,
353 2650 437 2679 supr.
455 2640 556 2670 xxxii.
573 2641 602 2670 8.
627 2640 733 2671 Ciu-w.

274 2694 293 2720 4
320 2684 504 2712 Amicitiam
533 2684 753 2713 renuntiatam
784 2684 902 2721 videri]

231 2725 316 2756 Satis
342 2725 539 2755 declaratum
565 2725 661 2755 videri
690 2726 813 2755 nnllam
842 2725 904 2755 iam

231 2767 406 2798 amicitiam
422 2768 543 2807 populo
556 2768 705 2798 Romano
717 2778 821 2806 neque
832 2778 905 2798 cnm

231 2810 406 2847 Antiocho,
436 2820 540 2848 neque
570 2820 643 2840 cum
674 2811 799 2840 Aetolis
829 2821 907 2848 esse,

231 2863 331 2893 quum
349 2852 461 2891 legatis
479 2852 635 2883 Romanis
650 2853 745 2883 toties
762 2858 906 2892 repeten-

232 2895 317 2926 tibus
343 2905 403 2931 res,
427 2899 458 2925 et
483 2895 751 2933 conquerentibus
778 2895 908 2925 iniurias

233 2938 355 2978 populo
378 2939 527 2968 Romano
552 2938 662 2975 faetus,
679 2948 732 2968 rex
751 2942 781 2968 ct
800 2937 907 2968 Aetoli

950 2479 1010 2499 nec
1029 2469 1131 2506 reddi,
1147 2480 1206 2500 nee
1230 2471 1374 2502 satisfieri
1397 2482 1537 2511 aequum
1555 2483 1627 2503 een-

951 2512 1096 2542 suissent.
1121 2514 1227 2544 Cum.

995 2563 1011 2593 5
1037 2556 1163 2585 Aetolos
1191 2558 1273 2587 ultro
1295 2558 1354 2587 sibi
1379 2558 1493 2588 bellum
1521 2559 1626 2587 india*-

952 2598 1028 2635 z'sse]
1068 2598 1161 2628 Nihil
1178 2610 1258 2638 opus
1277 2610 1344 2629 esse
1361 2600 1485 2630 bellum
1504 2600 1628 2630 Aetolis

950 2641 990 2670 ab
1023 2640 1180 2671 Romanis
1214 2642 1352 2671 sollcnni
1383 2643 1628 2673 denuntiatione

952 2682 1062 2720 indici,
1078 2694 1178 2722 quum
1197 2684 1305 2714 Aetoli
1327 2685 1386 2723 ipsi
1407 2685 1465 2714 sibi
1485 2695 1540 2724 per
1557 2686 1626 2715 lios-

951 2725 1020 2755 tilia
1044 2725 1074 2755 in
1102 2727 1269 2757 Romanos
1285 2728 1369 2757 facta
1385 2728 1507 2758 bellum
1524 2728 1626 2758 indix-

952 2768 1043 2798 erint.
1069 2768 1175 2799 Cniav.

993 2809 1013 2841 6
1029 2812 1054 2839 Α
1062 2813 1168 2850 essypti
1184 2813 1273 2851 reye]
1295 2812 1418 2842 Vocem
1436 2824 1520 2851 ναμε,
1531 2823 1627 2851 quum

953 2853 1250 2891 Drakenboreliius,
1270 2855 1467 2885 Crevieriuni
1489 2859 1629 2892 secutus,

952 2896 1127 2933 deleverat,
1146 2897 1283 2928 Bckker.
1301 2908 1428 2937 quoqne
1444 2897 1613 2928 revocavit.
