1960 3218
550 162 678 225 LI'B.
711 162 938 205 XXXIX:
970 161 1117 205 CAP.
1151 164 1218 204 26.
1501 162 1583 201 401

182 254 387 297 ‘triadem
437 270 606 297 cursum
657 254 901 310 dirigerent,
948 254 1280 310 negotiationem
1330 251 1582 293 maritimam

182 319 380 355 ‘omnem
409 328 459 354 eo
488 312 694 354 avertisse.
758 312 849 353 Iam
878 327 931 353 ne
961 327 985 352 a
1012 312 1160 367 legatis
1181 310 1368 367 quidem,
1392 310 1464 366 qui
1490 309 1580 350 iure

183 372 401 428 ‘gentium
432 370 563 411 sancti
596 369 691 419 sint,
714 369 921 411 violandis
953 369 1187 410 abstinere:
1222 367 1393 408 insidias
1426 367 1580 424 positas

182 434 193 453 ‘
210 429 406 470 euntibus
428 428 481 469 ad
498 427 548 468 T.
569 426 832 476 Quinctium.
880 426 1031 483 Itaque
1049 442 1149 482 ergo
1171 426 1215 466 in
1234 435 1397 466 tantum
1419 434 1581 466 metum

183 492 194 510 ‘
210 501 355 528 omnes
377 484 600 526 Thessalos
622 485 847 534 coniectos,
871 494 917 525 ut
942 500 1029 525 non
1049 484 1094 524 in
1115 484 1352 525 civitatibus
1374 483 1470 532 suis,
1494 498 1579 523 non

182 545 253 585 ‘in
275 543 568 585 communibus
593 542 730 598 gentis
756 542 956 591 conciliis,
981 542 1203 598 quisquam
1228 541 1390 582 hiscere
1413 540 1577 581 audeat.

182 601 364 642 ‘Procul
396 601 510 642 enim
543 601 685 642 abesse
718 600 920 641 libertatis
953 609 1143 641 auctores
1179 599 1420 639 Romanos:
1460 597 1580 638 lateri

182 659 433 700 ‘adhaerere
466 673 637 715 gravem
671 657 905 707 dominum,
939 657 1235 714 prohibentem
1268 657 1330 697 uti
1362 656 1580 697 beneficiis

181 716 352 773 ‘populi
388 716 584 757 Romani.
651 715 769 764 Quid
802 725 956 765 autem,
984 715 1017 756 si
1043 731 1125 756 vox
1154 715 1285 756 libera
1317 729 1403 755 non
1437 713 1501 763 sit,
1531 713 1580 753 li-

183 780 195 799 ‘
211 775 359 816 berum
380 774 502 815 esse?
563 773 693 814 Nunc
715 789 757 814 se
779 773 935 814 fiducia
956 782 998 814 et
1025 772 1233 828 praesidio
1253 772 1485 828 legatorum
1516 771 1581 811 in-

182 832 438 888 ‘gemiscere
476 832 618 888 magis,
652 847 779 887 quam
815 831 942 887 loqui.
1007 830 1103 871 Nisi
1138 830 1387 887 provideant
1420 828 1581 885 aliquid

183 896 195 915 ‘
212 890 412 939 Romani,
436 905 520 945 quo
543 899 583 930 et
605 888 779 930 Graecis
803 888 1102 930 Macedoniam
1125 888 1408 929 accolentibus
1430 896 1580 935 metus,

184 953 196 972 ⁶
211 956 254 989 et
270 947 445 989 audacia
461 947 650 1003 Philippi
667 947 892 996 minuatur,
912 947 1194 1002 nequicquam
1213 955 1256 987 et
1272 945 1391 986 illum
1407 945 1579 994 victum,

183 1011 254 1047 ‘et
283 1021 326 1047 se
354 1005 550 1046 liberatos
578 1020 678 1046 esse.
743 1004 805 1045 Ut
833 1019 990 1060 equum
1020 1012 1225 1053 tenacem,
1248 1019 1334 1044 non
1362 1011 1583 1059 parentem

182 1069 196 1088 ‘
210 1063 338 1104 frenis
359 1063 638 1119 asperioribus
666 1062 956 1117 castigandum
979 1062 1094 1103 esse.’
1155 1061 1275 1102 Haec
1297 1061 1445 1102 acerbe
1467 1068 1583 1116 post-

182 1121 313 1163 remi:
359 1136 490 1176 quum
521 1120 680 1177 priores
711 1119 863 1161 leniter
893 1120 1210 1176 permulsissent
1240 1119 1345 1159 iram
1376 1118 1478 1168 eius,
1507 1133 1583 1174 pe-

182 1188 332 1226 tentes,
373 1178 464 1219 ‘Ut
500 1178 736 1234 ignosceret
771 1193 846 1234 pro
882 1177 1072 1218 libertate
1110 1177 1407 1233 loquentibus3
1446 1185 1488 1217 et
1521 1184 1580 1225 ut,

185 1236 404 1293 ‘deposita
454 1236 616 1277 domini
662 1236 902 1285 acerbitate,
945 1243 1200 1276 assuesceret
1245 1235 1405 1275 socium
1455 1242 1581 1289 atque

185 1300 197 1319 ‘
213 1295 394 1336 amicum
416 1309 504 1335 sese
526 1302 759 1350 praestare3
783 1302 825 1334 et
846 1293 1082 1334 imitaretur
1101 1292 1306 1349 populum
1326 1292 1582 1340 Romanum,

185 1352 288 1409 ‘qui
320 1352 506 1401 caritate,
542 1366 670 1407 quam
703 1359 832 1400 metu,
867 1350 1096 1407 adiungere
1133 1351 1212 1391 sibi
1247 1350 1380 1391 socios
1416 1349 1585 1390 mallet?

184 1409 397 1452 Thessalis
418 1409 585 1459 auditis,
609 1409 840 1450 Perrhaebi
864 1408 1265 1465 Gonnocondylum,
1284 1407 1400 1463 quod
1422 1406 1586 1463 Philip-

183 1483 263 1525 pus
298 1467 599 1525 Olympiadem
635 1466 929 1523 appellaverat,
968 1466 1247 1507 Perrhaebiae
1284 1466 1423 1514 fuisse,
1461 1473 1504 1505 et
1538 1473 1586 1505 ut

185 1526 264 1567 sibi
303 1526 606 1575 restitueretur,
648 1525 840 1581 agebant.
905 1524 961 1565 Et
1002 1524 1054 1565 de
1093 1523 1278 1565 Malloea
1318 1533 1360 1565 et
1398 1522 1586 1564 Ericinio

186 1583 335 1624 eadem
355 1582 582 1639 postulatio
604 1591 703 1624 erat.
767 1582 1031 1623 Athamanes
1059 1582 1294 1623 libertatem
1323 1581 1584 1638 repetebant,

187 1649 230 1682 et
256 1640 425 1682 castella
446 1640 717 1682 Athenaeum
749 1649 791 1681 et
816 1640 1065 1681 Poetneum.
1128 1639 1364 1695 Philippus,
1388 1647 1435 1679 ut
1463 1654 1586 1679 accu-

1600 257 1644 289 U.
1660 257 1699 289 O.
1722 257 1794 297 567.

1596 301 1636 332 A.
1661 301 1699 332 C.
1724 301 1794 340 185.

1663 1645 1731 1684 26.

186 1699 332 1740 satoris
352 1698 505 1755 potius,
529 1714 653 1754 quam
677 1698 750 1748 rei,
773 1698 956 1754 speciem
978 1698 1162 1747 haberet,
1186 1706 1229 1738 et
1249 1698 1337 1753 ipse
1359 1713 1383 1738 a
1404 1695 1586 1753 querelis
1599 1701 1792 1750 Respondet

187 1771 316 1806 orsus,
361 1762 373 1780 ⁶
390 1755 678 1797 Menelaidem
714 1756 757 1796 in
794 1755 990 1812 Dolopia,
1028 1771 1136 1812 quae
1173 1756 1292 1811 regni
1327 1755 1392 1796 sui
1426 1754 1586 1804 fuisset,
1601 1745 1786 1784 thPP'ffl·

189 1819 201 1838 ‘
218 1813 441 1855 Thessalos
460 1814 502 1855 vi
523 1823 650 1870 atque
676 1814 800 1855 armis
825 1814 1116 1870 expugnasse,’
1140 1823 1312 1869 questus
1334 1822 1421 1854 est:
1458 1812 1588 1853 ‘item

190 1877 202 1896 ‘
217 1871 386 1913 Petram
415 1872 460 1912 in
481 1872 620 1913 Pieria
646 1872 698 1913 ab
723 1871 872 1913 iisdem
895 1871 1107 1912 Thessalis
1128 1871 1462 1926 Perrhaebisque
1491 1886 1590 1926 cap-

191 1935 203 1954 ‘
219 1938 316 1971 tam.
360 1929 525 1986 Xynias
540 1930 726 1986 quidem,
741 1929 855 1971 haud
870 1929 996 1971 dubie
1017 1929 1260 1971 Aetolicum
1277 1929 1494 1985 oppidum,
1510 1928 1589 1970 sibi

191 1992 289 2029 ‘eos
321 1986 623 2037 contribuisse3
662 1996 705 2029 et
737 1987 1052 2037 Paracheloida,
1082 2002 1190 2043 quae
1224 1987 1300 2028 sub
1330 1986 1590 2028 Athamania

192 2050 203 2069 ‘
219 2054 339 2095 esset,
362 2045 478 2086 nullo
495 2046 585 2086 iure
604 2045 904 2092 Thessalorum
919 2045 1121 2086 formulae
1138 2045 1303 2086 factam.
1350 2043 1462 2085 Nam
1482 2059 1590 2099 quae

192 2108 204 2127 ‘
219 2103 298 2144 sibi
314 2103 490 2145 crimina
506 2103 770 2152 obiiciantur,
789 2103 842 2144 de
864 2102 1026 2143 insidiis
1047 2102 1294 2159 legatorum,
1313 2110 1355 2143 et
1372 2101 1592 2142 maritimis

193 2162 424 2217 ‘portubus
451 2161 726 2217 frequentatis
757 2170 830 2202 aut
860 2160 1034 2201 desertis
1051 2176 1061 2210 3
1100 2159 1278 2202 alterum
1310 2159 1592 2201 deridiculum

193 2224 205 2242 ‘
222 2233 324 2268 esse,
343 2233 385 2259 se
403 2218 579 2259 reddere
597 2218 816 2268 rationem,
835 2234 939 2274 quos
956 2226 1101 2274 portus
1123 2225 1374 2259 mercatores
1395 2225 1466 2259 aut
1488 2233 1593 2259 nau-

194 2281 205 2300 ‘
222 2276 293 2317 tici
316 2284 462 2332 petant
475 2291 485 2324 3
509 2275 687 2317 alterum
705 2291 840 2317 mores
856 2291 951 2317 suos
973 2291 1180 2332 respuere.
1235 2275 1320 2317 Tot
1336 2290 1467 2316 annos
1489 2290 1591 2324 esse,

194 2339 206 2357 ‘
222 2349 298 2390 per
319 2349 423 2389 quos
445 2348 663 2389 nunquam
685 2333 939 2374 cessaverint
955 2333 1093 2389 legati,
1111 2348 1225 2375 nunc
1247 2333 1301 2374 ad
1323 2333 1594 2388 imperatores

194 2396 207 2415 ‘
223 2391 452 2441 Romanos,
471 2406 585 2432 nunc
605 2391 786 2432 Romam
804 2390 857 2431 ad
878 2399 1068 2432 senatum
1092 2391 1268 2432 crimina
1284 2390 1337 2431 de
1355 2405 1397 2431 se
1416 2390 1591 2431 deferre.

195 2453 208 2473 ‘
227 2448 368 2497 Quem
386 2464 573 2505 unquam
589 2449 717 2490 verbo
734 2448 934 2490 violatum
952 2449 1072 2489 esse?
1111 2447 1250 2489 Semel
1267 2447 1319 2489 ad
1340 2447 1594 2496 Quinctium

197 2511 208 2529 ‘
225 2507 421 2548 euntibus
453 2506 624 2547 insidias
649 2506 730 2547 dici
760 2507 915 2547 factas:
955 2506 1041 2555 sed,
1065 2506 1170 2561 quid
1197 2506 1248 2546 iis
1273 2506 1485 2555 acciderit,
1508 2521 1595 2546 non

197 2568 209 2587 ‘
225 2563 362 2605 adiici.
419 2563 741 2614 Quaerentium,
758 2564 874 2620 quod
890 2563 991 2605 falso
1009 2563 1220 2614 obiiciant,
1237 2579 1369 2619 quum
1385 2564 1472 2605 veri
1490 2563 1597 2604 nihil

240 2667 259 2697 8
282 2667 414 2706 Equum
437 2668 596 2705 tenacem]
624 2668 809 2698 Sternat-em
835 2667 876 2697 le-
923 2666 967 2697 iii.
985 2677 1014 2704 4.
1036 2676 1082 2706 13.
1107 2666 1161 2697 ubi
1180 2667 1388 2697 Burmannus
1406 2666 1598 2697 illustrando

196 2710 337 2749 gendum
356 2708 485 2738 coniicit
497 2709 682 2747 Douiatius,
698 2709 788 2740 cuius
805 2720 878 2740 con·
925 2709 1042 2741 Ovidio
1068 2709 1154 2740 hunc
1178 2709 1263 2740 Livii
1287 2710 1395 2739 locum
1417 2709 1599 2739 advocavit.

197 2753 354 2782 iecturam
382 2752 496 2790 probat
524 2751 706 2783 Grex-ieritis
733 2756 765 2782 et
790 2752 878 2783 illus-
926 2753 1042 2783 Dima.

198 2799 262 2825 trat
285 2795 356 2824 loco
381 2794 469 2833 Virg.
490 2795 571 2824 Acn.
594 2793 650 2825 xii.
673 2793 744 2833 364.
790 2795 877 2825 Addi
964 2804 983 2835 9
1011 2796 1234 2826 leexsalorum
1260 2795 1428 2833 formulae
1453 2795 1598 2832 saclam]

199 2841 307 2877 potest
335 2836 392 2867 Sil.
420 2836 494 2867 Ital.
521 2837 540 2867 i.
569 2835 642 2873 261,
667 2840 699 2867 et
726 2847 808 2876 quae
835 2837 880 2868 ibi
925 2837 1090 2868 Thessalis
1135 2837 1362 2867 contributam.
1424 2837 1476 2867 Sic
1515 2847 1602 2875 supr.

200 2879 321 2910 notavi.
382 2879 506 2909 Verum
540 2879 706 2917 vulgatum
738 2884 882 2911 tenacem
925 2879 1059 2911 xxxviii.
1072 2890 1101 2921 9.
1124 2882 1240 2912 Urbem
1264 2890 1304 2910 ne
1324 2890 1420 2919 quam
1437 2880 1604 2918 formulae

201 2922 338 2962 probum
364 2932 433 2952 csse
458 2922 554 2952 docet
579 2922 670 2952 loeus
692 2921 788 2957 ovid.
807 2923 880 2954 Am.
925 2924 977 2954 sui
994 2924 1077 2954 iuris
1085 2923 1248 2961 facerent.

258 2976 357 3004 vot..
382 2977 442 3004 111.
1297 2978 1326 3003 Ι)
1349 2963 1376 3004 d
