1960 3218
408 156 491 193 434
911 150 1059 194 TITI
1100 152 1277 194 LIVII

209 255 253 287 U.
270 255 308 301 C.
330 256 580 294 570.neeesse
605 251 723 292 esset,
745 243 960 285 facturum.
1024 243 1176 301 Neque
1202 245 1422 286 obscurum
1453 252 1541 285 erat
1570 243 1790 286 rebellatu-

209 300 248 329 A.
272 299 309 329 G.
335 299 521 350 ¹8²·rum,
543 300 779 356 omniaque,
802 316 908 357 quae
941 310 1040 343 tunc
1072 311 1212 359 ageret
1239 302 1494 358 diceretque,
1516 317 1566 343 eo
1590 311 1787 359 spectare.

285 1112 324 1150 4.

416 358 506 399 Iam
526 358 707 414 primum
728 373 895 400 omnem
919 359 1003 401 fere
1035 359 1346 402 multitudinem
1370 360 1524 401 civium
1554 375 1607 401 ex
1634 360 1791 402 mariti-

415 416 494 457 mis
514 416 747 457 civitatibus
771 432 867 458 cum
896 416 1061 459 familiis
1091 419 1174 459 suis
1201 418 1245 458 in
1277 417 1526 467 Emathiam,
1550 432 1656 474 quae
1677 432 1790 459 nunc

416 473 581 523 dicitur,
603 474 814 530 quondam
844 475 1050 531 appellata
1069 475 1252 517 Paeonia
1272 484 1346 525 est,
1369 475 1577 517 traduxit:
1617 474 1792 516 Thraci-

416 532 575 588 busque
607 540 649 573 et
677 532 766 573 aliis
795 533 976 574 barbaris
1006 534 1128 575 urbes
1158 533 1329 574 tradidit
1359 533 1616 584 habitandas,
1645 532 1793 575 fidiora

417 589 519 630 haec
539 605 693 645 genera
712 590 930 631 hominum
950 591 1035 632 fore
1057 600 1168 632 ratus
1189 591 1231 631 in
1255 590 1447 632 Romano
1468 591 1588 632 bello.
1636 590 1792 647 Ingen-

418 656 502 688 tem
523 663 571 688 ea
591 663 656 688 res
676 647 887 688 fremitum
903 656 989 689 tota
1003 648 1255 689 Macedonia
1273 648 1371 689 fecit
1383 663 1394 697 3
1423 649 1791 705 relinquentesque
1814 674 1821 679 κ

383 751 387 755 ζ
416 714 589 761 penates
616 720 709 746 suos
731 720 826 745 cum
847 706 1092 761 coniugibus
1114 721 1159 747 ac
1180 705 1320 746 liberis
1340 706 1461 761 pauci
1482 707 1654 747 tacitum
1674 705 1792 747 dolo-

417 778 504 803 rem
530 763 823 811 eontinebant3
861 764 1245 819 exsecrationesque
1280 762 1324 802 in
1360 763 1593 818 agminibus
1627 764 1792 820 profici-

416 820 621 861 scentium
651 820 695 860 in
725 835 880 876 regem,
901 820 1094 862 vincente
1126 820 1222 862 odio
1253 828 1426 869 metum,
1447 820 1790 863 exaudiebantur.

419 876 499 918 His
519 878 636 919 ferox
661 878 823 918 animus
844 894 987 920 omnes
1017 878 1219 928 homines,
1242 878 1381 919 omnia
1409 877 1500 919 loca
1523 887 1792 934 temporaque

418 944 607 991 suspecta
627 935 815 977 habebat.
878 936 1094 977 Postremo
1119 951 1270 992 negare
1292 935 1503 992 propalam
1525 934 1675 991 coepit,
1697 936 1794 977 satis

417 1000 555 1034 tutum
585 993 662 1034 sibi
689 994 914 1049 quicquam
945 1009 1045 1044 esse,
1068 994 1147 1035 nisi
1176 994 1325 1035 liberos
1355 1008 1511 1043 eorum,
1534 1009 1637 1049 quos
1664 993 1794 1034 inter-

416 1049 590 1100 fecisset,
606 1050 925 1107 eomprehensos
941 1052 985 1092 in
1001 1052 1188 1093 custodia
1207 1052 1390 1101 haberet,
1405 1060 1447 1092 et
1463 1060 1649 1107 tempore
1665 1050 1792 1092 alium

417 1107 497 1149 alio
517 1108 691 1150 tolleret.
755 1108 861 1149 Eam
881 1109 1181 1159 crudelitatem,
1202 1109 1365 1150 foedam
1393 1124 1469 1165 per
1488 1124 1544 1159 se,
1565 1108 1793 1150 foediorem

209 1167 404 1199 Theoxenae
417 1165 540 1207 unius
560 1165 708 1207 domus
732 1166 869 1208 clades
892 1167 1001 1208 fecit.
1063 1166 1336 1217 Herodicum,
1358 1166 1592 1223 principem
1614 1166 1793 1207 Thessa-

208 1209 338 1242 facinus.

413 1223 560 1273 lorum,
591 1224 733 1265 multis
764 1233 860 1266 ante
891 1225 1009 1266 annis
1039 1225 1268 1266 occiderat:
1303 1239 1478 1281 generos
1504 1238 1672 1280 quoque
1703 1223 1793 1265 eius

412 1289 557 1338 postea
575 1281 793 1323 interfecit.
853 1281 904 1323 In
925 1282 1125 1324 viduitate
1146 1282 1314 1324 relictae
1336 1282 1457 1332 filiae,
1480 1281 1665 1337 singulos
1685 1281 1792 1323 filios

412 1353 560 1395 parvos
586 1338 797 1380 habentes.
860 1339 1092 1381 Theoxena
1111 1348 1154 1381 et
1175 1339 1318 1380 Archo
1348 1340 1520 1390 nomina
1549 1338 1791 1380 mulieribus

412 1405 542 1438 erant.
597 1396 839 1446 Theoxena,
862 1397 1002 1438 multis
1021 1398 1272 1453 petentibuS,
1290 1405 1508 1453 aspernata
1528 1396 1695 1452 nuptias
1715 1404 1787 1438 est.

413 1453 557 1496 Archo
571 1454 714 1495 Poridi
730 1454 908 1504 cuidam,
923 1454 1045 1511 longe
1061 1455 1241 1511 principi
1262 1455 1398 1510 gentis
1413 1454 1664 1503 Aenaetum,
1681 1468 1790 1510 nup-

412 1512 487 1560 sit3
522 1520 576 1562 et,
599 1511 711 1568 apud
730 1527 827 1553 eum
856 1511 994 1567 plures
1014 1512 1129 1553 enisa
1148 1520 1301 1568 partus,
1322 1512 1457 1568 parvis
1477 1511 1705 1552 admodum
1724 1526 1789 1552 re-

411 1569 520 1610 lictis
555 1570 758 1619 omnibus,
791 1569 978 1610 decessit.
1042 1569 1285 1619 Theoxena,
1320 1579 1367 1610 ut
1401 1569 1445 1610 in
1480 1568 1564 1610 suis
1598 1568 1790 1609 manibus

412 1626 532 1668 liberi
559 1627 706 1668 sororis
736 1626 1023 1677 educarentur,
1046 1627 1189 1668 Poridi
1210 1627 1372 1683 nupsit:
1407 1635 1460 1676 et,
1483 1635 1682 1682 tanquam
1703 1640 1791 1667 om—

413 1699 487 1725 nes
508 1685 596 1741 ipsa
615 1684 731 1725 enisa
750 1684 868 1733 foret,
891 1699 1013 1725 suum
1033 1685 1264 1740 sororisque
1289 1684 1394 1725 filios
1425 1684 1469 1724 in
1499 1684 1644 1725 eadem
1664 1682 1791 1725 habe-

412 1742 484 1783 bat
517 1757 625 1783 cura.
687 1741 914 1797 Postquam
949 1742 1056 1798 regis
1091 1742 1274 1783 edictum
1305 1741 1357 1782 de
1389 1740 1791 1797 comprehendendis

412 1798 552 1840 liberis
576 1814 732 1848 eorum,
755 1799 827 1854 qui
858 1799 1066 1840 interfecti
1091 1808 1240 1849 essent,
1264 1799 1446 1854 accepit;
1478 1798 1658 1839 ludibrio
1677 1797 1791 1838 futu-

413 1872 491 1906 ros,
513 1872 600 1898 non
629 1856 736 1912 regis
766 1856 903 1905 modo,
925 1856 999 1898 sed
1024 1857 1242 1898 custodum
1263 1856 1388 1897 etiam
1418 1855 1594 1904 libidini,
1617 1862 1716 1905 rata,
1737 1854 1791 1896 ad

412 1929 501 1955 rem
531 1922 713 1956 atrocem
743 1914 929 1955 animum
960 1913 1135 1963 adiecit3
1168 1928 1348 1970 ausaque
1379 1922 1440 1954 est
1470 1913 1621 1962 dicere,
1643 1927 1686 1954 se
1717 1927 1792 1953 sua

414 1987 541 2013 manu
579 1972 717 2028 potius
752 1986 895 2012 omnes
934 1971 1256 2021 interfecturam,
1292 1986 1417 2027 quam
1458 1971 1502 2011 in
1541 1978 1790 2026 potestatem

413 2029 600 2086 Philippi
620 2029 820 2070 venirent.
881 2028 1013 2079 Poris,
1035 2029 1295 2070 abominatus
1320 2028 1577 2070 mentionem
1598 2036 1683 2069 tam
1702 2027 1790 2069 foe-

413 2087 456 2128 di
487 2087 691 2136 facinoris,
724 2086 913 2128 Athenas
943 2086 1258 2143 deportaturum
1289 2101 1358 2127 eos
1388 2086 1442 2127 ad
1471 2085 1577 2126 fidos
1606 2085 1790 2141 hospites

414 2144 534 2195 dixit,
556 2144 835 2199 comitemque
856 2143 992 2200 ipsum
1012 2144 1133 2201 fugae
1154 2144 1341 2185 futurum
1361 2158 1460 2184 esse.
1513 2143 1790 2184 Proficiscun-

413 2210 482 2243 tur
508 2203 559 2243 ab
581 2201 877 2243 Thessalonica
905 2201 1096 2243 Aeneam
1127 2201 1177 2243 ad
1211 2209 1365 2243 statum
1395 2200 1653 2250 sacrificium,
1675 2199 1790 2256 quod

414 2259 619 2301 conditori
635 2258 807 2301 Aeneae
827 2273 922 2300 cum
944 2274 1094 2315 magna
1112 2259 1363 2300 caerimonia
1378 2258 1601 2315 quotannis
1620 2258 1786 2298 faciunt.

414 2317 479 2358 Ibi
499 2317 567 2358 die
588 2332 662 2373 per
682 2316 888 2358 sollennes
906 2316 1048 2372 epulas
1064 2324 1324 2373 consumpto,
1339 2331 1485 2357 navem
1506 2322 1789 2371 praeparatam

414 2390 438 2415 a
467 2374 634 2424 Poride,
671 2373 814 2430 sopitis
849 2374 1054 2424 omnibus,
1086 2374 1138 2415 de
1170 2374 1292 2415 tertia
1320 2373 1460 2429 vigilia
1489 2371 1786 2420 conscendunt,

414 2440 612 2487 tanquam
642 2431 816 2472 redituri
844 2431 888 2471 in
914 2431 1274 2472 Thessalonicam:
1307 2431 1381 2471 sed
1410 2429 1595 2470 traiicere
1626 2428 1670 2469 in
1701 2428 1820 2469 Eri-8

414 2489 560 2529 boeam
577 2497 664 2529 erat
683 2488 952 2544 propositum.
1004 2488 1206 2530 Ceterum
1227 2488 1270 2527 in
1291 2487 1507 2527 adversum
1523 2494 1694 2527 ventum
1715 2501 1789 2527 ne·-

415 2546 637 2601 quiequam
670 2561 740 2586 eos
776 2545 994 2586 tendentes
1030 2560 1156 2601 prope
1193 2553 1342 2585 terram
1377 2543 1450 2584 lux
1481 2544 1703 2599 oppressit:
1746 2552 1788 2585 et

414 2603 530 2659 regii,
553 2603 625 2658 qui
646 2613 862 2657 praeerant
887 2602 1096 2643 custodiae
1125 2611 1279 2657 portus,
1302 2601 1484 2642 lembum
1511 2610 1713 2642 armatum
1734 2600 1788 2642 ad

414 2659 734 2716 pertrahendam
765 2674 854 2700 eam
886 2659 1024 2700 navim
1055 2659 1269 2708 miserunt,
1292 2674 1386 2700 cum
1416 2659 1529 2714 gravi
1557 2658 1707 2708 edicto,
1733 2673 1785 2699 ne

456 2827 475 2857 8
507 2829 549 2857 In
594 2828 860 2865 Thessalonicam]
917 2826 1078 2866 Praeposi-
1123 2830 1155 2856 ct
1199 2836 1308 2856 omnes
1352 2825 1476 2856 codices
1520 2823 1785 2864 praepositionem

413 2869 531 2900 tionem
550 2870 717 2900 delendam
739 2870 851 2899 suadet
867 2869 1007 2899 Gronov.
1025 2870 1078 2899 sed
1122 2872 1306 2907 agnoscant,
1322 2878 1392 2898 cam
1416 2868 1601 2899 servandam
1624 2876 1692 2897 csse
1714 2876 1784 2896 cen-

414 2922 512 2951 quum
533 2914 572 2942 ab
594 2913 814 2944 Tlaessalom'ca
833 2922 928 2952 supra
946 2912 1078 2951 legatur,
1123 2915 1169 2942 set
1187 2911 1430 2943 Drakenborch.
