1960 3218
549 136 676 177 LIB.
712 134 904 177 XXXV.
951 133 1097 176 CAP.
1137 138 1199 175 12.
1404 184 1407 185 ⁷
1486 136 1562 175 191

173 228 435 271 Antiochum
475 237 539 269 est
573 227 732 268 missus.
795 226 997 283 Tyra-nno
1034 223 1372 266 Lacedaemonio
1409 223 1569 266 Damo-
1583 233 1683 265 U.C.
1705 241 1777 274 559·

141 287 312 337 scritus,
357 292 369 310 ‘
389 285 596 341 ademptis
628 284 846 325 maritimis
879 284 1115 325 civitatibus
1149 291 1388 323 enervatam
1424 292 1569 339 tyran-
1583 278 1622 308 A.
1646 277 1684 308 C.
1710 285 1778 317 Ι93·

174 345 371 394 ‘nidem,’
407 344 572 384 dicere:
623 342 749 383 ‘inde
791 341 982 391 militem,
1019 341 1118 382 inde
1155 355 1282 381 naves
1317 340 1568 396 navalesque

175 403 334 444 ‘socios
375 401 596 442 habuisse:
649 400 860 441 inclusum
900 399 985 440 suis
1026 414 1157 455 prope
1204 397 1332 438 muris
1374 397 1570 439 Achaeos

175 461 344 501 ‘videre
365 459 631 500 dominantes
658 458 703 498 in
725 457 1045 512 Peloponneso:
1079 471 1299 512 nunquam
1327 455 1571 496 habiturum

175 524 187 543 ‘
202 516 479 574 recuperandi
501 531 575 557 sua
596 515 871 565 occasionem,
890 515 922 556 si
945 530 1050 564 eam,
1070 529 1178 570 quae
1201 523 1291 554 tum
1313 523 1433 562 esset,
1451 528 1571 569 prae-

175 575 458 617 ‘termisisset.
534 573 714 615 Nullum
755 573 987 614 exercitum
1026 572 1268 613 Romanum
1309 571 1354 612 in
1393 570 1572 612 Graecia

143 641 163 674 6
176 639 187 657 ‘
203 648 291 674 esse
309 649 318 674 :
352 647 431 674 nec
452 641 624 688 propter
647 631 869 688 Gythium,
893 641 965 671 aut
993 630 1222 670 maritimos
1243 629 1344 670 alios
1366 629 1570 678 Laconas,

176 691 376 747 ‘dignam
407 705 573 731 causam
605 689 913 730 existimaturos
945 688 1174 737 Romanos,
1207 702 1281 728 cur
1310 686 1497 743 legiones
1527 687 1572 727 in

176 755 189 774 ‘
207 748 429 790 Graeciam
474 762 615 788 rursus
662 746 972 788 transmittant.’
1045 745 1164 786 Haec
1211 745 1264 785 ad
1309 744 1573 786 incitandum

175 807 363 848 animum
397 805 565 862 tyranni
598 805 859 854 dicebantur,
888 814 947 854 ut,
978 819 1109 860 quum
1143 803 1188 844 in
1224 802 1446 844 Graeciam
1480 803 1573 843 An-

176 864 340 906 tiochus
357 863 598 912 traiecisset,
617 863 874 904 conscientia
888 861 1065 903 violatae
1083 876 1159 918 per
1175 861 1384 902 sociorum
1401 861 1573 901 iniurias

177 923 395 964 Romanae
437 921 657 969 amicitiae,
699 921 975 976 coniungeret
1011 935 1053 960 se
1090 934 1187 960 cum
1225 918 1452 960 Antiocho.
1517 918 1575 959 Et

176 980 424 1036 Philippum
466 978 684 1020 Nicander
732 978 848 1019 haud
888 977 1079 1018 dissimili
1125 977 1312 1018 oratione
1358 977 1571 1017 incitabat.

178 1038 281 1080 Erat
311 1038 437 1079 etiam
469 1037 600 1079 maior
630 1036 810 1078 orationi
840 1036 1027 1085 materia,
1051 1051 1135 1091 quo
1161 1050 1215 1076 ex
1243 1034 1388 1076 altiore
1410 1034 1575 1090 fastigio

176 1111 264 1145 rex,
283 1111 409 1152 quam
428 1104 642 1151 tyrannus,
661 1094 873 1135 detractus
890 1103 989 1143 erat,
1009 1108 1179 1149 quoque
1196 1092 1336 1149 plures
1353 1092 1574 1148 ademptae

176 1169 252 1195 res.
315 1153 388 1194 Ad
424 1153 503 1193 hoc
534 1161 698 1193 vetusta
732 1167 879 1208 regum
914 1151 1192 1192 Macedoniae
1229 1150 1351 1200 fama,
1384 1165 1576 1206 peragra-

177 1221 328 1268 tusque
369 1211 479 1252 orbis
519 1219 723 1251 terrarum
765 1210 948 1251 victoriis
987 1209 1078 1250 eius
1122 1208 1260 1265 gentis
1304 1208 1573 1249 referebatur.

179 1269 264 1310 ‘Et
301 1277 440 1309 tutum
472 1267 538 1309 vel
570 1268 752 1324 incepto,
787 1267 853 1308 vel
887 1276 1042 1308 eventu
1078 1281 1120 1307 se
1157 1266 1379 1307 consilium
1415 1266 1574 1307 afferre.

180 1333 191 1351 ‘
208 1326 322 1368 Nam
352 1341 506 1382 neque,
534 1335 579 1366 ut
611 1334 707 1366 ante
738 1341 781 1366 se
814 1333 979 1366 moveat
1007 1323 1245 1380 Philippus,
1273 1339 1399 1379 quam
1423 1323 1577 1365 Antio-

180 1384 310 1426 ‘chus
342 1399 439 1425 cum
473 1384 661 1425 exercitu
695 1383 905 1424 transierit
938 1383 980 1423 in
1014 1382 1250 1431 Graeciam,
1280 1381 1481 1430 suadere3
1521 1390 1576 1431 et,

179 1448 192 1467 ‘
208 1443 282 1499 qui
303 1442 392 1483 sine
416 1441 633 1482 Antiocho
655 1441 851 1482 adversus
874 1440 1090 1481 Romanos
1114 1439 1373 1495 Aetolosque
1397 1448 1482 1480 tam
1503 1439 1576 1480 diu

181 1499 452 1541 ‘sustinuerit
481 1499 654 1549 bellum,
687 1499 739 1548 ei,
769 1499 969 1540 adiuncto
994 1498 1221 1547 Antiocho,
1253 1498 1375 1539 sociis
1397 1497 1576 1547 Aetolis,

181 1564 193 1583 ‘
209 1558 284 1614 qui
314 1566 405 1598 tum
437 1557 646 1613 graviores
678 1557 830 1605 hostes,
855 1572 982 1613 quam
1009 1556 1206 1604 Romani,
1233 1555 1402 1605 fuerint,
1426 1556 1579 1611 quibus

182 1622 194 1640 ‘
209 1615 381 1656 tandem
401 1615 558 1656 viribus
578 1615 768 1656 resistere
793 1614 1008 1655 Romanos
1029 1629 1147 1669 posse
1164 1614 1200 1654 ’θ’
1262 1613 1503 1654 Adliciebat
1525 1613 1577 1654 de

181 1673 289 1714 duce
313 1672 568 1721 Hannibale,
590 1682 690 1713 nato
719 1672 916 1713 adversus
940 1672 1155 1712 Romanos
1183 1671 1316 1721 hoste,
1340 1672 1413 1727 qui
1438 1671 1580 1727 plures

181 1740 224 1772 et
254 1731 383 1772 duces
413 1739 456 1771 et
486 1730 639 1771 milites
670 1746 816 1771 eorum
847 1729 1079 1777 occidisset,
1103 1744 1229 1784 qnam
1258 1739 1362 1785 quot
1390 1744 1580 1785 superes-

181 1798 285 1830 sent.
350 1787 470 1829 Haec
506 1788 706 1844 Philippo
741 1787 970 1829 Nicander.
1035 1787 1134 1827 Alia
1167 1786 1454 1828 Dicaearchus
1487 1787 1581 1827 An-

182 1846 350 1888 tiocho:
389 1858 432 1887 et
463 1846 652 1887 omnium
683 1846 880 1902 primum,
919 1845 1144 1901 ‘praedam
1175 1845 1228 1886 de
1260 1844 1460 1900 Philippo
1493 1844 1582 1885 Ro-

184 1909 196 1927 ‘
211 1919 431 1945 manorum
462 1904 570 1945 esse’
599 1903 751 1953 dicere,
787 1903 1030 1944 ‘victoriam
1054 1902 1318 1951 Aetolorum,
1346 1912 1389 1943 et
1420 1902 1581 1943 aditum

178 1967 196 2004 .‘
213 1962 256 2002 in
276 1960 498 2002 Graeciam
522 1961 725 2002 Romanis
747 1961 883 2002 nullos
905 1960 1019 2010 alios,
1039 1976 1165 2016 qnam
1184 1960 1371 2009 Aetolos,
1391 1959 1579 2008 dedisse3

185 2025 197 2043 ‘
212 2027 256 2060 et
272 2019 327 2060 ad
341 2019 598 2060 vincendum
614 2019 722 2060 vires
739 2018 908 2059 eosdem
925 2018 1164 2074 praebuisse
1179 2019 1209 2058 :⁷
1231 2017 1385 2058 deinde
1404 2027 1582 2073 quantas

184 2076 376 2133 peditum
399 2076 675 2132 equitumque
698 2077 838 2132 copias
860 2076 1089 2132 praebituri
1111 2075 1328 2117 Antiocho
1350 2075 1403 2116 ad
1424 2075 1582 2116 bellum

185 2143 345 2176 essent:
380 2149 487 2190 quae
510 2134 601 2175 loca
622 2135 885 2175 terrestribus
907 2134 1051 2189 copiis,
1071 2148 1175 2189 quos
1190 2143 1335 2189 portus
1352 2133 1580 2174 maritimis.

186 2191 299 2233 Tum
329 2191 381 2232 de
408 2191 606 2248 Philippo
634 2201 676 2232 et
699 2191 867 2233 Nabide
896 2191 1027 2232 libero
1055 2191 1277 2232 mendacio
1305 2191 1579 2232 abutebatur:

187 2255 199 2274 ‘
213 2258 404 2306 paratum
422 2258 648 2306 utrumque
666 2249 718 2290 ad
736 2248 1024 2290 rebellandum
1042 2263 1130 2290 esse
1145 2265 1153 2289 :
1183 2259 1225 2290 et
1240 2249 1418 2305 primam
1437 2263 1584 2304 quam—

187 2313 298 2363 ‘que
334 2307 595 2348 occasionem
631 2306 908 2363 recuperandi
945 2321 1006 2356 ea,
1046 2322 1152 2363 quae
1189 2306 1300 2347 bello
1336 2307 1582 2355 amisissent,

188 2365 477 2421 ‘arrepturos’
537 2364 603 2406 Ita
630 2380 704 2421 per
733 2374 868 2406 totum
898 2363 1020 2405 simul
1047 2365 1192 2405 orbem
1215 2373 1418 2405 terrarum
1442 2363 1585 2405 Aetoli

155 2205 171 2237 *¹

232 2535 249 2566 5
273 2529 440 2568 Ademptis
467 2530 636 2559 maritimis
662 2530 862 2567 civitatibus]
911 2527 1013 2558 detur.
1038 2528 1145 2559 (ἷκεν.

190 2569 229 2600 cf.
247 2570 340 2610 Supr.
359 2571 469 2602 xxxiv.
487 2580 537 2610 35.
954 2578 969 2608 7
987 2572 1101 2601 Libero
1114 2571 1275 2602 mendacio
1288 2571 1497 2610 abutebatur]
1511 2571 1587 2602 Sine

233 2611 253 2643 6
275 2615 345 2644 Nec
356 2619 490 2652 propter
503 2614 654 2652 Gythium
672 2637 679 2643 .
692 2637 698 2643 .
711 2638 718 2644 .
735 2614 866 2652 dissuant
910 2612 980 2642 ullo
1003 2613 1099 2643 niodo
1123 2614 1163 2644 ad
1188 2614 1363 2644 utilitatem
1381 2624 1495 2644 causac
1511 2625 1588 2644 suae

190 2665 321 2685 cansam
357 2657 609 2693 eaeistimaturos]
658 2656 754 2686 Tolle
792 2666 866 2686 cum
910 2656 1062 2685 utebatur
1084 2656 1232 2686 libertate
1255 2657 1432 2686 mentiendi
1454 2657 1494 2687 de
1514 2657 1587 2687 Phi-

191 2697 357 2728 Gronovio
379 2697 515 2729 otiosum
539 2702 571 2728 et
595 2699 758 2737 inelegans
775 2709 865 2729 voca·
912 2697 1002 2737 lippo
1023 2702 1055 2728 et
1072 2699 1202 2729 Nabide
1225 2699 1420 2730 absentibus.
1474 2700 1586 2735 Quum

190 2740 305 2770 bulum
332 2745 475 2779 propter.
526 2741 637 2771 Simile
666 2741 866 2772 additamen-
914 2739 1087 2780 Philippus
1099 2746 1130 2772 et
1145 2741 1249 2771 Nabis
1263 2743 1423 2778 abessent,
1435 2742 1587 2772 Dicaear-

191 2786 261 2813 tum
277 2782 368 2812 nobis
386 2783 426 2812 ab
443 2782 548 2813 aliena
567 2793 666 2813 manu
687 2783 865 2814 immissum
912 2782 991 2812 chus
1014 2783 1113 2814 libere
1129 2785 1169 2814 (lc
1186 2784 1222 2814 iis
1239 2784 1366 2814 mentiri
1384 2789 1509 2824 poterat
1524 2797 1530 2815 ι
1556 2789 1588 2815 ct

192 2835 261 2856 esse
279 2825 379 2855 visum
404 2829 451 2855 est
473 2835 558 2864 supr.
575 2825 664 2855 xxiv.
681 2826 710 2857 8.
728 2827 774 2857 Ob
791 2837 865 2857 ean·
911 2825 998 2863 quod
1022 2830 1159 2865 poterat,
1175 2826 1207 2857 id
1230 2827 1364 2857 licenter
1385 2827 1526 2863 omnino,
1543 2827 1588 2857 in-

193 2869 261 2899 dem
281 2878 412 2898 causam
429 2891 435 2898 .
453 2891 460 2898 .
475 2891 482 2898 .
496 2869 621 2906 ‚fuisse
643 2878 708 2899 non
730 2879 864 2907 nequi-e·
910 2867 1049 2898 serviens
1066 2879 1180 2900 causae
1195 2880 1283 2908 suae,
1299 2869 1450 2900 faciebat.
1473 2870 1579 2901 Cam.

193 2911 255 2940 rim
277 2910 334 2940 ubi
351 2910 466 2941 vocula
485 2911 520 2941 ob
542 2910 686 2941 tollenda
709 2911 800 2941 nohis
822 2912 864 2942 vi-
