1960 3218
506 155 633 198 LIB.
669 153 887 196 XXXVI.
935 153 1081 195 CAP.
1117 157 1184 194 22.
1461 154 1543 193 245

145 249 311 298 fretum,
334 247 451 304 quod
478 247 532 288 ad
553 247 751 288 Andrum
774 245 952 286 insulam
978 253 1054 295 est,
1076 250 1396 301 praetervectos,
1418 257 1543 283 exce-
1557 252 1602 284 U.
1619 252 1657 283 C.
1680 250 1752 291 561.

145 307 230 363 pit:
264 306 364 347 alias
385 305 540 354 mersit,
563 304 662 345 alias
683 304 796 360 cepit
823 318 961 344 naves.
1027 303 1149 351 Quae
1175 301 1390 342 novissimi
1411 300 1542 356 agmi-
1555 297 1594 327 A.
1619 296 1657 327 C·
1684 303 1753 335 ¹9¹·

145 365 211 405 nis
232 373 364 413 erant,
387 378 554 404 cursum
582 362 625 402 in
650 362 794 403 Asiam
825 369 1052 402 verterunt.
1116 359 1276 400 Atilius
1304 359 1541 407 Piraeeum,

146 421 261 463 unde
283 421 491 478 profectus
512 429 612 469 erat,
635 435 731 461 cum
761 419 927 475 agmine
956 418 1213 474 captivarum
1235 416 1403 456 navium
1426 430 1543 456 reve-

147 488 250 528 ctus,
274 494 467 535 magnam
489 478 573 518 vim
604 478 805 518 frumenti
826 486 869 518 et
900 474 1233 518 Atheniensibus
1254 483 1296 515 et
1324 473 1413 515 aliis
1435 473 1544 514 eius-

147 537 244 578 dem
266 536 447 592 regionis
468 536 589 576 sociis
610 535 761 576 divisit.

207 594 458 643 Antiochus,
482 594 558 634 sub
581 592 809 633 adventum
831 591 1013 633 consulis
1035 607 1058 632 a
1082 590 1287 632 Chalcide
1317 589 1542 646 profectus,
1620 589 1687 628 21.

149 652 318 693 Tenum
346 652 481 707 primo
507 651 666 692 tenuit:
700 650 800 691 inde
824 649 1040 706 Ephesum
1064 648 1301 690 transmisit.
1368 646 1545 688 Consuli
1559 645 1740 693 'Antio'ehus

151 709 402 751 Chalcidem
437 708 626 750 venienti
667 718 810 764 portae
852 717 1092 763 patuerunt,
1136 721 1282 762 quum,
1320 705 1546 761 appropin-
1558 689 1720 763 ffassesfflm

148 776 305 823 quante
337 782 400 816 eo,
436 766 696 815 Aristoteles,
729 765 963 822 praefectus
999 765 1121 821 regis,
1155 765 1256 805 urbe
1289 763 1543 804 excessisset.

150 825 207 865 Et
235 834 396 866 ceterae
425 825 548 865 urbes
576 824 620 864 in
650 823 825 865 Euboea
855 823 944 863 sine
977 822 1204 863 certamine
1237 821 1426 870 traditae,
1453 828 1549 876 post

147 897 387 939 paucosque
417 882 519 931 dies,
543 881 737 923 omnibus
762 881 1008 937 perpacatis,
1031 881 1120 921 sine
1142 879 1267 920 ullius
1295 894 1408 920 noxa
1435 878 1549 919 urbis

150 941 359 981 exercitus
388 939 697 995 Thermopylas
725 939 935 987 reductus,
968 937 1103 979 multo
1132 937 1337 978 modestia
1363 944 1458 992 post
1487 935 1549 976 vi-

150 998 337 1047 ctoriam,
360 1013 487 1053 quam
518 997 608 1053 ipsa
637 997 823 1045 victoria,
856 995 1115 1037 laudabilior.
1179 994 1285 1035 Inde
1316 993 1461 1035 consul
1484 992 1546 1034 M.
1563 1002 1646 1049 Cato
1663 1012 1744 1050 pun-

154 1055 376 1104 Catonem,
398 1070 474 1111 per
495 1070 635 1111 quem,
654 1070 761 1110 quae
783 1062 900 1110 gesta
921 1063 1072 1103 essent,
1094 1061 1262 1094 senatus
1283 1052 1549 1108 populusque
1563 1048 1626 1105 tius
1643 1048 1741 1075 v1cto-

121 1113 372 1155 2Romanus
400 1112 516 1153 haud
544 1112 673 1153 dubio
699 1121 867 1153 auctore
896 1111 1033 1161 sciret,
1058 1111 1238 1151 Romam
1268 1110 1390 1151 misit.
1456 1109 1497 1150 Is
1528 1098 1639 1150 ame.

155 1171 315 1212 Creusa
330 1170 679 1226 (Thespiensium
701 1170 936 1225 emporium
958 1177 1032 1218 est,
1056 1169 1098 1209 in
1121 1168 1270 1209 intimo
1288 1168 1378 1208 sinu
1399 1166 1552 1208 Corin-

152 1228 292 1269 thiaco
313 1228 561 1282 retractum)
578 1227 722 1268 Patras
745 1226 932 1268 Achaiae
954 1226 1082 1282 petit:
1118 1241 1142 1266 a
1162 1225 1300 1266 Patris
1323 1226 1553 1282 Corcyram

154 1301 287 1342 usque
309 1285 503 1327 Aetoliae
534 1294 661 1340 atque
689 1284 953 1326 Acarnaniae
975 1283 1097 1324 litora
1118 1283 1233 1338 legit,
1257 1291 1384 1338 atque
1414 1283 1472 1324 ita
1499 1282 1554 1323 ad

122 1359 140 1390 3
155 1343 434 1400 Hydruntum
463 1342 609 1383 Italiae
637 1342 809 1383 traiecit.
877 1341 1040 1390 Quinto
1061 1341 1129 1382 die
1160 1340 1259 1382 inde
1281 1340 1464 1397 pedestri
1486 1340 1554 1381 iti-

153 1417 254 1443 nere
270 1401 450 1442 Romam
469 1400 633 1456 ingenti
650 1415 774 1440 cursu
790 1399 993 1456 pervenit.
1057 1399 1174 1440 Ante
1188 1398 1327 1439 lucem
1344 1398 1555 1454 ingressus

154 1460 316 1508 urbem,
339 1474 363 1499 a
391 1467 512 1514 porta
539 1458 592 1498 ad
613 1466 847 1513 praetorem
870 1456 932 1497 M.
953 1456 1125 1497 Iunium
1154 1456 1233 1497 iter
1254 1456 1449 1497 intendit.
1514 1455 1555 1497 Is

155 1517 290 1573 prima
309 1516 402 1557 luce
420 1524 612 1557 senatum
629 1515 803 1556 vocavit.
871 1514 970 1563 Quo
992 1514 1041 1555 L.
1062 1514 1287 1555 Cornelius
1309 1513 1462 1570 Scipio,
1481 1513 1556 1554 ali-

157 1583 260 1630 quot
283 1574 430 1615 diebus
449 1582 545 1614 ante
569 1588 593 1613 a
609 1572 780 1614 consule
796 1572 1003 1622 dimissus,
1023 1587 1155 1627 quum
1170 1571 1399 1613 adveniens
1416 1572 1556 1613 audis-

157 1640 232 1682 set,
254 1646 543 1687 praegressum
568 1630 777 1672 Catonem
804 1631 847 1670 in
869 1639 1017 1671 senatu
1038 1646 1139 1680 esse,
1162 1630 1405 1686 supervenit
1427 1645 1557 1686 expo-

158 1690 290 1739 nenti,
315 1704 421 1745 quae
443 1698 560 1745 gesta
581 1698 730 1730 essent.
794 1688 894 1729 Duo
917 1688 1016 1728 inde
1039 1688 1164 1743 legati
1188 1689 1300 1729 iussu
1323 1698 1490 1729 senatus
1512 1688 1558 1728 in

159 1747 405 1788 concionem
427 1756 525 1788 sunt
545 1746 762 1803 producti:
797 1755 923 1802 atque
946 1746 1003 1786 ibi
1021 1746 1182 1795 eadem,
1201 1761 1308 1801 quae
1330 1746 1375 1786 in
1396 1754 1557 1794 senatu,

159 1805 212 1846 de
233 1805 357 1846 rebus
378 1805 423 1845 in
444 1804 616 1846 Aetolia
635 1805 761 1860 gestis
783 1812 1079 1860 exposuerunt.
1147 1803 1406 1859 Supplicatio
1420 1804 1464 1843 in
1486 1803 1560 1844 tri-

161 1862 292 1903 duum
333 1862 502 1904 decreta
543 1871 631 1911 est;
674 1872 717 1903 et
749 1870 797 1902 ut
837 1861 1116 1917 quadraginta
1148 1861 1292 1902 hostiis
1333 1861 1560 1902 maioribus

161 1929 339 1976 praetor,
363 1920 516 1975 quibus
541 1919 621 1960 diis
649 1920 687 1960 ei
713 1920 938 1968 videretur,
962 1919 1221 1960 sacrificaret.
1285 1919 1369 1959 Per
1390 1918 1560 1959 eosdem

162 1977 252 2018 dies
283 1987 325 2019 et
356 1977 418 2018 M.
438 1977 610 2018 Fulvius
643 1976 851 2025 Nobilior,
885 1977 957 2032 qui
989 1976 1160 2017 biennio
1192 1985 1287 2017 ante
1318 1985 1486 2032 praetor
1516 1976 1561 2015 in

164 2034 413 2090 Hispaniam
443 2043 531 2075 erat
556 2035 936 2089 profectussovans
968 2035 1111 2074 urbem
1141 2043 1203 2074 est
1230 2034 1462 2088 ingressus:
1498 2048 1562 2073 ar-

163 2092 280 2147 genti
308 2092 436 2147 bigati
457 2107 555 2147 prae
578 2107 620 2132 se
651 2091 747 2132 tulit
775 2100 947 2132 centum
979 2091 1152 2146 triginta
1183 2090 1337 2132 millia:
1373 2100 1414 2132 et
1444 2099 1563 2131 extra

164 2158 431 2190 numeratum
465 2149 689 2190 duodecim
726 2148 856 2189 millia
886 2148 1029 2204 pondo
1061 2148 1248 2204 argenti:
1293 2149 1384 2188 auri
1420 2147 1563 2204 pondo

165 2216 335 2248 centum
357 2206 506 2260 viginti
528 2215 700 2262 septem.

224 2264 298 2305 M'.
318 2264 479 2305 Acilius
496 2263 641 2304 consul
659 2264 710 2304 ab
726 2262 1023 2319 Thermopylis
1048 2262 1294 2303 Heracleam
1315 2263 1368 2303 ad
1388 2263 1563 2304 Aetolos
1640 2265 1706 2302 22.

166 2322 392 2377 praemisit,
418 2327 428 2345 ‘
444 2330 490 2362 ut
513 2330 614 2362 tunc
636 2320 795 2370 saltem,
819 2321 981 2376 experti
1012 2321 1166 2375 regiam
1197 2320 1439 2370 vanitatem,
1463 2321 1564 2361 resi·
1578 2320 1767 2368 Aetolosad

168 2380 425 2435 ‘piscerent3
464 2378 698 2434 traditaque
730 2378 949 2427 Heraclea,
973 2379 1205 2434 cogitarent
1234 2378 1286 2418 de
1310 2378 1493 2433 petenda
1514 2379 1564 2419 ab
1577 2373 1762 2436 ἴξῗί]ξ”ζῐξῗῗ“

169 2442 180 2460 ‘
193 2445 342 2478 senatu
364 2452 437 2477 seu
457 2436 608 2477 furoris
623 2436 698 2486 sui,
718 2451 790 2476 seu
814 2436 962 2476 erroris
983 2436 1116 2476 venia.
1181 2435 1237 2476 Et
1255 2445 1412 2476 ceteras
1432 2436 1625 2479 Grae-tat
1643 2450 1716 2481 Cos.

170 2494 281 2535 ‘ciae
313 2494 501 2535 civitates
530 2493 728 2534 defecisse
761 2508 811 2534 eo
841 2492 949 2533 bello
981 2493 1032 2533 ab
1064 2493 1222 2548 optime
1251 2493 1304 2533 de
1334 2508 1375 2534 se
1408 2494 1568 2534 meritis

172 2556 183 2574 ‘
198 2550 422 2592 Romanis:
456 2551 541 2600 sed,
566 2551 665 2606 quia
685 2559 777 2606 post
805 2550 946 2606 fugam
970 2550 1091 2605 regis,
1115 2551 1232 2591 cuius
1254 2550 1409 2591 fiducia
1431 2551 1567 2592 officio

172 2614 183 2631 ‘
197 2607 481 2658 decessissent,
504 2623 591 2649 non
612 2608 872 2649 addidissent
893 2608 1167 2663 pertinaciam
1189 2607 1351 2664 eulpae,
1374 2608 1417 2648 in
1440 2608 1569 2649 fidem

218 2762 233 2782 2
259 2753 362 2782 llazul
376 2753 471 2783 dnbio
486 2752 632 2792 anctore]
673 2754 777 2783 Hand
791 2754 848 2783 (ἰιι-
893 2752 1013 2783 idcirco
1029 2757 1142 2782 auctor
1157 2753 1243 2783 haud
1261 2753 1377 2783 dubius
1396 2758 1489 2790 esset,
1506 2763 1570 2783 nou

173 2797 259 2826 bium
289 2800 449 2825 (tnclorem
479 2795 622 2825 malebat
653 2795 849 2831 Gronovius,
894 2796 978 2834 quod
1004 2796 1086 2826 Cato
1111 2800 1203 2831 esset,
1228 2797 1282 2826 sed
1311 2796 1395 2834 quod
1423 2802 1572 2835 praesens

173 2838 228 2867 scd
258 2838 352 2867 verba
381 2838 471 2867 haral
499 2838 594 2867 (lubio
624 2842 753 2868 anctore
784 2847 849 2867 mo·
897 2848 943 2868 res
959 2842 1063 2877 gestas
1079 2842 1229 2868 narraret.

174 2880 251 2910 dum
269 2880 483 2919 potiusquam
497 2879 741 2919 hominem,per
753 2890 848 2918 quem
939 2889 955 2917 3
982 2881 1128 2910 Perias-tri
1152 2882 1283 2918 ilium-e]
1328 2881 1416 2910 Huic
1438 2879 1571 2919 opponi-

174 2927 304 2952 senatus
325 2922 439 2952 certior
456 2922 557 2958 tieret,
573 2926 732 2961 spectant,
751 2932 848 2960 quum
896 2926 948 2952 tur
963 2922 1160 2955 maritimum
1179 2922 1248 2953 iter.
