<?xml version="1.0" encoding="UTF-8"?>
<!DOCTYPE html PUBLIC "-//W3C//DTD XHTML 1.0 Transitional//EN"
    "http://www.w3.org/TR/xhtml1/DTD/xhtml1-transitional.dtd">
<html xmlns="http://www.w3.org/1999/xhtml" xml:lang="en" lang="en">
 <head>
  <title>
</title>
<meta http-equiv="Content-Type" content="text/html;charset=utf-8" />
  <meta name='ocr-system' content='tesseract 3.04.00' />
  <meta name='ocr-capabilities' content='ocr_page ocr_carea ocr_par ocr_line ocrx_word'/>
</head>
<body>
  <div class='ocr_page' id='page_1' title='image "./historiarumli03livyuoft_0145.png"; bbox 0 0 1960 3218; ppageno 0'>
   <div class='ocr_carea' id='block_1_1' title="bbox 151 1520 167 1552">
    <p class='ocr_par' dir='ltr' id='par_1_1' title="bbox 151 1520 167 1552">
     <span class='ocr_line' id='line_1_1' title="bbox 151 1520 167 1552; textangle 90"><span class='ocrx_word' id='word_1_1' title='bbox 151 1520 167 1552; x_wconf 45' lang='grc' dir='ltr'>Κ,</span> 
     </span>
    </p>
   </div>
   <div class='ocr_carea' id='block_1_2' title="bbox 549 138 1564 181">
    <p class='ocr_par' dir='ltr' id='par_1_2' title="bbox 549 138 1564 181">
     <span class='ocr_line' id='line_1_2' title="bbox 549 138 1564 181; baseline 0 -1"><span class='ocrx_word' id='word_1_2' title='bbox 549 139 673 180; x_wconf 89' lang='lat' dir='ltr'><strong>LIB.</strong></span> <span class='ocrx_word' id='word_1_3' title='bbox 709 138 925 180; x_wconf 90' lang='lat' dir='ltr'>XXXIV.</span> <span class='ocrx_word' id='word_1_4' title='bbox 970 138 1116 180; x_wconf 83' lang='lat' dir='ltr'><strong>CAP.</strong></span> <span class='ocrx_word' id='word_1_5' title='bbox 1150 142 1187 180; x_wconf 84' lang='lat'>6.</span> <span class='ocrx_word' id='word_1_6' title='bbox 1485 142 1564 181; x_wconf 89' lang='grc'>135</span> 
     </span>
    </p>
   </div>
   <div class='ocr_carea' id='block_1_3' title="bbox 180 229 1772 2546">
    <p class='ocr_par' dir='ltr' id='par_1_3' title="bbox 180 229 1772 2546">
     <span class='ocr_line' id='line_1_3' title="bbox 181 229 1771 286; baseline -0.003 -13"><span class='ocrx_word' id='word_1_7' title='bbox 181 231 401 273; x_wconf 80' lang='lat' dir='ltr'>‘uentibus</span> <span class='ocrx_word' id='word_1_8' title='bbox 420 230 564 272; x_wconf 89' lang='lat' dir='ltr'>fecisse</span> <span class='ocrx_word' id='word_1_9' title='bbox 587 246 655 272; x_wconf 90' lang='lat' dir='ltr'>eas</span> <span class='ocrx_word' id='word_1_10' title='bbox 675 245 800 271; x_wconf 88' lang='lat' dir='ltr'>nemo</span> <span class='ocrx_word' id='word_1_11' title='bbox 822 230 993 271; x_wconf 85' lang='lat' dir='ltr'>miratus</span> <span class='ocrx_word' id='word_1_12' title='bbox 1016 238 1090 279; x_wconf 89' lang='lat' dir='ltr'>est,</span> <span class='ocrx_word' id='word_1_13' title='bbox 1114 230 1158 270; x_wconf 89' lang='lat' dir='ltr'>in</span> <span class='ocrx_word' id='word_1_14' title='bbox 1178 245 1299 271; x_wconf 86' lang='lat' dir='ltr'>causa</span> <span class='ocrx_word' id='word_1_15' title='bbox 1324 230 1488 286; x_wconf 87' lang='lat' dir='ltr'>proprie</span> <span class='ocrx_word' id='word_1_16' title='bbox 1510 229 1563 271; x_wconf 90' lang='lat' dir='ltr'>ad</span> <span class='ocrx_word' id='word_1_17' title='bbox 1580 238 1622 270; x_wconf 91' lang='lat' dir='ltr'>U.</span> <span class='ocrx_word' id='word_1_18' title='bbox 1639 238 1677 269; x_wconf 87' lang='lat' dir='ltr'>C.</span> <span class='ocrx_word' id='word_1_19' title='bbox 1700 245 1771 277; x_wconf 82' lang='lat'>557·</span> 
     </span>
     <span class='ocr_line' id='line_1_4' title="bbox 181 281 1772 346; baseline -0.001 -16"><span class='ocrx_word' id='word_1_20' title='bbox 181 289 315 346; x_wconf 87' lang='lat' dir='ltr'>‘ipsas</span> <span class='ocrx_word' id='word_1_21' title='bbox 342 289 577 346; x_wconf 82' lang='lat' dir='ltr'>pertinente</span> <span class='ocrx_word' id='word_1_22' title='bbox 607 288 805 329; x_wconf 81' lang='lat' dir='ltr'>miramur</span> <span class='ocrx_word' id='word_1_23' title='bbox 831 288 1005 329; x_wconf 82' lang='lat' dir='ltr'>fecisse?</span> <span class='ocrx_word' id='word_1_24' title='bbox 1040 287 1157 336; x_wconf 82' lang='lat' dir='ltr'>Quid</span> <span class='ocrx_word' id='word_1_25' title='bbox 1185 297 1324 329; x_wconf 89' lang='lat' dir='ltr'>autem</span> <span class='ocrx_word' id='word_1_26' title='bbox 1345 282 1615 329; x_wconf 79' lang='lat' dir='ltr'>fecerunt?A·</span> <span class='ocrx_word' id='word_1_27' title='bbox 1640 281 1677 312; x_wconf 79' lang='lat' dir='ltr'>C·</span> <span class='ocrx_word' id='word_1_28' title='bbox 1703 288 1772 321; x_wconf 87' lang='lat'>195·</span> 
     </span>
     <span class='ocr_line' id='line_1_5' title="bbox 181 345 1563 404; baseline -0.001 -16"><span class='ocrx_word' id='word_1_29' title='bbox 181 352 193 370; x_wconf 88' lang='lat'>‘</span> <span class='ocrx_word' id='word_1_30' title='bbox 207 348 416 404; x_wconf 87' lang='lat' dir='ltr'>superbas,</span> <span class='ocrx_word' id='word_1_31' title='bbox 439 362 505 388; x_wconf 88' lang='lat' dir='ltr'>me</span> <span class='ocrx_word' id='word_1_32' title='bbox 527 346 620 387; x_wconf 88' lang='lat' dir='ltr'>dius</span> <span class='ocrx_word' id='word_1_33' title='bbox 647 346 782 396; x_wconf 89' lang='lat' dir='ltr'>fidius,</span> <span class='ocrx_word' id='word_1_34' title='bbox 806 361 924 387; x_wconf 86' lang='lat' dir='ltr'>aures</span> <span class='ocrx_word' id='word_1_35' title='bbox 951 346 1165 395; x_wconf 88' lang='lat' dir='ltr'>habemus,</span> <span class='ocrx_word' id='word_1_36' title='bbox 1187 345 1233 395; x_wconf 85' lang='lat' dir='ltr'>si,</span> <span class='ocrx_word' id='word_1_37' title='bbox 1257 361 1387 401; x_wconf 90' lang='lat' dir='ltr'>quum</span> <span class='ocrx_word' id='word_1_38' title='bbox 1403 345 1563 386; x_wconf 85' lang='lat' dir='ltr'>domini</span> 
     </span>
     <span class='ocr_line' id='line_1_6' title="bbox 180 401 1563 460; baseline -0.001 -14"><span class='ocrx_word' id='word_1_39' title='bbox 180 401 415 446; x_wconf 81' lang='lat' dir='ltr'>‘servorum</span> <span class='ocrx_word' id='word_1_40' title='bbox 436 419 522 445; x_wconf 90' lang='lat' dir='ltr'>non</span> <span class='ocrx_word' id='word_1_41' title='bbox 547 404 760 445; x_wconf 82' lang='lat' dir='ltr'>fastidiant</span> <span class='ocrx_word' id='word_1_42' title='bbox 781 419 937 459; x_wconf 78' lang='lat' dir='ltr'>preces,</span> <span class='ocrx_word' id='word_1_43' title='bbox 961 419 1036 445; x_wconf 89' lang='lat' dir='ltr'>nos</span> <span class='ocrx_word' id='word_1_44' title='bbox 1064 404 1199 460; x_wconf 81' lang='lat' dir='ltr'>rogari</span> <span class='ocrx_word' id='word_1_45' title='bbox 1221 404 1270 444; x_wconf 89' lang='lat' dir='ltr'>ab</span> <span class='ocrx_word' id='word_1_46' title='bbox 1298 403 1483 444; x_wconf 85' lang='lat' dir='ltr'>honestis</span> <span class='ocrx_word' id='word_1_47' title='bbox 1502 403 1563 444; x_wconf 90' lang='lat' dir='ltr'>fe-</span> 
     </span>
     <span class='ocr_line' id='line_1_7' title="bbox 181 460 1692 518; baseline -0.003 -14"><span class='ocrx_word' id='word_1_48' title='bbox 181 462 327 504; x_wconf 87' lang='lat' dir='ltr'>‘minis</span> <span class='ocrx_word' id='word_1_49' title='bbox 348 462 625 518; x_wconf 81' lang='lat' dir='ltr'>indignamur.</span> <span class='ocrx_word' id='word_1_50' title='bbox 690 461 828 503; x_wconf 81' lang='lat' dir='ltr'>Venio</span> <span class='ocrx_word' id='word_1_51' title='bbox 851 477 963 502; x_wconf 86' lang='lat' dir='ltr'>nune</span> <span class='ocrx_word' id='word_1_52' title='bbox 993 462 1045 503; x_wconf 87' lang='lat' dir='ltr'>ad</span> <span class='ocrx_word' id='word_1_53' title='bbox 1066 462 1122 510; x_wconf 92' lang='lat' dir='ltr'>id,</span> <span class='ocrx_word' id='word_1_54' title='bbox 1146 461 1198 502; x_wconf 93' lang='lat' dir='ltr'>de</span> <span class='ocrx_word' id='word_1_55' title='bbox 1220 477 1304 517; x_wconf 88' lang='lat' dir='ltr'>quo</span> <span class='ocrx_word' id='word_1_56' title='bbox 1325 461 1483 517; x_wconf 79' lang='lat' dir='ltr'>agitur:</span> <span class='ocrx_word' id='word_1_57' title='bbox 1517 461 1562 502; x_wconf 92' lang='lat' dir='ltr'>in</span> <span class='ocrx_word' id='word_1_58' title='bbox 1655 460 1692 499; x_wconf 88' lang='lat'>6.</span> 
     </span>
     <span class='ocr_line' id='line_1_8' title="bbox 181 518 1562 576; baseline -0.002 -14"><span class='ocrx_word' id='word_1_59' title='bbox 181 526 289 576; x_wconf 86' lang='lat' dir='ltr'>‘quo</span> <span class='ocrx_word' id='word_1_60' title='bbox 322 520 480 576; x_wconf 86' lang='lat' dir='ltr'>duplex</span> <span class='ocrx_word' id='word_1_61' title='bbox 515 519 693 561; x_wconf 86' lang='lat' dir='ltr'>consulis</span> <span class='ocrx_word' id='word_1_62' title='bbox 729 520 859 561; x_wconf 90' lang='lat' dir='ltr'>oratio</span> <span class='ocrx_word' id='word_1_63' title='bbox 891 520 980 561; x_wconf 88' lang='lat' dir='ltr'>fuit.</span> <span class='ocrx_word' id='word_1_64' title='bbox 1043 519 1157 560; x_wconf 87' lang='lat' dir='ltr'>Nam</span> <span class='ocrx_word' id='word_1_65' title='bbox 1193 528 1235 560; x_wconf 88' lang='lat' dir='ltr'>et</span> <span class='ocrx_word' id='word_1_66' title='bbox 1268 519 1404 575; x_wconf 83' lang='lat' dir='ltr'>legem</span> <span class='ocrx_word' id='word_1_67' title='bbox 1436 518 1562 560; x_wconf 89' lang='lat' dir='ltr'>ullam</span> 
     </span>
     <span class='ocr_line' id='line_1_9' title="bbox 181 577 1561 634; baseline -0.001 -16"><span class='ocrx_word' id='word_1_68' title='bbox 181 578 376 619; x_wconf 87' lang='lat' dir='ltr'>‘omnino</span> <span class='ocrx_word' id='word_1_69' title='bbox 398 579 585 634; x_wconf 78' lang='lat' dir='ltr'>abrogari</span> <span class='ocrx_word' id='word_1_70' title='bbox 607 587 668 619; x_wconf 88' lang='lat' dir='ltr'>est</span> <span class='ocrx_word' id='word_1_71' title='bbox 689 577 952 633; x_wconf 81' lang='lat' dir='ltr'>indignatus3</span> <span class='ocrx_word' id='word_1_72' title='bbox 987 586 1028 619; x_wconf 93' lang='lat' dir='ltr'>et</span> <span class='ocrx_word' id='word_1_73' title='bbox 1049 593 1141 619; x_wconf 91' lang='lat' dir='ltr'>eam</span> <span class='ocrx_word' id='word_1_74' title='bbox 1170 577 1390 633; x_wconf 80' lang='lat' dir='ltr'>praecipue</span> <span class='ocrx_word' id='word_1_75' title='bbox 1412 577 1561 633; x_wconf 77' lang='lat' dir='ltr'>legem,</span> 
     </span>
     <span class='ocr_line' id='line_1_10' title="bbox 181 635 1563 692; baseline -0.001 -15"><span class='ocrx_word' id='word_1_76' title='bbox 181 641 193 660; x_wconf 88' lang='lat'>‘</span> <span class='ocrx_word' id='word_1_77' title='bbox 208 651 315 692; x_wconf 91' lang='lat' dir='ltr'>quae</span> <span class='ocrx_word' id='word_1_78' title='bbox 336 635 524 677; x_wconf 82' lang='lat' dir='ltr'>luxuriae</span> <span class='ocrx_word' id='word_1_79' title='bbox 554 635 766 677; x_wconf 88' lang='lat' dir='ltr'>muliebris</span> <span class='ocrx_word' id='word_1_80' title='bbox 788 635 1043 677; x_wconf 83' lang='lat' dir='ltr'>coercendae</span> <span class='ocrx_word' id='word_1_81' title='bbox 1072 651 1195 677; x_wconf 88' lang='lat' dir='ltr'>causa</span> <span class='ocrx_word' id='word_1_82' title='bbox 1221 635 1304 676; x_wconf 89' lang='lat' dir='ltr'>lata</span> <span class='ocrx_word' id='word_1_83' title='bbox 1325 643 1442 676; x_wconf 88' lang='lat' dir='ltr'>esset.</span> <span class='ocrx_word' id='word_1_84' title='bbox 1507 635 1563 675; x_wconf 89' lang='lat' dir='ltr'>Et</span> 
     </span>
     <span class='ocr_line' id='line_1_11' title="bbox 181 693 1563 750; baseline 0 -16"><span class='ocrx_word' id='word_1_85' title='bbox 181 693 276 735; x_wconf 82' lang='lat' dir='ltr'>‘illa</span> <span class='ocrx_word' id='word_1_86' title='bbox 303 694 535 734; x_wconf 87' lang='lat' dir='ltr'>communis</span> <span class='ocrx_word' id='word_1_87' title='bbox 561 709 636 750; x_wconf 88' lang='lat' dir='ltr'>pro</span> <span class='ocrx_word' id='word_1_88' title='bbox 667 693 840 749; x_wconf 76' lang='lat' dir='ltr'>legibus,</span> <span class='ocrx_word' id='word_1_89' title='bbox 870 694 956 735; x_wconf 83' lang='lat' dir='ltr'>visa</span> <span class='ocrx_word' id='word_1_90' title='bbox 983 693 1208 735; x_wconf 88' lang='lat' dir='ltr'>consularis</span> <span class='ocrx_word' id='word_1_91' title='bbox 1236 693 1367 734; x_wconf 88' lang='lat' dir='ltr'>oratio</span> <span class='ocrx_word' id='word_1_92' title='bbox 1398 701 1482 734; x_wconf 89' lang='lat' dir='ltr'>est:</span> <span class='ocrx_word' id='word_1_93' title='bbox 1521 702 1563 734; x_wconf 85' lang='lat' dir='ltr'>et</span> 
     </span>
     <span class='ocr_line' id='line_1_12' title="bbox 181 751 1559 793; baseline 0 -1"><span class='ocrx_word' id='word_1_94' title='bbox 181 758 193 776; x_wconf 83' lang='lat'><em>‘</em></span> <span class='ocrx_word' id='word_1_95' title='bbox 208 751 310 793; x_wconf 90' lang='lat' dir='ltr'>haec</span> <span class='ocrx_word' id='word_1_96' title='bbox 332 751 527 792; x_wconf 83' lang='lat' dir='ltr'>adversus</span> <span class='ocrx_word' id='word_1_97' title='bbox 554 751 761 792; x_wconf 78' lang='lat' dir='ltr'>luxuriam</span> <span class='ocrx_word' id='word_1_98' title='bbox 783 751 1048 792; x_wconf 85' lang='lat' dir='ltr'>severissimis</span> <span class='ocrx_word' id='word_1_99' title='bbox 1069 752 1252 792; x_wconf 89' lang='lat' dir='ltr'>moribus</span> <span class='ocrx_word' id='word_1_100' title='bbox 1273 751 1559 792; x_wconf 80' lang='lat' dir='ltr'>conveniebat.</span> 
     </span>
     <span class='ocr_line' id='line_1_13' title="bbox 181 808 1564 866; baseline -0.001 -16"><span class='ocrx_word' id='word_1_101' title='bbox 181 808 353 866; x_wconf 87' lang='lat' dir='ltr'>‘Itaque</span> <span class='ocrx_word' id='word_1_102' title='bbox 374 809 606 866; x_wconf 87' lang='lat' dir='ltr'>perieulum</span> <span class='ocrx_word' id='word_1_103' title='bbox 628 818 701 859; x_wconf 89' lang='lat' dir='ltr'>est,</span> <span class='ocrx_word' id='word_1_104' title='bbox 724 809 815 858; x_wconf 88' lang='lat' dir='ltr'>nisi,</span> <span class='ocrx_word' id='word_1_105' title='bbox 840 809 943 865; x_wconf 88' lang='lat' dir='ltr'>quid</span> <span class='ocrx_word' id='word_1_106' title='bbox 963 810 1008 850; x_wconf 88' lang='lat' dir='ltr'>in</span> <span class='ocrx_word' id='word_1_107' title='bbox 1030 817 1204 865; x_wconf 88' lang='lat' dir='ltr'>utraque</span> <span class='ocrx_word' id='word_1_108' title='bbox 1220 825 1263 850; x_wconf 91' lang='lat' dir='ltr'>re</span> <span class='ocrx_word' id='word_1_109' title='bbox 1286 809 1380 850; x_wconf 85' lang='lat' dir='ltr'>vani</span> <span class='ocrx_word' id='word_1_110' title='bbox 1401 809 1466 859; x_wconf 87' lang='lat' dir='ltr'>sit,</span> <span class='ocrx_word' id='word_1_111' title='bbox 1489 808 1564 850; x_wconf 91' lang='lat' dir='ltr'>do-</span> 
     </span>
     <span class='ocr_line' id='line_1_14' title="bbox 181 867 1564 924; baseline -0.001 -15"><span class='ocrx_word' id='word_1_112' title='bbox 181 873 193 892; x_wconf 87' lang='lat'>‘</span> <span class='ocrx_word' id='word_1_113' title='bbox 208 867 428 917; x_wconf 90' lang='lat' dir='ltr'>cuerimus,</span> <span class='ocrx_word' id='word_1_114' title='bbox 443 883 496 908; x_wconf 91' lang='lat' dir='ltr'>ne</span> <span class='ocrx_word' id='word_1_115' title='bbox 511 868 604 924; x_wconf 88' lang='lat' dir='ltr'>quis</span> <span class='ocrx_word' id='word_1_116' title='bbox 617 883 730 909; x_wconf 88' lang='lat' dir='ltr'>error</span> <span class='ocrx_word' id='word_1_117' title='bbox 742 867 857 908; x_wconf 82' lang='lat' dir='ltr'>vobis</span> <span class='ocrx_word' id='word_1_118' title='bbox 871 867 1121 908; x_wconf 86' lang='lat' dir='ltr'>offundatur.</span> <span class='ocrx_word' id='word_1_119' title='bbox 1166 867 1258 923; x_wconf 80' lang='lat' dir='ltr'>Ego</span> <span class='ocrx_word' id='word_1_120' title='bbox 1275 867 1400 915; x_wconf 87' lang='lat' dir='ltr'>enim,</span> <span class='ocrx_word' id='word_1_121' title='bbox 1416 882 1564 923; x_wconf 89' lang='lat' dir='ltr'>quem-</span> 
     </span>
     <span class='ocr_line' id='line_1_15' title="bbox 181 925 1562 981; baseline -0.001 -14"><span class='ocrx_word' id='word_1_122' title='bbox 181 925 434 967; x_wconf 85' lang='lat' dir='ltr'>‘admodum</span> <span class='ocrx_word' id='word_1_123' title='bbox 466 941 519 966; x_wconf 84' lang='lat' dir='ltr'>ex</span> <span class='ocrx_word' id='word_1_124' title='bbox 549 925 613 966; x_wconf 91' lang='lat' dir='ltr'>his</span> <span class='ocrx_word' id='word_1_125' title='bbox 643 925 816 981; x_wconf 75' lang='lat' dir='ltr'>legibuS,</span> <span class='ocrx_word' id='word_1_126' title='bbox 850 941 955 981; x_wconf 88' lang='lat' dir='ltr'>quae</span> <span class='ocrx_word' id='word_1_127' title='bbox 987 941 1073 966; x_wconf 88' lang='lat' dir='ltr'>non</span> <span class='ocrx_word' id='word_1_128' title='bbox 1103 926 1148 966; x_wconf 89' lang='lat' dir='ltr'>in</span> <span class='ocrx_word' id='word_1_129' title='bbox 1179 934 1344 981; x_wconf 89' lang='lat' dir='ltr'>tempus</span> <span class='ocrx_word' id='word_1_130' title='bbox 1379 925 1562 981; x_wconf 84' lang='lat' dir='ltr'>aliquod,</span> 
     </span>
     <span class='ocr_line' id='line_1_16' title="bbox 181 983 1564 1040; baseline -0.001 -16"><span class='ocrx_word' id='word_1_131' title='bbox 181 989 193 1008; x_wconf 87' lang='lat'>‘</span> <span class='ocrx_word' id='word_1_132' title='bbox 208 983 282 1025; x_wconf 92' lang='lat' dir='ltr'>sed</span> <span class='ocrx_word' id='word_1_133' title='bbox 302 992 529 1040; x_wconf 82' lang='lat' dir='ltr'>perpetuae</span> <span class='ocrx_word' id='word_1_134' title='bbox 550 983 740 1024; x_wconf 86' lang='lat' dir='ltr'>utilitatis</span> <span class='ocrx_word' id='word_1_135' title='bbox 761 999 884 1024; x_wconf 86' lang='lat' dir='ltr'>causa</span> <span class='ocrx_word' id='word_1_136' title='bbox 908 984 951 1023; x_wconf 91' lang='lat' dir='ltr'>in</span> <span class='ocrx_word' id='word_1_137' title='bbox 973 992 1188 1025; x_wconf 88' lang='lat' dir='ltr'>aeternum</span> <span class='ocrx_word' id='word_1_138' title='bbox 1210 983 1316 1024; x_wconf 89' lang='lat' dir='ltr'>latae</span> <span class='ocrx_word' id='word_1_139' title='bbox 1338 993 1447 1033; x_wconf 88' lang='lat' dir='ltr'>sunt,</span> <span class='ocrx_word' id='word_1_140' title='bbox 1470 983 1564 1024; x_wconf 86' lang='lat' dir='ltr'>nul-</span> 
     </span>
     <span class='ocr_line' id='line_1_17' title="bbox 182 1041 1563 1098; baseline 0 -16"><span class='ocrx_word' id='word_1_141' title='bbox 182 1041 290 1082; x_wconf 89' lang='lat' dir='ltr'>‘lam</span> <span class='ocrx_word' id='word_1_142' title='bbox 320 1041 509 1098; x_wconf 79' lang='lat' dir='ltr'>abrogari</span> <span class='ocrx_word' id='word_1_143' title='bbox 538 1041 690 1082; x_wconf 89' lang='lat' dir='ltr'>debere</span> <span class='ocrx_word' id='word_1_144' title='bbox 718 1041 860 1090; x_wconf 88' lang='lat' dir='ltr'>fateor,</span> <span class='ocrx_word' id='word_1_145' title='bbox 884 1041 963 1082; x_wconf 90' lang='lat' dir='ltr'>nisi</span> <span class='ocrx_word' id='word_1_146' title='bbox 985 1057 1110 1097; x_wconf 88' lang='lat' dir='ltr'>quam</span> <span class='ocrx_word' id='word_1_147' title='bbox 1139 1051 1210 1082; x_wconf 89' lang='lat' dir='ltr'>aut</span> <span class='ocrx_word' id='word_1_148' title='bbox 1238 1056 1335 1082; x_wconf 88' lang='lat' dir='ltr'>usus</span> <span class='ocrx_word' id='word_1_149' title='bbox 1364 1041 1563 1097; x_wconf 71' lang='lat' dir='ltr'>coarguit,</span> 
     </span>
     <span class='ocr_line' id='line_1_18' title="bbox 182 1099 1564 1155; baseline 0 -15"><span class='ocrx_word' id='word_1_150' title='bbox 182 1106 193 1123; x_wconf 89' lang='lat'>‘</span> <span class='ocrx_word' id='word_1_151' title='bbox 209 1107 282 1140; x_wconf 87' lang='lat' dir='ltr'>aut</span> <span class='ocrx_word' id='word_1_152' title='bbox 316 1107 444 1140; x_wconf 90' lang='lat' dir='ltr'>status</span> <span class='ocrx_word' id='word_1_153' title='bbox 480 1099 628 1155; x_wconf 86' lang='lat' dir='ltr'>aliquis</span> <span class='ocrx_word' id='word_1_154' title='bbox 663 1099 916 1155; x_wconf 88' lang='lat' dir='ltr'>reipublicae</span> <span class='ocrx_word' id='word_1_155' title='bbox 957 1099 1150 1140; x_wconf 89' lang='lat' dir='ltr'>inutilem</span> <span class='ocrx_word' id='word_1_156' title='bbox 1186 1099 1310 1148; x_wconf 70' lang='lat' dir='ltr'>feeit,</span> <span class='ocrx_word' id='word_1_157' title='bbox 1352 1099 1422 1149; x_wconf 91' lang='lat' dir='ltr'>sic,</span> <span class='ocrx_word' id='word_1_158' title='bbox 1460 1114 1564 1155; x_wconf 86' lang='lat' dir='ltr'>quas</span> 
     </span>
     <span class='ocr_line' id='line_1_19' title="bbox 182 1156 1563 1213; baseline 0 -15"><span class='ocrx_word' id='word_1_159' title='bbox 182 1163 194 1181; x_wconf 87' lang='lat'>‘</span> <span class='ocrx_word' id='word_1_160' title='bbox 209 1166 397 1213; x_wconf 88' lang='lat' dir='ltr'>tempora</span> <span class='ocrx_word' id='word_1_161' title='bbox 416 1157 555 1213; x_wconf 87' lang='lat' dir='ltr'>aliqua</span> <span class='ocrx_word' id='word_1_162' title='bbox 575 1156 865 1198; x_wconf 87' lang='lat' dir='ltr'>desiderarunt</span> <span class='ocrx_word' id='word_1_163' title='bbox 892 1157 1018 1213; x_wconf 83' lang='lat' dir='ltr'>leges,</span> <span class='ocrx_word' id='word_1_164' title='bbox 1042 1156 1246 1207; x_wconf 85' lang='lat' dir='ltr'>mortales,</span> <span class='ocrx_word' id='word_1_165' title='bbox 1269 1166 1317 1198; x_wconf 90' lang='lat' dir='ltr'>ut</span> <span class='ocrx_word' id='word_1_166' title='bbox 1336 1157 1394 1198; x_wconf 90' lang='lat' dir='ltr'>ita</span> <span class='ocrx_word' id='word_1_167' title='bbox 1414 1157 1563 1207; x_wconf 90' lang='lat' dir='ltr'>dicam,</span> 
     </span>
     <span class='ocr_line' id='line_1_20' title="bbox 182 1214 1564 1271; baseline 0 -15"><span class='ocrx_word' id='word_1_168' title='bbox 182 1221 248 1256; x_wconf 77' lang='lat' dir='ltr'>‘et</span> <span class='ocrx_word' id='word_1_169' title='bbox 274 1215 530 1271; x_wconf 85' lang='lat' dir='ltr'>temporibus</span> <span class='ocrx_word' id='word_1_170' title='bbox 557 1214 655 1271; x_wconf 89' lang='lat' dir='ltr'>ipsis</span> <span class='ocrx_word' id='word_1_171' title='bbox 683 1214 901 1256; x_wconf 86' lang='lat' dir='ltr'>mutabiles</span> <span class='ocrx_word' id='word_1_172' title='bbox 927 1230 1014 1256; x_wconf 88' lang='lat' dir='ltr'>esse</span> <span class='ocrx_word' id='word_1_173' title='bbox 1042 1215 1176 1256; x_wconf 87' lang='lat' dir='ltr'>video.</span> <span class='ocrx_word' id='word_1_174' title='bbox 1243 1214 1363 1263; x_wconf 79' lang='lat' dir='ltr'>Quae</span> <span class='ocrx_word' id='word_1_175' title='bbox 1390 1215 1435 1255; x_wconf 91' lang='lat' dir='ltr'>in</span> <span class='ocrx_word' id='word_1_176' title='bbox 1462 1230 1564 1271; x_wconf 88' lang='lat' dir='ltr'>pace</span> 
     </span>
     <span class='ocr_line' id='line_1_21' title="bbox 181 1272 1561 1329; baseline 0.001 -16"><span class='ocrx_word' id='word_1_177' title='bbox 181 1272 310 1313; x_wconf 86' lang='lat' dir='ltr'>‘latae</span> <span class='ocrx_word' id='word_1_178' title='bbox 332 1282 440 1322; x_wconf 89' lang='lat' dir='ltr'>sunt,</span> <span class='ocrx_word' id='word_1_179' title='bbox 458 1272 705 1329; x_wconf 86' lang='lat' dir='ltr'>plerumque</span> <span class='ocrx_word' id='word_1_180' title='bbox 722 1272 879 1313; x_wconf 86' lang='lat' dir='ltr'>bellum</span> <span class='ocrx_word' id='word_1_181' title='bbox 900 1273 1094 1329; x_wconf 81' lang='lat' dir='ltr'>abrogat3</span> <span class='ocrx_word' id='word_1_182' title='bbox 1127 1288 1233 1329; x_wconf 89' lang='lat' dir='ltr'>quae</span> <span class='ocrx_word' id='word_1_183' title='bbox 1255 1273 1299 1313; x_wconf 88' lang='lat' dir='ltr'>in</span> <span class='ocrx_word' id='word_1_184' title='bbox 1322 1273 1443 1322; x_wconf 87' lang='lat' dir='ltr'>bello,</span> <span class='ocrx_word' id='word_1_185' title='bbox 1461 1288 1561 1329; x_wconf 80' lang='lat' dir='ltr'>pax:</span> 
     </span>
     <span class='ocr_line' id='line_1_22' title="bbox 181 1330 1565 1380; baseline 0 -9"><span class='ocrx_word' id='word_1_186' title='bbox 181 1336 253 1372; x_wconf 84' lang='lat' dir='ltr'>‘ut</span> <span class='ocrx_word' id='word_1_187' title='bbox 279 1330 323 1370; x_wconf 91' lang='lat' dir='ltr'>in</span> <span class='ocrx_word' id='word_1_188' title='bbox 349 1330 465 1371; x_wconf 76' lang='lat' dir='ltr'>navis</span> <span class='ocrx_word' id='word_1_189' title='bbox 494 1330 852 1371; x_wconf 85' lang='lat' dir='ltr'>administratione</span> <span class='ocrx_word' id='word_1_190' title='bbox 881 1331 961 1371; x_wconf 89' lang='lat' dir='ltr'>alia</span> <span class='ocrx_word' id='word_1_191' title='bbox 988 1331 1032 1371; x_wconf 87' lang='lat' dir='ltr'>in</span> <span class='ocrx_word' id='word_1_192' title='bbox 1057 1331 1297 1380; x_wconf 86' lang='lat' dir='ltr'>secundam,</span> <span class='ocrx_word' id='word_1_193' title='bbox 1321 1331 1401 1372; x_wconf 88' lang='lat' dir='ltr'>alia</span> <span class='ocrx_word' id='word_1_194' title='bbox 1427 1331 1471 1371; x_wconf 90' lang='lat' dir='ltr'>in</span> <span class='ocrx_word' id='word_1_195' title='bbox 1493 1331 1565 1372; x_wconf 83' lang='lat' dir='ltr'>ad-</span> 
     </span>
     <span class='ocr_line' id='line_1_23' title="bbox 181 1388 1566 1445; baseline 0.001 -16"><span class='ocrx_word' id='word_1_196' title='bbox 181 1394 368 1429; x_wconf 84' lang='lat' dir='ltr'>‘versam</span> <span class='ocrx_word' id='word_1_197' title='bbox 399 1396 688 1444; x_wconf 85' lang='lat' dir='ltr'>tempestatem</span> <span class='ocrx_word' id='word_1_198' title='bbox 721 1389 814 1429; x_wconf 88' lang='lat' dir='ltr'>usui</span> <span class='ocrx_word' id='word_1_199' title='bbox 845 1397 954 1430; x_wconf 89' lang='lat' dir='ltr'>sunt.</span> <span class='ocrx_word' id='word_1_200' title='bbox 1017 1388 1135 1430; x_wconf 89' lang='lat' dir='ltr'>Haec</span> <span class='ocrx_word' id='word_1_201' title='bbox 1169 1405 1300 1445; x_wconf 88' lang='lat' dir='ltr'>quum</span> <span class='ocrx_word' id='word_1_202' title='bbox 1330 1389 1388 1430; x_wconf 90' lang='lat' dir='ltr'>ita</span> <span class='ocrx_word' id='word_1_203' title='bbox 1417 1397 1566 1430; x_wconf 84' lang='lat' dir='ltr'>natura</span> 
     </span>
     <span class='ocr_line' id='line_1_24' title="bbox 181 1446 1563 1503; baseline 0.001 -16"><span class='ocrx_word' id='word_1_204' title='bbox 181 1452 192 1470; x_wconf 86' lang='lat'>‘</span> <span class='ocrx_word' id='word_1_205' title='bbox 208 1446 404 1488; x_wconf 87' lang='lat' dir='ltr'>distincta</span> <span class='ocrx_word' id='word_1_206' title='bbox 423 1446 518 1496; x_wconf 86' lang='lat' dir='ltr'>sint,</span> <span class='ocrx_word' id='word_1_207' title='bbox 541 1461 594 1487; x_wconf 83' lang='lat' dir='ltr'>ex</span> <span class='ocrx_word' id='word_1_208' title='bbox 622 1456 715 1487; x_wconf 90' lang='lat' dir='ltr'>utro</span> <span class='ocrx_word' id='word_1_209' title='bbox 738 1446 907 1487; x_wconf 89' lang='lat' dir='ltr'>tandem</span> <span class='ocrx_word' id='word_1_210' title='bbox 927 1462 1080 1503; x_wconf 82' lang='lat' dir='ltr'>genere</span> <span class='ocrx_word' id='word_1_211' title='bbox 1108 1462 1158 1488; x_wconf 88' lang='lat' dir='ltr'>ea</span> <span class='ocrx_word' id='word_1_212' title='bbox 1180 1447 1250 1488; x_wconf 84' lang='lat' dir='ltr'>lex</span> <span class='ocrx_word' id='word_1_213' title='bbox 1278 1462 1365 1488; x_wconf 88' lang='lat' dir='ltr'>esse</span> <span class='ocrx_word' id='word_1_214' title='bbox 1386 1447 1563 1496; x_wconf 87' lang='lat' dir='ltr'>videtur,</span> 
     </span>
     <span class='ocr_line' id='line_1_25' title="bbox 182 1504 1565 1562; baseline 0 -16"><span class='ocrx_word' id='word_1_215' title='bbox 182 1509 335 1561; x_wconf 89' lang='lat' dir='ltr'>‘quam</span> <span class='ocrx_word' id='word_1_216' title='bbox 366 1505 643 1561; x_wconf 80' lang='lat' dir='ltr'>abrogamus?</span> <span class='ocrx_word' id='word_1_217' title='bbox 695 1504 768 1545; x_wconf 87' lang='lat' dir='ltr'>An</span> <span class='ocrx_word' id='word_1_218' title='bbox 791 1514 910 1546; x_wconf 84' lang='lat' dir='ltr'>vetus</span> <span class='ocrx_word' id='word_1_219' title='bbox 940 1505 1054 1562; x_wconf 78' lang='lat' dir='ltr'>regia</span> <span class='ocrx_word' id='word_1_220' title='bbox 1084 1505 1165 1554; x_wconf 86' lang='lat' dir='ltr'>lex,</span> <span class='ocrx_word' id='word_1_221' title='bbox 1195 1505 1318 1546; x_wconf 88' lang='lat' dir='ltr'>simul</span> <span class='ocrx_word' id='word_1_222' title='bbox 1349 1520 1445 1546; x_wconf 91' lang='lat' dir='ltr'>eum</span> <span class='ocrx_word' id='word_1_223' title='bbox 1476 1505 1565 1561; x_wconf 89' lang='lat' dir='ltr'>ipsa</span> 
     </span>
     <span class='ocr_line' id='line_1_26' title="bbox 181 1562 1564 1618; baseline 0.001 -15"><span class='ocrx_word' id='word_1_224' title='bbox 181 1568 193 1586; x_wconf 72' lang='lat'><strong><em>⁶</em></strong></span> <span class='ocrx_word' id='word_1_225' title='bbox 209 1562 311 1604; x_wconf 90' lang='lat' dir='ltr'>urbe</span> <span class='ocrx_word' id='word_1_226' title='bbox 333 1563 454 1603; x_wconf 81' lang='lat' dir='ltr'>nata?</span> <span class='ocrx_word' id='word_1_227' title='bbox 486 1563 569 1612; x_wconf 87' lang='lat' dir='ltr'>An,</span> <span class='ocrx_word' id='word_1_228' title='bbox 588 1563 702 1618; x_wconf 88' lang='lat' dir='ltr'>quod</span> <span class='ocrx_word' id='word_1_229' title='bbox 723 1563 953 1604; x_wconf 87' lang='lat' dir='ltr'>secundum</span> <span class='ocrx_word' id='word_1_230' title='bbox 972 1571 1044 1612; x_wconf 87' lang='lat' dir='ltr'>est,</span> <span class='ocrx_word' id='word_1_231' title='bbox 1064 1563 1115 1604; x_wconf 89' lang='lat' dir='ltr'>ab</span> <span class='ocrx_word' id='word_1_232' title='bbox 1132 1563 1376 1604; x_wconf 81' lang='lat' dir='ltr'>decemviris</span> <span class='ocrx_word' id='word_1_233' title='bbox 1397 1563 1450 1604; x_wconf 92' lang='lat' dir='ltr'>ad</span> <span class='ocrx_word' id='word_1_234' title='bbox 1466 1578 1564 1604; x_wconf 88' lang='lat' dir='ltr'>eon-</span> 
     </span>
     <span class='ocr_line' id='line_1_27' title="bbox 182 1620 1567 1677; baseline 0.001 -16"><span class='ocrx_word' id='word_1_235' title='bbox 182 1626 193 1644; x_wconf 85' lang='lat'>‘</span> <span class='ocrx_word' id='word_1_236' title='bbox 209 1620 348 1661; x_wconf 87' lang='lat' dir='ltr'>denda</span> <span class='ocrx_word' id='word_1_237' title='bbox 368 1620 458 1661; x_wconf 89' lang='lat' dir='ltr'>iura</span> <span class='ocrx_word' id='word_1_238' title='bbox 485 1621 630 1662; x_wconf 86' lang='lat' dir='ltr'>creatis</span> <span class='ocrx_word' id='word_1_239' title='bbox 658 1621 702 1661; x_wconf 89' lang='lat' dir='ltr'>in</span> <span class='ocrx_word' id='word_1_240' title='bbox 728 1620 951 1662; x_wconf 82' lang='lat' dir='ltr'>duodecim</span> <span class='ocrx_word' id='word_1_241' title='bbox 979 1620 1130 1662; x_wconf 88' lang='lat' dir='ltr'>tabulis</span> <span class='ocrx_word' id='word_1_242' title='bbox 1157 1621 1332 1677; x_wconf 70' lang='lat' dir='ltr'>scripta,</span> <span class='ocrx_word' id='word_1_243' title='bbox 1365 1621 1454 1662; x_wconf 88' lang='lat' dir='ltr'>sine</span> <span class='ocrx_word' id='word_1_244' title='bbox 1483 1637 1567 1677; x_wconf 90' lang='lat' dir='ltr'>qua</span> 
     </span>
     <span class='ocr_line' id='line_1_28' title="bbox 183 1678 1564 1735; baseline 0.001 -17"><span class='ocrx_word' id='word_1_245' title='bbox 183 1683 342 1735; x_wconf 85' lang='lat' dir='ltr'>‘quum</span> <span class='ocrx_word' id='word_1_246' title='bbox 374 1678 550 1719; x_wconf 88' lang='lat' dir='ltr'>maiores</span> <span class='ocrx_word' id='word_1_247' title='bbox 585 1678 714 1719; x_wconf 89' lang='lat' dir='ltr'>nostri</span> <span class='ocrx_word' id='word_1_248' title='bbox 746 1694 832 1720; x_wconf 91' lang='lat' dir='ltr'>non</span> <span class='ocrx_word' id='word_1_249' title='bbox 868 1679 1144 1720; x_wconf 78' lang='lat' dir='ltr'>existimarint</span> <span class='ocrx_word' id='word_1_250' title='bbox 1179 1679 1306 1720; x_wconf 87' lang='lat' dir='ltr'>decus</span> <span class='ocrx_word' id='word_1_251' title='bbox 1336 1679 1564 1720; x_wconf 86' lang='lat' dir='ltr'>matronale</span> 
     </span>
     <span class='ocr_line' id='line_1_29' title="bbox 182 1736 1566 1793; baseline 0.001 -16"><span class='ocrx_word' id='word_1_252' title='bbox 182 1742 194 1760; x_wconf 89' lang='lat'>‘</span> <span class='ocrx_word' id='word_1_253' title='bbox 209 1736 362 1777; x_wconf 81' lang='lat' dir='ltr'>servari</span> <span class='ocrx_word' id='word_1_254' title='bbox 382 1751 514 1792; x_wconf 86' lang='lat' dir='ltr'>posse,</span> <span class='ocrx_word' id='word_1_255' title='bbox 538 1737 656 1777; x_wconf 90' lang='lat' dir='ltr'>nobis</span> <span class='ocrx_word' id='word_1_256' title='bbox 678 1752 846 1792; x_wconf 88' lang='lat' dir='ltr'>quoque</span> <span class='ocrx_word' id='word_1_257' title='bbox 874 1737 1104 1778; x_wconf 82' lang='lat' dir='ltr'>verendum</span> <span class='ocrx_word' id='word_1_258' title='bbox 1126 1737 1191 1787; x_wconf 86' lang='lat' dir='ltr'>sit,</span> <span class='ocrx_word' id='word_1_259' title='bbox 1214 1752 1267 1778; x_wconf 88' lang='lat' dir='ltr'>ne</span> <span class='ocrx_word' id='word_1_260' title='bbox 1296 1752 1392 1778; x_wconf 89' lang='lat' dir='ltr'>cum</span> <span class='ocrx_word' id='word_1_261' title='bbox 1414 1752 1462 1778; x_wconf 87' lang='lat' dir='ltr'>ea</span> <span class='ocrx_word' id='word_1_262' title='bbox 1489 1753 1566 1793; x_wconf 90' lang='lat' dir='ltr'>pu-</span> 
     </span>
     <span class='ocr_line' id='line_1_30' title="bbox 181 1793 1567 1851; baseline 0.001 -17"><span class='ocrx_word' id='word_1_263' title='bbox 181 1793 350 1835; x_wconf 88' lang='lat' dir='ltr'>‘dorem</span> <span class='ocrx_word' id='word_1_264' title='bbox 371 1794 716 1850; x_wconf 85' lang='lat' dir='ltr'>sanctitatemque</span> <span class='ocrx_word' id='word_1_265' title='bbox 733 1794 981 1835; x_wconf 88' lang='lat' dir='ltr'>feminarum</span> <span class='ocrx_word' id='word_1_266' title='bbox 1002 1795 1278 1850; x_wconf 78' lang='lat' dir='ltr'>abrogemus?</span> <span class='ocrx_word' id='word_1_267' title='bbox 1313 1795 1419 1843; x_wconf 79' lang='lat' dir='ltr'>Quis</span> <span class='ocrx_word' id='word_1_268' title='bbox 1440 1795 1567 1851; x_wconf 83' lang='lat' dir='ltr'>igitur</span> 
     </span>
     <span class='ocr_line' id='line_1_31' title="bbox 182 1852 1567 1909; baseline 0.001 -17"><span class='ocrx_word' id='word_1_269' title='bbox 182 1857 194 1876; x_wconf 75' lang='lat'><strong><em>⁶</em></strong></span> <span class='ocrx_word' id='word_1_270' title='bbox 210 1852 355 1901; x_wconf 89' lang='lat' dir='ltr'>nescit,</span> <span class='ocrx_word' id='word_1_271' title='bbox 378 1867 529 1893; x_wconf 88' lang='lat' dir='ltr'>novam</span> <span class='ocrx_word' id='word_1_272' title='bbox 553 1852 673 1893; x_wconf 88' lang='lat' dir='ltr'>istam</span> <span class='ocrx_word' id='word_1_273' title='bbox 703 1852 838 1908; x_wconf 82' lang='lat' dir='ltr'>legem</span> <span class='ocrx_word' id='word_1_274' title='bbox 864 1868 965 1901; x_wconf 86' lang='lat' dir='ltr'>esse,</span> <span class='ocrx_word' id='word_1_275' title='bbox 992 1852 1044 1901; x_wconf 81' lang='lat' dir='ltr'>Q.</span> <span class='ocrx_word' id='word_1_276' title='bbox 1065 1852 1192 1894; x_wconf 85' lang='lat' dir='ltr'>Fabio</span> <span class='ocrx_word' id='word_1_277' title='bbox 1215 1862 1257 1894; x_wconf 88' lang='lat' dir='ltr'>et</span> <span class='ocrx_word' id='word_1_278' title='bbox 1285 1853 1350 1894; x_wconf 82' lang='lat' dir='ltr'>Ti.</span> <span class='ocrx_word' id='word_1_279' title='bbox 1373 1852 1567 1909; x_wconf 81' lang='lat' dir='ltr'>Sempro-</span> 
     </span>
     <span class='ocr_line' id='line_1_32' title="bbox 183 1909 1565 1967; baseline 0.001 -16"><span class='ocrx_word' id='word_1_280' title='bbox 183 1910 278 1951; x_wconf 82' lang='lat' dir='ltr'>‘nio</span> <span class='ocrx_word' id='word_1_281' title='bbox 307 1909 546 1951; x_wconf 88' lang='lat' dir='ltr'>consulibus</span> <span class='ocrx_word' id='word_1_282' title='bbox 573 1910 721 1966; x_wconf 78' lang='lat' dir='ltr'>viginti</span> <span class='ocrx_word' id='word_1_283' title='bbox 749 1911 868 1951; x_wconf 89' lang='lat' dir='ltr'>annis</span> <span class='ocrx_word' id='word_1_284' title='bbox 897 1920 992 1951; x_wconf 87' lang='lat' dir='ltr'>ante</span> <span class='ocrx_word' id='word_1_285' title='bbox 1024 1911 1182 1952; x_wconf 78' lang='lat' dir='ltr'>latam?</span> <span class='ocrx_word' id='word_1_286' title='bbox 1213 1911 1302 1952; x_wconf 86' lang='lat' dir='ltr'>sine</span> <span class='ocrx_word' id='word_1_287' title='bbox 1331 1927 1414 1967; x_wconf 88' lang='lat' dir='ltr'>qua</span> <span class='ocrx_word' id='word_1_288' title='bbox 1435 1926 1565 1967; x_wconf 90' lang='lat' dir='ltr'>quum</span> 
     </span>
     <span class='ocr_line' id='line_1_33' title="bbox 183 1968 1566 2024; baseline 0 -15"><span class='ocrx_word' id='word_1_289' title='bbox 183 1974 282 2024; x_wconf 87' lang='lat' dir='ltr'>‘per</span> <span class='ocrx_word' id='word_1_290' title='bbox 311 1976 373 2009; x_wconf 88' lang='lat' dir='ltr'>tot</span> <span class='ocrx_word' id='word_1_291' title='bbox 403 1983 532 2009; x_wconf 88' lang='lat' dir='ltr'>annos</span> <span class='ocrx_word' id='word_1_292' title='bbox 564 1979 775 2009; x_wconf 80' lang='lat' dir='ltr'>matronae</span> <span class='ocrx_word' id='word_1_293' title='bbox 808 1968 975 2023; x_wconf 87' lang='lat' dir='ltr'>optimis</span> <span class='ocrx_word' id='word_1_294' title='bbox 1006 1969 1189 2010; x_wconf 90' lang='lat' dir='ltr'>moribus</span> <span class='ocrx_word' id='word_1_295' title='bbox 1225 1969 1418 2019; x_wconf 76' lang='lat' dir='ltr'>vixerint,</span> <span class='ocrx_word' id='word_1_296' title='bbox 1451 1968 1566 2024; x_wconf 87' lang='lat' dir='ltr'>quod</span> 
     </span>
     <span class='ocr_line' id='line_1_34' title="bbox 184 2025 1567 2083; baseline 0.001 -17"><span class='ocrx_word' id='word_1_297' title='bbox 184 2031 196 2049; x_wconf 86' lang='lat'>‘</span> <span class='ocrx_word' id='word_1_298' title='bbox 209 2025 391 2075; x_wconf 87' lang='lat' dir='ltr'>tandem,</span> <span class='ocrx_word' id='word_1_299' title='bbox 415 2041 467 2067; x_wconf 89' lang='lat' dir='ltr'>ne</span> <span class='ocrx_word' id='word_1_300' title='bbox 496 2026 691 2081; x_wconf 81' lang='lat' dir='ltr'>abrogata</span> <span class='ocrx_word' id='word_1_301' title='bbox 712 2042 760 2067; x_wconf 87' lang='lat' dir='ltr'>ea</span> <span class='ocrx_word' id='word_1_302' title='bbox 788 2026 1057 2067; x_wconf 84' lang='lat' dir='ltr'>effundantur</span> <span class='ocrx_word' id='word_1_303' title='bbox 1077 2026 1130 2067; x_wconf 89' lang='lat' dir='ltr'>ad</span> <span class='ocrx_word' id='word_1_304' title='bbox 1158 2026 1380 2075; x_wconf 82' lang='lat' dir='ltr'>luxuriam,</span> <span class='ocrx_word' id='word_1_305' title='bbox 1402 2027 1567 2083; x_wconf 86' lang='lat' dir='ltr'>pericu-</span> 
     </span>
     <span class='ocr_line' id='line_1_35' title="bbox 185 2082 1566 2133; baseline 0.001 -10"><span class='ocrx_word' id='word_1_306' title='bbox 185 2082 295 2124; x_wconf 88' lang='lat' dir='ltr'>‘lum</span> <span class='ocrx_word' id='word_1_307' title='bbox 317 2084 409 2124; x_wconf 78' lang='lat' dir='ltr'>est?</span> <span class='ocrx_word' id='word_1_308' title='bbox 442 2082 553 2123; x_wconf 84' lang='lat' dir='ltr'>Nam</span> <span class='ocrx_word' id='word_1_309' title='bbox 576 2085 608 2124; x_wconf 87' lang='lat' dir='ltr'>si</span> <span class='ocrx_word' id='word_1_310' title='bbox 632 2084 709 2124; x_wconf 88' lang='lat' dir='ltr'>ista</span> <span class='ocrx_word' id='word_1_311' title='bbox 729 2083 797 2124; x_wconf 85' lang='lat' dir='ltr'>lex</span> <span class='ocrx_word' id='word_1_312' title='bbox 826 2084 920 2124; x_wconf 86' lang='lat' dir='ltr'>ideo</span> <span class='ocrx_word' id='word_1_313' title='bbox 949 2084 1032 2125; x_wconf 86' lang='lat' dir='ltr'>lata</span> <span class='ocrx_word' id='word_1_314' title='bbox 1052 2092 1170 2133; x_wconf 87' lang='lat' dir='ltr'>esset,</span> <span class='ocrx_word' id='word_1_315' title='bbox 1194 2093 1240 2124; x_wconf 91' lang='lat' dir='ltr'>ut</span> <span class='ocrx_word' id='word_1_316' title='bbox 1268 2085 1408 2125; x_wconf 83' lang='lat' dir='ltr'>finiret</span> <span class='ocrx_word' id='word_1_317' title='bbox 1428 2084 1566 2125; x_wconf 89' lang='lat' dir='ltr'>libidi-</span> 
     </span>
     <span class='ocr_line' id='line_1_36' title="bbox 184 2140 1563 2197; baseline 0.001 -16"><span class='ocrx_word' id='word_1_318' title='bbox 184 2147 305 2182; x_wconf 81' lang='lat' dir='ltr'>‘nem</span> <span class='ocrx_word' id='word_1_319' title='bbox 339 2140 598 2189; x_wconf 83' lang='lat' dir='ltr'>muliebrem,</span> <span class='ocrx_word' id='word_1_320' title='bbox 628 2141 857 2182; x_wconf 81' lang='lat' dir='ltr'>verendum</span> <span class='ocrx_word' id='word_1_321' title='bbox 888 2141 1006 2191; x_wconf 87' lang='lat' dir='ltr'>foret,</span> <span class='ocrx_word' id='word_1_322' title='bbox 1039 2157 1091 2182; x_wconf 88' lang='lat' dir='ltr'>ne</span> <span class='ocrx_word' id='word_1_323' title='bbox 1123 2142 1319 2197; x_wconf 80' lang='lat' dir='ltr'>abrogata</span> <span class='ocrx_word' id='word_1_324' title='bbox 1349 2142 1563 2183; x_wconf 85' lang='lat' dir='ltr'>incitaret:</span> 
     </span>
     <span class='ocr_line' id='line_1_37' title="bbox 183 2198 1567 2256; baseline 0 -16"><span class='ocrx_word' id='word_1_325' title='bbox 183 2204 196 2222; x_wconf 88' lang='lat'>‘</span> <span class='ocrx_word' id='word_1_326' title='bbox 212 2214 287 2240; x_wconf 91' lang='lat' dir='ltr'>cur</span> <span class='ocrx_word' id='word_1_327' title='bbox 306 2199 358 2240; x_wconf 88' lang='lat' dir='ltr'>sit</span> <span class='ocrx_word' id='word_1_328' title='bbox 380 2208 519 2240; x_wconf 88' lang='lat' dir='ltr'>autem</span> <span class='ocrx_word' id='word_1_329' title='bbox 541 2198 635 2249; x_wconf 88' lang='lat' dir='ltr'>lata,</span> <span class='ocrx_word' id='word_1_330' title='bbox 659 2199 794 2255; x_wconf 87' lang='lat' dir='ltr'>ipsum</span> <span class='ocrx_word' id='word_1_331' title='bbox 823 2199 1022 2240; x_wconf 83' lang='lat' dir='ltr'>indicavit</span> <span class='ocrx_word' id='word_1_332' title='bbox 1049 2209 1223 2256; x_wconf 71' lang='lat' dir='ltr'>tempus</span> <span class='ocrx_word' id='word_1_333' title='bbox 1288 2199 1502 2241; x_wconf 85' lang='lat' dir='ltr'>Hannibal</span> <span class='ocrx_word' id='word_1_334' title='bbox 1523 2201 1567 2240; x_wconf 91' lang='lat' dir='ltr'>in</span> 
     </span>
     <span class='ocr_line' id='line_1_38' title="bbox 183 2256 1565 2314; baseline 0 -16"><span class='ocrx_word' id='word_1_335' title='bbox 183 2263 195 2281; x_wconf 83' lang='lat'>‘</span> <span class='ocrx_word' id='word_1_336' title='bbox 211 2256 333 2298; x_wconf 85' lang='lat' dir='ltr'>Italia</span> <span class='ocrx_word' id='word_1_337' title='bbox 353 2266 441 2298; x_wconf 86' lang='lat' dir='ltr'>erat</span> <span class='ocrx_word' id='word_1_338' title='bbox 461 2257 592 2298; x_wconf 84' lang='lat' dir='ltr'>victor</span> <span class='ocrx_word' id='word_1_339' title='bbox 619 2257 671 2297; x_wconf 86' lang='lat' dir='ltr'>ad</span> <span class='ocrx_word' id='word_1_340' title='bbox 696 2257 889 2298; x_wconf 87' lang='lat' dir='ltr'>Cannas:</span> <span class='ocrx_word' id='word_1_341' title='bbox 924 2257 1005 2298; x_wconf 86' lang='lat' dir='ltr'>iam</span> <span class='ocrx_word' id='word_1_342' title='bbox 1035 2258 1279 2307; x_wconf 88' lang='lat' dir='ltr'>Tarentum,</span> <span class='ocrx_word' id='word_1_343' title='bbox 1302 2258 1384 2298; x_wconf 86' lang='lat' dir='ltr'>iam</span> <span class='ocrx_word' id='word_1_344' title='bbox 1415 2259 1565 2314; x_wconf 84' lang='lat' dir='ltr'>Arpos,</span> 
     </span>
     <span class='ocr_line' id='line_1_39' title="bbox 184 2314 1567 2371; baseline 0.001 -16"><span class='ocrx_word' id='word_1_345' title='bbox 184 2315 293 2356; x_wconf 89' lang='lat' dir='ltr'>‘iam</span> <span class='ocrx_word' id='word_1_346' title='bbox 325 2314 515 2371; x_wconf 85' lang='lat' dir='ltr'>Capuam</span> <span class='ocrx_word' id='word_1_347' title='bbox 542 2314 746 2356; x_wconf 86' lang='lat' dir='ltr'>habebat:</span> <span class='ocrx_word' id='word_1_348' title='bbox 781 2315 834 2355; x_wconf 84' lang='lat' dir='ltr'>ad</span> <span class='ocrx_word' id='word_1_349' title='bbox 855 2315 1000 2356; x_wconf 85' lang='lat' dir='ltr'>urbem</span> <span class='ocrx_word' id='word_1_350' title='bbox 1030 2315 1209 2356; x_wconf 85' lang='lat' dir='ltr'>Romam</span> <span class='ocrx_word' id='word_1_351' title='bbox 1236 2315 1478 2357; x_wconf 88' lang='lat' dir='ltr'>admoturus</span> <span class='ocrx_word' id='word_1_352' title='bbox 1494 2331 1567 2357; x_wconf 77' lang='lat' dir='ltr'>ex-</span> 
     </span>
     <span class='ocr_line' id='line_1_40' title="bbox 184 2372 1565 2430; baseline 0.001 -16"><span class='ocrx_word' id='word_1_353' title='bbox 184 2372 384 2414; x_wconf 88' lang='lat' dir='ltr'>‘ercitum</span> <span class='ocrx_word' id='word_1_354' title='bbox 414 2373 656 2414; x_wconf 83' lang='lat' dir='ltr'>videbatur:</span> <span class='ocrx_word' id='word_1_355' title='bbox 691 2373 930 2414; x_wconf 86' lang='lat' dir='ltr'>defecerant</span> <span class='ocrx_word' id='word_1_356' title='bbox 957 2373 1083 2414; x_wconf 86' lang='lat' dir='ltr'>socii:</span> <span class='ocrx_word' id='word_1_357' title='bbox 1118 2389 1203 2415; x_wconf 89' lang='lat' dir='ltr'>non</span> <span class='ocrx_word' id='word_1_358' title='bbox 1232 2373 1384 2414; x_wconf 84' lang='lat' dir='ltr'>milites</span> <span class='ocrx_word' id='word_1_359' title='bbox 1405 2374 1449 2414; x_wconf 90' lang='lat' dir='ltr'>in</span> <span class='ocrx_word' id='word_1_360' title='bbox 1470 2389 1565 2430; x_wconf 90' lang='lat' dir='ltr'>sup-</span> 
     </span>
     <span class='ocr_line' id='line_1_41' title="bbox 184 2429 1567 2487; baseline 0.002 -17"><span class='ocrx_word' id='word_1_361' title='bbox 184 2436 196 2454; x_wconf 87' lang='lat'>‘</span> <span class='ocrx_word' id='word_1_362' title='bbox 211 2429 484 2487; x_wconf 89' lang='lat' dir='ltr'>plementum,</span> <span class='ocrx_word' id='word_1_363' title='bbox 507 2446 592 2471; x_wconf 87' lang='lat' dir='ltr'>non</span> <span class='ocrx_word' id='word_1_364' title='bbox 621 2431 752 2472; x_wconf 88' lang='lat' dir='ltr'>socios</span> <span class='ocrx_word' id='word_1_365' title='bbox 780 2431 944 2472; x_wconf 80' lang='lat' dir='ltr'>navales</span> <span class='ocrx_word' id='word_1_366' title='bbox 972 2430 1023 2471; x_wconf 89' lang='lat' dir='ltr'>ad</span> <span class='ocrx_word' id='word_1_367' title='bbox 1045 2431 1215 2472; x_wconf 85' lang='lat' dir='ltr'>classem</span> <span class='ocrx_word' id='word_1_368' title='bbox 1245 2431 1458 2481; x_wconf 83' lang='lat' dir='ltr'>tuendam,</span> <span class='ocrx_word' id='word_1_369' title='bbox 1482 2447 1567 2473; x_wconf 87' lang='lat' dir='ltr'>non</span> 
     </span>
     <span class='ocr_line' id='line_1_42' title="bbox 184 2488 1568 2546; baseline 0.002 -18"><span class='ocrx_word' id='word_1_370' title='bbox 184 2488 432 2544; x_wconf 84' lang='lat' dir='ltr'>‘pecuniam</span> <span class='ocrx_word' id='word_1_371' title='bbox 458 2489 501 2528; x_wconf 91' lang='lat' dir='ltr'>in</span> <span class='ocrx_word' id='word_1_372' title='bbox 527 2489 683 2529; x_wconf 88' lang='lat' dir='ltr'>aerario</span> <span class='ocrx_word' id='word_1_373' title='bbox 714 2489 991 2530; x_wconf 86' lang='lat' dir='ltr'>habebamus:</span> <span class='ocrx_word' id='word_1_374' title='bbox 1026 2489 1144 2539; x_wconf 82' lang='lat' dir='ltr'>servi,</span> <span class='ocrx_word' id='word_1_375' title='bbox 1174 2489 1325 2546; x_wconf 87' lang='lat' dir='ltr'>quibus</span> <span class='ocrx_word' id='word_1_376' title='bbox 1356 2505 1469 2531; x_wconf 91' lang='lat' dir='ltr'>arma</span> <span class='ocrx_word' id='word_1_377' title='bbox 1495 2490 1568 2531; x_wconf 86' lang='lat' dir='ltr'>da-</span> 
     </span>
    </p>
   </div>
   <div class='ocr_carea' id='block_1_4' title="bbox 179 2599 1568 2898">
    <p class='ocr_par' dir='ltr' id='par_1_4' title="bbox 185 2599 1568 2685">
     <span class='ocr_line' id='line_1_43' title="bbox 231 2599 1567 2643; baseline 0.001 -12"><span class='ocrx_word' id='word_1_378' title='bbox 231 2599 251 2631; x_wconf 87' lang='lat'><strong>6</strong></span> <span class='ocrx_word' id='word_1_379' title='bbox 270 2601 456 2633; x_wconf 75' lang='lat' dir='ltr'>Consularis</span> <span class='ocrx_word' id='word_1_380' title='bbox 467 2603 584 2640; x_wconf 73' lang='lat' dir='ltr'>oratio]</span> <span class='ocrx_word' id='word_1_381' title='bbox 607 2614 648 2633; x_wconf 75' lang='lat' dir='ltr'>se.</span> <span class='ocrx_word' id='word_1_382' title='bbox 664 2602 770 2642; x_wconf 81' lang='lat' dir='ltr'>Digna</span> <span class='ocrx_word' id='word_1_383' title='bbox 781 2612 852 2632; x_wconf 88' lang='lat' dir='ltr'>con-</span> <span class='ocrx_word' id='word_1_384' title='bbox 900 2607 969 2641; x_wconf 75' lang='lat' dir='ltr'>post</span> <span class='ocrx_word' id='word_1_385' title='bbox 1001 2602 1119 2633; x_wconf 77' lang='lat' dir='ltr'>eiectos</span> <span class='ocrx_word' id='word_1_386' title='bbox 1149 2613 1247 2643; x_wconf 83' lang='lat' dir='ltr'>reges,</span> <span class='ocrx_word' id='word_1_387' title='bbox 1274 2603 1323 2633; x_wconf 70' lang='lat' dir='ltr'>vel</span> <span class='ocrx_word' id='word_1_388' title='bbox 1354 2604 1467 2633; x_wconf 79' lang='lat' dir='ltr'>saltem</span> <span class='ocrx_word' id='word_1_389' title='bbox 1493 2604 1567 2633; x_wconf 85' lang='lat' dir='ltr'>Tar-</span> 
     </span>
     <span class='ocr_line' id='line_1_44' title="bbox 185 2644 1568 2685; baseline 0.002 -12"><span class='ocrx_word' id='word_1_390' title='bbox 185 2644 264 2674; x_wconf 83' lang='lat' dir='ltr'>sule.</span> <span class='ocrx_word' id='word_1_391' title='bbox 898 2645 1007 2684; x_wconf 78' lang='lat' dir='ltr'>quinio</span> <span class='ocrx_word' id='word_1_392' title='bbox 1038 2646 1182 2685; x_wconf 81' lang='lat' dir='ltr'>Superbo</span> <span class='ocrx_word' id='word_1_393' title='bbox 1213 2650 1374 2685; x_wconf 74' lang='lat' dir='ltr'>regnante,</span> <span class='ocrx_word' id='word_1_394' title='bbox 1406 2646 1437 2675; x_wconf 87' lang='lat' dir='ltr'>in</span> <span class='ocrx_word' id='word_1_395' title='bbox 1470 2657 1568 2676; x_wconf 85' lang='lat' dir='ltr'>unum</span> 
     </span>
    </p>

    <p class='ocr_par' dir='ltr' id='par_1_5' title="bbox 179 2687 1568 2898">
     <span class='ocr_line' id='line_1_45' title="bbox 223 2687 1568 2728; baseline 0.002 -13"><span class='ocrx_word' id='word_1_396' title='bbox 223 2693 238 2724; x_wconf 92' lang='lat'>7</span> <span class='ocrx_word' id='word_1_397' title='bbox 264 2687 357 2717; x_wconf 74' lang='lat' dir='ltr'>Vetus</span> <span class='ocrx_word' id='word_1_398' title='bbox 367 2689 455 2726; x_wconf 72' lang='lat' dir='ltr'>reyz&#39;a</span> <span class='ocrx_word' id='word_1_399' title='bbox 465 2689 532 2725; x_wconf 55' lang='lat' dir='ltr'>lem]</span> <span class='ocrx_word' id='word_1_400' title='bbox 552 2698 594 2718; x_wconf 81' lang='lat' dir='ltr'>sc.</span> <span class='ocrx_word' id='word_1_401' title='bbox 611 2689 682 2719; x_wconf 85' lang='lat' dir='ltr'>Una</span> <span class='ocrx_word' id='word_1_402' title='bbox 694 2699 732 2718; x_wconf 77' lang='lat' dir='ltr'>ex</span> <span class='ocrx_word' id='word_1_403' title='bbox 744 2698 851 2718; x_wconf 84' lang='lat' dir='ltr'>earum</span> <span class='ocrx_word' id='word_1_404' title='bbox 898 2689 1078 2727; x_wconf 81' lang='lat' dir='ltr'>eollegerat.</span> <span class='ocrx_word' id='word_1_405' title='bbox 1126 2688 1165 2718; x_wconf 88' lang='lat' dir='ltr'>Id</span> <span class='ocrx_word' id='word_1_406' title='bbox 1191 2699 1304 2727; x_wconf 86' lang='lat' dir='ltr'>eorpus</span> <span class='ocrx_word' id='word_1_407' title='bbox 1336 2689 1441 2727; x_wconf 81' lang='lat' dir='ltr'>legum</span> <span class='ocrx_word' id='word_1_408' title='bbox 1473 2689 1568 2728; x_wconf 78' lang='lat' dir='ltr'>regia-</span> 
     </span>
     <span class='ocr_line' id='line_1_46' title="bbox 184 2730 1568 2770; baseline 0.003 -12"><span class='ocrx_word' id='word_1_409' title='bbox 184 2738 329 2765; x_wconf 85' lang='lat' dir='ltr'>numcro‚</span> <span class='ocrx_word' id='word_1_410' title='bbox 350 2740 431 2768; x_wconf 80' lang='lat' dir='ltr'>quae</span> <span class='ocrx_word' id='word_1_411' title='bbox 454 2731 494 2760; x_wconf 88' lang='lat' dir='ltr'>ab</span> <span class='ocrx_word' id='word_1_412' title='bbox 515 2730 638 2769; x_wconf 74' lang='lat' dir='ltr'>regibus</span> <span class='ocrx_word' id='word_1_413' title='bbox 659 2731 744 2761; x_wconf 78' lang='lat' dir='ltr'>latae</span> <span class='ocrx_word' id='word_1_414' title='bbox 770 2735 853 2761; x_wconf 78' lang='lat' dir='ltr'>sunt.</span> <span class='ocrx_word' id='word_1_415' title='bbox 899 2741 968 2760; x_wconf 78' lang='lat' dir='ltr'>rum</span> <span class='ocrx_word' id='word_1_416' title='bbox 998 2732 1056 2761; x_wconf 72' lang='lat' dir='ltr'>Ias</span> <span class='ocrx_word' id='word_1_417' title='bbox 1082 2732 1301 2770; x_wconf 64' lang='lat' dir='ltr'>Papio-innata</span> <span class='ocrx_word' id='word_1_418' title='bbox 1332 2736 1480 2761; x_wconf 69' lang='lat' dir='ltr'>meatum</span> <span class='ocrx_word' id='word_1_419' title='bbox 1513 2736 1568 2762; x_wconf 81' lang='lat' dir='ltr'>est.</span> 
     </span>
     <span class='ocr_line' id='line_1_47' title="bbox 179 2771 1567 2813; baseline 0.001 -12"><span class='ocrx_word' id='word_1_420' title='bbox 179 2771 258 2801; x_wconf 71' lang='lat' dir='ltr'>llas</span> <span class='ocrx_word' id='word_1_421' title='bbox 283 2782 353 2801; x_wconf 85' lang='lat' dir='ltr'>vero</span> <span class='ocrx_word' id='word_1_422' title='bbox 378 2772 462 2809; x_wconf 69' lang='lat' dir='ltr'>leges</span> <span class='ocrx_word' id='word_1_423' title='bbox 488 2773 587 2810; x_wconf 71' lang='lat' dir='ltr'>regias</span> <span class='ocrx_word' id='word_1_424' title='bbox 614 2774 686 2804; x_wconf 61' lang='lat' dir='ltr'>SeX.</span> <span class='ocrx_word' id='word_1_425' title='bbox 707 2773 854 2812; x_wconf 78' lang='lat' dir='ltr'>Papirius</span> <span class='ocrx_word' id='word_1_426' title='bbox 898 2774 961 2803; x_wconf 63' lang='lat'>5011</span> <span class='ocrx_word' id='word_1_427' title='bbox 977 2775 1016 2804; x_wconf 85' lang='lat' dir='ltr'>de</span> <span class='ocrx_word' id='word_1_428' title='bbox 1037 2774 1109 2803; x_wconf 81' lang='lat' dir='ltr'>Iure</span> <span class='ocrx_word' id='word_1_429' title='bbox 1129 2773 1299 2813; x_wconf 80' lang='lat' dir='ltr'>Papiriano</span> <span class='ocrx_word' id='word_1_430' title='bbox 1322 2774 1386 2804; x_wconf 85' lang='lat' dir='ltr'>alia</span> <span class='ocrx_word' id='word_1_431' title='bbox 1408 2774 1479 2804; x_wconf 75' lang='lat' dir='ltr'>aliis</span> <span class='ocrx_word' id='word_1_432' title='bbox 1502 2775 1567 2813; x_wconf 58' lang='lat' dir='ltr'>pla&gt;</span> 
     </span>
     <span class='ocr_line' id='line_1_48' title="bbox 181 2814 1568 2855; baseline 0.002 -12"><span class='ocrx_word' id='word_1_433' title='bbox 181 2814 328 2853; x_wconf 76' lang='lat' dir='ltr'>quidam,</span> <span class='ocrx_word' id='word_1_434' title='bbox 354 2814 376 2843; x_wconf 77' lang='lat' dir='ltr'>si</span> <span class='ocrx_word' id='word_1_435' title='bbox 410 2815 542 2854; x_wconf 70' lang='lat' dir='ltr'>Dionys,</span> <span class='ocrx_word' id='word_1_436' title='bbox 566 2815 608 2845; x_wconf 85' lang='lat' dir='ltr'>iii.</span> <span class='ocrx_word' id='word_1_437' title='bbox 630 2815 678 2854; x_wconf 82' lang='lat'>36.</span> <span class='ocrx_word' id='word_1_438' title='bbox 703 2820 733 2845; x_wconf 82' lang='lat' dir='ltr'>et</span> <span class='ocrx_word' id='word_1_439' title='bbox 759 2817 853 2846; x_wconf 84' lang='lat' dir='ltr'>Pom·</span> <span class='ocrx_word' id='word_1_440' title='bbox 899 2816 1031 2846; x_wconf 85' lang='lat' dir='ltr'>cuerint.</span> <span class='ocrx_word' id='word_1_441' title='bbox 1065 2818 1103 2846; x_wconf 88' lang='lat' dir='ltr'>ef.</span> <span class='ocrx_word' id='word_1_442' title='bbox 1131 2817 1218 2847; x_wconf 80' lang='lat' dir='ltr'>Fuss.</span> <span class='ocrx_word' id='word_1_443' title='bbox 1247 2818 1287 2847; x_wconf 80' lang='lat' dir='ltr'>R.</span> <span class='ocrx_word' id='word_1_444' title='bbox 1317 2816 1424 2855; x_wconf 81' lang='lat' dir='ltr'>Autiq.</span> <span class='ocrx_word' id='word_1_445' title='bbox 1453 2819 1469 2853; x_wconf 60' lang='grc' dir='ltr'>ς’</span> <span class='ocrx_word' id='word_1_446' title='bbox 1500 2824 1568 2854; x_wconf 77' lang='lat'>272.</span> 
     </span>
     <span class='ocr_line' id='line_1_49' title="bbox 186 2857 1567 2898; baseline 0.001 -11"><span class='ocrx_word' id='word_1_447' title='bbox 186 2867 259 2896; x_wconf 87' lang='lat' dir='ltr'>pon.</span> <span class='ocrx_word' id='word_1_448' title='bbox 284 2857 324 2887; x_wconf 86' lang='lat' dir='ltr'>dc</span> <span class='ocrx_word' id='word_1_449' title='bbox 348 2857 434 2896; x_wconf 73' lang='lat' dir='ltr'>Orig.</span> <span class='ocrx_word' id='word_1_450' title='bbox 461 2858 526 2888; x_wconf 84' lang='lat' dir='ltr'>Iur.</span> <span class='ocrx_word' id='word_1_451' title='bbox 549 2857 579 2887; x_wconf 88' lang='lat' dir='ltr'>ii.</span> <span class='ocrx_word' id='word_1_452' title='bbox 597 2858 613 2895; x_wconf 65' lang='grc' dir='ltr'><strong>ἕ</strong></span> <span class='ocrx_word' id='word_1_453' title='bbox 634 2868 659 2888; x_wconf 81' lang='lat'>2.</span> <span class='ocrx_word' id='word_1_454' title='bbox 676 2858 854 2896; x_wconf 77' lang='lat' dir='ltr'>audiamus,</span> <span class='ocrx_word' id='word_1_455' title='bbox 903 2859 999 2898; x_wconf 82' lang='lat' dir='ltr'>Ilugo</span> <span class='ocrx_word' id='word_1_456' title='bbox 1016 2859 1134 2890; x_wconf 54' lang='grc' dir='ltr'>(ἔθεε-ὴ.</span> <span class='ocrx_word' id='word_1_457' title='bbox 1151 2860 1207 2890; x_wconf 79' lang='lat' dir='ltr'>des</span> <span class='ocrx_word' id='word_1_458' title='bbox 1224 2860 1318 2890; x_wconf 68' lang='lat' dir='ltr'>Rom.</span> <span class='ocrx_word' id='word_1_459' title='bbox 1334 2859 1465 2890; x_wconf 56' lang='lat' dir='ltr'>Rechts.</span> <span class='ocrx_word' id='word_1_460' title='bbox 1484 2860 1500 2895; x_wconf 70' lang='grc' dir='ltr'>ξ</span> <span class='ocrx_word' id='word_1_461' title='bbox 1519 2858 1567 2898; x_wconf 78' lang='lat'>56.</span> 
     </span>
    </p>
   </div>
  </div>
 </body>
</html>
