1960 3218
182 251 225 282 U.
243 251 280 283 C.
303 251 374 292 562.

178 295 219 326 A.
244 294 281 326 C.
306 305 374 336 190.

174 1694 294 1737 Classis

176 1737 272 1767 Rom.
292 1737 371 1767 Hel—

175 1779 357 1818 lespontum

174 1822 266 1861 petit.

242 2664 304 2702 10.

388 156 469 198 272
897 152 1045 196 ΤΙΤΙ
1082 152 1261 195 LIVII

388 242 674 285 Bellicosiores
699 258 750 285 ea
777 251 1022 300 tempestate
1049 252 1179 293 erant,
1206 243 1389 285 Gallicos
1409 243 1559 294 adhuc,
1582 244 1771 286 nondum

387 300 551 342 exoleta
578 301 705 357 stirpe
733 301 882 356 gentiS,
905 310 1114 342 servantes
1138 301 1308 343 animos.
1371 301 1523 342 Filium
1549 301 1769 343 Seleucum

386 359 430 399 in
465 358 644 400 Aeolide
680 359 905 415 reliquerat
937 374 1032 400 cum
1068 359 1256 400 exercitu
1291 359 1344 400 ad
1379 360 1603 400 maritimas
1639 360 1772 401 conti-

385 416 545 457 nendas
581 417 728 458 urbes:
768 432 870 472 quas
905 416 1020 457 illinc
1057 431 1080 457 a
1116 416 1321 472 Pergamo
1357 416 1580 467 Eumenes,
1614 417 1712 459 hinc
1747 432 1772 458 a

386 474 579 515 Phocaea
612 474 885 531 Erythrisque
922 474 1104 515 Romani
1140 474 1428 515 sollicitabant.
1494 474 1647 516 Classis
1682 475 1771 516 Ro-

386 547 521 581 mana,
555 532 662 573 sicut
694 542 790 573 ante
823 532 982 573 dietum
1017 541 1092 581 est,
1127 532 1178 572 ad
1215 532 1352 573 Canas
1387 532 1642 574 hibernabat.
1707 532 1770 574 Eo

386 589 525 630 media
559 590 687 631 ferme
729 590 865 630 hieme
901 605 975 630 rex
1013 589 1224 631 Eumenes
1259 605 1354 630 cum
1390 589 1552 631 duobus
1588 590 1770 631 millibus

386 647 589 703 peditum,
631 647 841 703 equitibus
882 656 1064 696 centum,
1106 647 1232 688 venit.
1310 647 1362 696 Is,
1405 663 1536 703 quum
1577 663 1770 703 magnam

385 705 581 761 praedam
622 705 689 761 agi
724 720 842 761 posse
878 705 1051 745 dixisset
1091 720 1144 745 ex
1184 704 1364 745 hostium
1406 720 1516 761 agro,
1554 706 1626 761 qui
1662 706 1771 747 circa

387 762 589 818 Thyatira
630 773 750 812 esset,
792 762 998 803 hortando
1043 762 1226 818 perpulit
1266 762 1447 812 Livium,
1489 772 1536 804 ut
1581 763 1768 819 quinque

386 820 516 861 millia
543 820 723 861 militum
751 835 891 860 secum
920 820 1115 860 mitteret.
1179 819 1301 860 Missi
1330 820 1544 874 ingentem
1572 821 1769 876 praedam

386 878 493 919 intra
514 893 666 934 paucos
687 878 776 918 dies
796 886 1044 918 averterunt.
1108 876 1224 918 Inter
1252 877 1354 918 haec
1376 878 1591 919 Phocaeae
1621 878 1769 919 seditio

386 947 486 985 orta,
514 935 763 991 quibusdam
796 935 848 976 ad
878 935 1137 976 Antiochum
1172 935 1452 975 multitudinis
1484 935 1643 976 animos
1673 950 1769 976 avo-

385 993 585 1034 cantibus.
651 992 805 1033 Gravia
831 992 1006 1033 hiberna
1033 992 1202 1033 navium
1231 1001 1374 1041 erant3
1406 1007 1529 1048 grave
1552 993 1767 1042 tributum,

385 1050 499 1106 quod
532 1060 651 1106 togae
686 1051 940 1107 quingentae
974 1050 1200 1106 imperatae
1237 1059 1368 1099 erant,
1399 1065 1495 1091 cum
1528 1050 1769 1106 quingentis

385 1108 562 1158 tunicis,
595 1108 728 1164 gravis
756 1109 882 1149 etiam
909 1108 1050 1163 inopia
1071 1108 1281 1157 frumenti,
1303 1117 1473 1164 propter
1493 1123 1619 1163 quam
1644 1123 1768 1149 naves

384 1181 552 1222 quoque
595 1175 636 1207 et
675 1166 928 1222 praesidium
972 1165 1211 1206 Romanum
1252 1165 1439 1206 excessit.
1517 1165 1631 1206 Tum
1670 1181 1768 1207 vero

384 1223 556 1265 liberata
586 1233 702 1265 metu
731 1223 855 1264 factio
887 1231 986 1272 erat,
1014 1238 1120 1278 quae
1150 1223 1315 1279 plebem
1342 1223 1386 1263 in
1418 1223 1689 1264 concionibus
1714 1223 1768 1264 ad

383 1281 645 1323 Antiochum
679 1281 878 1322 trahebat.
944 1280 1120 1322 Senatus
1158 1290 1200 1321 et
1235 1281 1454 1336 optimates
1494 1281 1539 1321 in
1576 1281 1769 1322 Romana.

383 1339 578 1380 societate
600 1338 870 1394 perstandum
893 1338 1128 1379 censebant.
1186 1337 1446 1379 Defectionis
1467 1347 1653 1380 auctores
1673 1338 1767 1394 plus

383 1397 495 1453 apud
526 1396 840 1438 multitudinem
871 1396 1102 1437 valuerunt.
1166 1395 1337 1445 Rhodii,
1361 1411 1444 1452 quo
1475 1396 1606 1452 magis
1635 1411 1768 1437 cessa-

384 1464 473 1495 tum
508 1455 644 1510 priore
681 1464 833 1495 aestate
870 1463 969 1502 erat,
1006 1469 1056 1494 eo
1094 1453 1295 1494 maturius
1336 1453 1603 1509 aequinoctio
1638 1468 1766 1495 verno

383 1512 566 1553 eundem
601 1512 903 1553 Pausistratum
936 1511 1073 1552 classis
1105 1511 1359 1566 praefectum
1393 1526 1488 1552 cum
1519 1527 1591 1552 sex
1622 1519 1663 1552 et
1694 1511 1768 1552 tri-

382 1570 499 1626 ginta
519 1570 693 1611 navibus
714 1569 928 1610 miserunt.
990 1568 1079 1609 Iam
1102 1568 1246 1609 Livius
1275 1584 1298 1609 a
1326 1567 1454 1609 Canis
1478 1583 1574 1610 cum
1596 1568 1768 1624 triginta

383 1628 557 1669 navibus
597 1636 639 1668 et
674 1635 831 1683 septem
866 1626 1211 1682 quadriremibus,
1245 1641 1347 1682 quas
1382 1641 1522 1667 secum
1555 1626 1767 1668 Eumenes

383 1700 457 1726 rex
492 1685 735 1734 adduxerat,
774 1684 1097 1741 Hellespontum
1137 1684 1332 1740 petebat3
1378 1693 1424 1725 ut
1459 1684 1512 1725 ad
1547 1684 1765 1725 transitum

384 1743 602 1792 exercitus,
637 1758 764 1799 quem
797 1751 905 1783 terra
940 1751 1162 1783 venturum
1195 1742 1455 1797 opinabatur,
1489 1750 1764 1798 praepararet,

384 1817 490 1857 quae
522 1815 626 1856 opus
657 1809 804 1841 essent.
867 1799 916 1839 In
947 1807 1128 1855 portum,
1156 1814 1281 1854 quem
1309 1808 1459 1840 vocant
1483 1799 1764 1848 Achaeorum,

384 1859 555 1900 classem
580 1858 761 1914 primum
787 1857 976 1898 advertit.
1039 1856 1144 1897 Inde
1172 1856 1297 1897 Ilium
1323 1856 1521 1905 escendit,
1544 1856 1765 1897 sacrificio-

383 1932 464 1971 que
497 1915 714 1957 Minervae
742 1915 863 1964 facto,
895 1914 1123 1971 legationes
1155 1914 1352 1954 finitimas
1386 1915 1436 1955 ab
1472 1913 1690 1963 Elaeunte,
1723 1922 1766 1955 et

384 1974 597 2022 Dardano,
632 1982 674 2014 et
710 1973 914 2022 Rhoeteo,
950 1971 1158 2013 tradentes
1194 1971 1237 2012 in
1272 1971 1400 2013 fidem
1436 1971 1622 2012 civitates
1658 1986 1763 2021 suas,

382 2032 562 2087 benigne
585 2030 754 2072 audivit.
818 2029 923 2071 Inde
950 2029 1003 2070 ad
1026 2029 1291 2085 Hellesponti
1319 2029 1457 2070 fauces
1484 2029 1676 2085 navigat3
1709 2037 1763 2078 et,

383 2089 528 2130 decem
560 2089 733 2130 navibus
764 2088 807 2128 in
838 2088 1015 2128 statione
1047 2096 1192 2128 contra
1213 2086 1416 2143 Abydum
1441 2086 1606 2136 relictis,
1629 2095 1766 2128 cetera

382 2147 509 2188 classe
530 2146 574 2186 in
598 2146 810 2202 Europam
832 2145 885 2186 ad
910 2144 1074 2186 Sestum
1096 2144 1419 2200 oppugnandam
1443 2144 1614 2185 traiecit.
1675 2143 1764 2184 Iam

382 2204 656 2245 subeuntibus
680 2203 847 2244 armatis
876 2218 1014 2243 muros
1038 2202 1205 2243 fanatici
1231 2201 1343 2243 Galli
1365 2202 1547 2257 primum
1567 2216 1662 2242 cum
1684 2200 1764 2242 sol-
1781 2231 1794 2238 -

382 2261 496 2303 lenni
518 2262 661 2302 habitu
684 2270 780 2302 ante
802 2269 963 2316 portam
985 2268 1218 2301 occurrunt.
1270 2259 1391 2300 Iussu
1412 2274 1454 2300 se
1477 2259 1617 2299 matris
1637 2257 1763 2299 deum

382 2319 556 2360 famulos
581 2318 683 2360 deae
704 2318 845 2359 venire
875 2325 1119 2367 memorant,
1146 2317 1199 2358 ad
1229 2316 1485 2373 precandum
1509 2316 1762 2365 Romanum,

383 2386 429 2417 ut
450 2385 638 2432 parceret
659 2376 876 2417 moenibus
897 2375 1085 2430 urbique.
1150 2374 1289 2415 Nemo
1314 2388 1456 2414 eorum
1478 2373 1652 2413 violatus
1673 2382 1759 2414 est:

382 2449 480 2474 mox
517 2434 731 2475 universus
767 2441 932 2474 senatus
967 2447 1063 2473 cum
1099 2431 1402 2487 magistratibus
1437 2430 1489 2470 ad
1525 2429 1763 2471 dedendam

383 2492 528 2531 urbem
578 2491 786 2546 processit.
850 2490 955 2530 Inde
997 2489 1199 2545 Abydum
1250 2488 1421 2528 traiecta
1471 2487 1632 2528 classis:
1690 2487 1762 2528 ubi

383 2563 527 2604 quum,
552 2548 720 2588 tentatis
741 2563 815 2603 per
835 2547 1042 2602 colloquia
1063 2546 1222 2593 animis,
1246 2545 1347 2585 nihil
1377 2544 1511 2600 pacati
1539 2544 1763 2600 responde-

383 2615 508 2654 retur,
531 2605 583 2645 ad
605 2605 959 2660 oppugnationem
981 2619 1068 2644 sese
1090 2602 1381 2658 expediebant.

442 2662 558 2703 Dum
586 2662 687 2703 haec
716 2662 759 2701 in
783 2661 1059 2717 Hellesponto
1087 2669 1301 2716 geruntur,
1324 2659 1605 2716 Polyxenidas
1625 2659 1763 2716 regius

429 2800 440 2820 1
471 2791 571 2829 Toyae
587 2790 795 2830 qzcinyentae]
818 2789 856 2819 cf.
869 2789 962 2827 Supr.
973 2788 1049 2819 xxii.
1094 2788 1210 2825 furore,
1227 2788 1277 2818 cui
1299 2788 1427 2819 liberius
1442 2788 1661 2827 indulgebant,
1677 2788 1763 2818 fana-

384 2840 434 2871 54.
1094 2831 1148 2861 tici
1166 2831 1323 2862 dicuntur.
1349 2832 1457 2863 DOER.
1489 2831 1527 2862 cf.
1545 2831 1613 2861 infr.
1630 2830 1762 2862 xxxviii.

427 2885 442 2905 2
468 2876 616 2905 Fanatici.
630 2876 732 2912 Galli]
753 2874 901 2914 Cybeles,
913 2874 1052 2912 Magnae
1100 2874 1145 2904 18.

382 2918 498 2949 Matris
515 2917 634 2955 Deinn,
655 2917 844 2954 sacerdotes,
860 2916 912 2955 qui
929 2928 948 2946 a
964 2927 1051 2946 sacro
