1960 3218
561 147 686 189 LIB.
722 145 916 187 XXXV.
962 143 1110 186 CAP.
1143 148 1212 185 43.
1503 144 1584 186 217

192 239 301 280 ‘lem
323 238 442 280 illum
463 246 506 279 et
533 237 727 278 Poenum
749 251 851 285 esse,
875 235 943 276 eui
965 233 1078 275 mille
1101 234 1146 274 in
1167 233 1257 274 dies
1285 248 1395 275 nova
1415 233 1590 275 consilia
1606 240 1648 271 U.
1666 240 1704 271 C.
1727 239 1799 280 560.

193 297 285 338 ‘vel
320 297 488 338 fortuna
518 311 603 344 sua,
636 294 703 336 vel
733 293 952 350 ingenium
984 292 1114 349 possit
1149 291 1297 343 facere.
1363 291 1419 332 Et
1455 291 1589 348 ipsam
1602 284 1642 315 A·
1667 284 1704 315 Ο·
1731 293 1800 325 ¹9²·

194 361 309 396 ‘eam
340 354 515 411 gloriam
545 352 658 402 belli,
691 367 774 409 qua
804 351 919 393 velut
950 350 1047 392 dote
1081 348 1298 391 Hannibal
1329 349 1588 399 concilietur,

194 419 204 437 ‘
220 413 393 454 nimiam
416 412 460 453 in
487 411 699 468 praefecto
725 410 840 466 regio
871 424 972 450 esse.
1037 408 1201 464 Regem
1224 407 1423 463 conspici,
1446 422 1589 463 regem

194 476 205 494 ‘
219 486 351 512 unum
372 469 537 518 ducem,
560 484 693 510 unum
716 468 1012 524 imperatorem
1033 465 1167 507 videri
1188 465 1354 506 debere.
1421 464 1465 506 Si
1487 464 1590 506 elas-

194 534 206 552 ‘
221 543 322 578 sem,
345 528 379 569 si
406 527 638 569 exercitum
668 526 831 567 amittat
863 523 1093 573 Hannibal,
1118 523 1231 564 idern
1253 522 1398 564 damni
1419 523 1519 572 fore,
1543 538 1590 563 ac

195 591 206 609 ‘
221 587 254 627 si
275 601 352 642 per
373 585 499 626 alium
529 585 679 626 ducem
703 583 969 625 amittantur:
1004 582 1038 622 si
1060 581 1164 638 quid
1191 596 1388 638 prospere
1410 581 1589 630 eveniat,

194 643 476 684 ‘Hannibalis
512 658 618 693 eam,
652 657 738 683 non
778 640 997 690 Antiochi,
1035 639 1211 696 gloriam
1246 639 1346 680 fore.
1413 638 1457 680 Si
1492 653 1590 680 vero

195 702 416 743 ‘universo
456 700 566 742 bello
598 699 797 741 vincendi
841 699 1056 740 Romanos
1088 697 1256 739 fortuna
1289 697 1425 746 detur,
1464 711 1591 752 quam

194 765 334 817 ‘spem
357 775 458 809 esse,
482 760 558 800 sub
579 774 676 814 rege
698 758 908 798 victurum
936 755 1223 797 Hannibalem
1245 755 1319 796 uni
1341 755 1590 804 subiectum,

195 818 293 875 ‘qui
314 818 491 873 patriam
513 832 643 874 prope
665 831 753 857 non
775 815 947 856 tulerit?
990 813 1092 855 Non
1113 814 1172 855 ita
1192 829 1234 855 se
1257 829 1281 854 a
1302 813 1473 854 iuventa
1493 827 1592 854 eum

195 876 406 932 ‘gessisse,
430 891 502 932 spe
531 875 757 930 animoque
788 872 1058 929 complexum
1087 872 1197 913 orbis
1226 881 1430 913 terrarum
1458 871 1592 927 impe-

195 934 340 983 ‘rium,
372 943 418 975 ut
443 934 487 974 in
516 942 734 974 senectute
764 931 984 972 dominum
1012 930 1172 971 laturus
1202 929 1406 971 videatur.
1470 927 1592 969 Nihil

196 997 208 1015 ‘
221 1007 325 1048 opus
342 1007 430 1033 esse
452 991 542 1048 regi
560 989 800 1032 Hannibale
823 989 943 1038 duce,
962 988 1114 1030 comite
1132 997 1174 1030 et
1190 987 1425 1029 consiliario
1442 986 1592 1028 eodem

163 1050 277 1092 8‘ad
307 1049 465 1091 bellum
494 1049 556 1090 uti
583 1064 714 1105 posse.
779 1046 1001 1088 Modicum
1026 1046 1209 1087 fructum
1238 1061 1292 1087 ex
1317 1045 1489 1101 ingenio
1521 1044 1593 1085 tali

197 1113 360 1163 ‘neque
388 1123 570 1163 gravem,
594 1122 732 1163 neque
761 1105 956 1146 inutilem
984 1104 1094 1146 fore:
1129 1104 1162 1145 si
1191 1119 1354 1145 summa
1380 1111 1591 1160 petantur,

197 1171 262 1207 ‘et
284 1165 469 1215 dantem,
492 1174 534 1206 et
564 1164 842 1220 accipientem
864 1162 1210 1219 p1·aegravatura.’
1272 1161 1403 1202 Nulla
1423 1161 1594 1217 ingenia
1669 1167 1738 1205 43,

196 1232 279 1265 tam
310 1238 442 1279 prona
473 1223 526 1264 ad
556 1222 757 1263 invidiam
789 1230 899 1270 sunt,
932 1236 1060 1276 quam
1088 1235 1246 1269 eorum,
1277 1219 1351 1275 qui
1381 1234 1514 1275 genus
1545 1234 1592 1260 ae
1606 1223 1790 1271 ansiliqm

163 1281 406 1322 9fortunam
435 1296 552 1321 suam
577 1280 727 1321 animis
754 1294 841 1320 non
869 1286 1075 1334 aequant:
1110 1278 1210 1334 quia
1237 1278 1434 1318 virtutem
1457 1286 1498 1318 et
1519 1278 1592 1318 bo·
1606 1267 1805 1339 ffqtssffiffifis

195 1355 298 1380 num
347 1338 531 1379 alienum
572 1338 764 1379 oderunt.
848 1336 1076 1392 Extemplo
1124 1335 1347 1377 consilium
1395 1335 1592 1376 mittendi
1606 1329 1797 1382 iu‘Africam

198 1396 460 1445 Hannibalis,
484 1395 601 1452 quod
621 1411 755 1436 unum
776 1395 821 1435 in
842 1395 1051 1451 principio
1071 1394 1172 1435 belli
1188 1393 1348 1435 utiliter
1365 1393 1594 1449 cogitatum
1607 1395 1766 1427 abiicitur.

195 1463 295 1504 erat,
329 1454 540 1496 abiectum
581 1463 654 1495 est.
719 1452 1006 1494 Demetriadis
1047 1452 1230 1493 maxime
1267 1451 1504 1493 defectione
1542 1451 1594 1492 ab

196 1512 401 1554 Romanis
422 1512 475 1553 ad
498 1511 673 1554 Aetolos
694 1510 839 1560 elatus,
863 1526 949 1552 non
971 1510 1081 1551 ultra
1101 1510 1269 1551 differre
1291 1509 1596 1566 profectionem

195 1571 240 1612 in
271 1569 493 1611 Graeciam
518 1569 747 1611 constituit.
810 1569 1063 1624 Priusquam
1094 1568 1272 1610 solveret
1299 1583 1438 1617 naves,
1468 1567 1594 1611 Ilium
1610 1577 1791 1608 Antiochus

195 1644 220 1669 a
240 1628 343 1669 mari
364 1627 564 1676 escendit,
587 1636 634 1668 ut
657 1626 876 1667 Minervae
894 1626 1155 1666 sacrificaret.
1219 1625 1325 1666 Inde
1348 1625 1401 1666 ad
1423 1625 1596 1666 classem
1610 1621 1641 1650 in
1661 1620 1772 1668 Euro2

196 1700 417 1741 regressus,
450 1684 729 1741 proficiscitur
759 1683 1039 1739 quadraginta
1070 1683 1190 1724 tectis
1221 1683 1409 1732 navibus,
1443 1683 1596 1739 apertis
1610 1667 1787 1739 {lamnan-

196 1743 435 1800 sexaginta:
471 1751 512 1784 et
541 1742 747 1783 ducentae
777 1741 990 1782 onerariae
1020 1756 1116 1782 cum
1139 1741 1276 1782 omnis
1296 1741 1462 1797 generis
1483 1757 1597 1782 com-

196 1810 337 1843 meatu
378 1800 615 1856 bellicoque
657 1799 738 1840 alio
785 1807 985 1855 apparatu
1028 1799 1324 1855 sequebantur.
1407 1798 1597 1840 Imbrum

197 1859 333 1915 primo
355 1858 533 1899 insulam
556 1857 716 1899 tenuit:
751 1857 850 1898 inde
885 1856 1101 1898 Sciathum
1129 1857 1314 1898 traiecit:
1350 1857 1422 1898 ubi
1443 1857 1596 1898 collec-

197 1917 249 1958 tis
270 1917 314 1957 in
335 1916 432 1966 alto,
456 1932 563 1973 quae
593 1915 816 1972 dissipatae
847 1923 978 1964 erant,
1002 1914 1190 1964 navibus,
1214 1914 1267 1955 ad
1288 1914 1484 1956 Pteleum
1511 1915 1597 1971 pri-

196 1990 312 2015 mum
341 1974 595 2016 continentis
622 1973 749 2015 venit.
813 1971 879 2013 Ibi
908 1972 1173 2029 Eurylochus
1202 1972 1241 2013 ei
1272 1972 1597 2028 Magnetarches

197 2032 491 2088 principesque
509 2031 762 2087 Magnetum
779 2031 830 2071 ab
848 2030 1121 2071 Demetriade
1137 2040 1420 2071 occurrerunt.
1478 2030 1597 2079 Quo-

197 2104 289 2130 rum
311 2089 548 2145 frequentia
568 2088 713 2137 laetus,
737 2087 805 2129 die
827 2096 994 2143 postero
1017 2087 1061 2127 in
1089 2088 1202 2129 urbis
1230 2097 1399 2144 portum
1421 2089 1597 2129 navibus

197 2157 259 2188 est
282 2147 481 2188 invectus.
548 2146 704 2203 Copias
731 2146 845 2186 haud
871 2144 1017 2201 procul
1039 2145 1137 2186 inde
1159 2146 1366 2202 exposuit.
1432 2145 1596 2187 Decem

197 2204 327 2246 millia
354 2204 545 2261 peditum
574 2204 705 2252 fuere,
729 2212 771 2244 et
797 2203 1020 2259 quingenti
1050 2203 1224 2259 equites,
1249 2218 1321 2244 sex
1351 2203 1594 2259 elephanti3

196 2263 266 2303 vix
281 2262 333 2303 ad
351 2262 575 2303 Graeciam
593 2261 749 2302 nudam
773 2260 1061 2316 occupandam
1083 2261 1180 2302 satis
1194 2261 1422 2317 copiarum,
1438 2261 1597 2302 nedum

196 2320 249 2361 ad
271 2320 564 2361 sustinendum
589 2319 831 2360 Romanum
854 2318 1024 2360 bellum.

256 2378 412 2427 Aetoli,
434 2387 656 2434 postquam
680 2375 1001 2418 Demetriadem
1024 2376 1185 2418 venisse
1210 2377 1473 2418 Antiochum
1498 2376 1597 2418 alla-

198 2443 287 2476 tum
316 2445 390 2485 est,
414 2435 592 2477 concilio
621 2434 793 2484 indicto,
824 2433 1055 2484 decretum,
1086 2450 1170 2490 quo
1199 2444 1457 2476 arcesserent
1485 2450 1596 2485 eum,

197 2493 397 2535 fecerunt.
461 2493 551 2534 Iam
578 2492 789 2549 profectus
817 2492 868 2533 ab
899 2492 1173 2533 Demetriade
1202 2507 1290 2542 rex,
1314 2493 1414 2548 quia
1447 2493 1504 2534 ita
1525 2492 1598 2534 de-

243 2624 261 2651 8
287 2625 448 2655 Modicum
463 2626 612 2663 fructum
632 2648 638 2655 .
657 2649 664 2655 .
682 2649 688 2654 .
706 2626 733 2654 si
749 2635 872 2654 summa
919 2624 1043 2654 fructus
1062 2634 1101 2654 ex
1119 2634 1168 2661 en,
1187 2628 1221 2654 ut
1238 2635 1277 2654 ex
1295 2634 1411 2663 magno
1427 2625 1521 2662 duce,
1537 2625 1595 2655 sibi

197 2668 370 2706 petantur]
408 2667 499 2698 Ilaec
526 2668 583 2697 sibi
609 2678 647 2697 ex
672 2668 804 2697 adverso
828 2677 873 2697 re-
920 2667 1080 2705 quaesitos
1093 2667 1223 2703 velit,id
1236 2667 1362 2706 utriquc¹
1376 2668 1507 2697 noxium
1521 2668 1598 2699 fore.

199 2709 369 2748 spondent.
416 2709 447 2740 Si
466 2710 542 2739 satis
562 2710 680 2740 habeat
703 2720 756 2739 rex
774 2709 874 2740 modi·
921 2710 1029 2740 Ciuzv.

200 2762 272 2781 cum
291 2752 442 2787 fructum,
459 2752 618 2782 modicam
640 2752 814 2782 utilitatem
834 2763 871 2782 ex
962 2762 980 2792 9
1009 2754 1051 2782 lit
1079 2753 1194 2782 bonum
1219 2753 1378 2790 alienum]
1417 2755 1458 2784 (ft
1483 2754 1596 2783 bouum

201 2794 388 2824 Hannibale
419 2794 477 2824 sibi
509 2805 672 2833 quaerere,
699 2794 804 2833 qualis
834 2805 873 2825 cx
919 2795 1042 2825 mavult
1060 2794 1253 2831 Crevierius,
1269 2795 1402 2834 quippe,
1420 2806 1518 2834 quum
1542 2795 1596 2824 lio-

199 2836 316 2866 comite
348 2836 593 2875 consiliarioque
625 2837 811 2876 percipitur,
842 2837 872 2867 id
920 2837 1022 2867 mines
1054 2837 1162 2876 pusilli
1190 2837 1288 2867 animi
1320 2838 1467 2867 virtutem
1496 2838 1536 2867 :ul
1565 2849 1598 2868 se

201 2879 265 2909 fieri
283 2878 350 2909 sine
367 2879 508 2918 periculo
527 2889 626 2918 posse.
674 2881 715 2909 At
733 2880 756 2909 si
774 2890 811 2909 ex
832 2890 869 2909 en
915 2880 994 2909 nihil
1015 2879 1171 2918 pertinere
1188 2879 1381 2919 intelligant,
1403 2880 1434 2910 in
1458 2880 1530 2910 aliis
1547 2891 1591 2911 re-

199 2931 323 2951 sumnia
356 2926 454 2961 petat,
485 2922 507 2952 si
540 2921 698 2952 maximos
728 2932 869 2961 quosque
916 2921 1009 2961 periri
1027 2922 1161 2952 moleste
1178 2922 1293 2953 ferunt.
