1960 3218
541 138 667 181 LIB.
700 137 874 180 XXXI.
918 136 1064 181 CAP.
1102 140 1166 179 14.
1502 139 1553 178 13

159 231 286 275 classe
307 230 553 288 magnisque
575 230 827 273 exercitibus
855 229 1089 286 gerendum
1111 235 1231 278 esset,
1254 227 1325 268 vix
1346 226 1551 268 aerarium
1567 236 1610 268 U.
1628 236 1666 268 C.
1689 243 1761 276 552·

160 290 378 340 sufficeret,
401 298 655 345 negaverant
683 304 784 339 esse,
806 288 920 329 unde
952 288 1001 328 iis
1031 287 1077 328 in
1107 285 1343 343 praesentia
1372 285 1553 326 solvere·
1566 280 1605 312 Α·
1630 280 1668 311 C.
1691 289 1763 311 ²00·

162 357 240 390 tur.
306 347 482 389 Senatus
503 356 726 404 querentes
747 362 817 388 eos
838 361 924 387 non
945 345 1154 394 sustinuit,
1179 350 1190 368 ⁶
1208 343 1252 385 Si
1274 343 1318 384 in
1340 343 1552 384 Punicum

163 412 174 430 ‘
187 405 343 447 bellum
364 406 543 462 pecunia
564 405 672 455 data,
695 405 740 445 in
762 403 1090 446 Macedonicum
1112 417 1282 458 quoque
1310 400 1467 442 bellum
1489 400 1551 441 uti

164 470 176 488 ‘
189 463 422 520 respublica
436 463 562 505 vellet
574 479 584 513 3
618 463 707 504 aliis
728 478 781 503 ex
802 462 892 503 aliis
914 461 1144 503 orientibus
1165 459 1296 509 bellis,
1312 458 1416 515 quid
1436 458 1552 499 aliud
1566 467 1629 515 Pro
1646 476 1746 514 pecu-¹

164 528 176 546 ‘
188 537 315 578 quam
336 521 602 578 publicatam,
620 536 695 578 pro
716 519 935 569 beneficio,
952 528 1152 575 tanquam
1173 519 1226 560 ob
1247 532 1416 566 noxam,
1434 531 1551 557 suam
1564 512 1765 582 ffussilgslsl'ifftffl

164 580 409 636 ‘pecuniam
433 579 570 621 fore?'
633 579 778 627 Quum
812 587 854 619 et
885 577 1035 634 privati
1066 591 1249 633 aequum
1279 574 1550 632 postularent,
1564 563 1662 636 ἐπὶ,

162 653 241 679 nec
272 646 411 679 tamen
442 637 641 679 solvendo
662 636 747 678 aeri
768 636 905 677 alieno
926 635 1160 691 respublica
1181 642 1301 683 esset,
1325 632 1441 689 quod
1466 648 1554 674 me—

164 695 281 736 dium
312 696 422 736 inter
456 710 638 752 aequum
674 703 716 736 et
747 693 849 735 utile
881 702 981 743 erat,
1010 693 1300 741 decreverunt,
1324 691 1426 739 ‘Ut‚
1449 706 1555 746 quo-

135 798 151 809 ,
166 754 302 794 ‘niam
333 769 485 809 magna
513 768 608 810 pars
632 768 776 794 eorum
798 767 917 808 agros
937 751 1063 807 vulgo
1083 750 1251 792 venales
1272 764 1359 791 esse
1382 748 1554 798 diceret,

133 808 179 864 ἔς(
191 820 234 853 et
253 811 420 853 sibimet
440 811 590 868 emptis
611 826 716 867 opus
737 825 848 859 esse3
881 809 969 866 agri
996 809 1166 866 publici,
1190 808 1264 864 qui
1294 808 1404 848 intra
1431 807 1556 863 quin-

168 874 179 893 ‘
193 869 482 926 quagesimum
523 868 706 925 lapidem
747 876 867 918 esset,
905 867 1025 924 copia
1064 867 1113 908 iis
1153 867 1283 908 fieret.
1349 864 1556 906 Consules

133 943 153 974 9
168 932 179 951 ‘
192 942 337 984 agrum
367 927 668 977 aestimaturos,
691 935 734 968 et
753 926 797 967 in
822 926 967 982 iugera
987 940 1095 966 asses
1116 923 1351 981 vectigales,
1374 922 1557 964 testandi

168 990 180 1009 ‘
193 1001 316 1027 causa
335 985 550 1041 publicum
572 1000 717 1041 agrum
739 999 840 1034 esse,
858 983 1148 1039 imposituros3
1182 991 1229 1023 ut
1249 982 1283 1023 si
1299 981 1405 1038 quis,
1424 996 1557 1037 quum

169 1043 350 1084 ‘solvere
385 1052 524 1099 posset
559 1042 752 1099 populus,
783 1042 1007 1098 pecuniam
1040 1041 1206 1090 habere,
1239 1054 1365 1096 quam
1396 1054 1556 1095 agrum,

170 1106 181 1124 ‘
195 1100 349 1150 mallet,
367 1101 603 1142 restitueret
623 1115 768 1155 agrum
789 1099 973 1156 populo.’
1015 1099 1136 1140 Laeti
1158 1113 1250 1140 eam
1270 1097 1557 1139 conditionem

141 1175 151 1195 1
169 1159 318 1215 privati
348 1173 556 1214 accepere.
621 1158 835 1199 Trientius
857 1156 1147 1212 Tabuliusque
1175 1157 1210 1197 is
1231 1171 1341 1212 ager,
1364 1155 1464 1212 quia
1482 1170 1558 1211 pro

169 1217 291 1258 tertia
310 1225 425 1272 parte
447 1215 651 1271 pecuniae
673 1215 793 1256 datus
814 1224 917 1265 erat,
938 1214 1180 1271 appellatus.

227 1274 340 1315 Tum
365 1273 413 1314 P.
435 1272 657 1330 Sulpicius,
686 1273 919 1314 secundum
948 1281 1045 1314 vota
1075 1272 1120 1312 in
1151 1270 1364 1328 Capitolio
1394 1286 1559 1312 nuncu·
1639 1277 1702 1315 14.

168 1341 277 1389 pata,
299 1331 522 1388 paludatus
550 1346 647 1372 cum
676 1330 891 1372 lictoribus
920 1330 1130 1387 profectus
1157 1330 1209 1371 ab
1234 1330 1350 1379 urbe,
1375 1328 1559 1370 Brundi-
1572 1332 1737 1389 sulpicius

169 1390 277 1431 sium
305 1389 433 1439 venit,
456 1398 511 1439 et,
532 1389 743 1431 veteribus
774 1389 975 1430 militibus
1002 1387 1245 1430 voluntariis
1276 1403 1330 1429 ex
1358 1386 1559 1428 Africano
1572 1376 1692 1449 {42⁸0AE
1694 1386 1759 1448 331

170 1447 357 1489 exercitu
387 1447 432 1488 in
463 1447 649 1504 legiones
676 1447 906 1503 descriptis,
929 1447 1188 1501 navibusque
1220 1461 1273 1487 ex
1304 1444 1431 1486 classe
1460 1460 1561 1486 con·
1573 1472 1637 1493 am.

170 1505 270 1546 sulis
295 1505 483 1546 Cornelii
504 1505 635 1555 lectis,
657 1504 786 1546 altera
806 1505 888 1555 die,
912 1520 1039 1561 quam
1064 1520 1088 1545 a
1109 1503 1337 1545 Brundisio
1358 1503 1492 1553 solvit,
1516 1503 1562 1544 in

173 1562 468 1604 Macedoniam
499 1563 669 1605 traiecit.
731 1562 798 1604 Ibi
828 1563 867 1604 ei
897 1571 1062 1619 praesto
1088 1562 1203 1603 fuere
1233 1561 1562 1603 Atheniensium

171 1620 313 1677 legati,
335 1630 512 1670 orantes,
535 1630 582 1662 ut
602 1636 645 1663 se
668 1621 884 1662 obsidione
907 1621 1121 1662 eximeret.
1172 1619 1329 1661 Missus
1350 1619 1564 1675 extemplo
1577 1626 1728 1658 Athenae
1744 1636 1764 1656 a

175 1678 366 1720 Athenas
391 1687 454 1720 est
477 1678 526 1721 C.
549 1679 754 1721 Claudius
777 1678 961 1728 Centho,
984 1694 1081 1720 cum
1102 1678 1252 1734 viginti
1282 1677 1417 1734 longis
1447 1677 1565 1718 navi-
1578 1670 1752 1743 Efficedon.

143 1749 160 1770 2
175 1737 263 1787 bus,
285 1746 328 1778 et
355 1736 468 1778 mille
495 1737 676 1778 militum
702 1737 843 1793 copiis
908 1737 1063 1792 Neque
1086 1736 1199 1778 enim
1221 1735 1308 1792 ipse
1331 1750 1406 1776 rex
1428 1724 1595 1776 Athe-⁰
1620 1723 1735 1744 ,essaa

174 1809 248 1836 nas
269 1794 496 1836 obsidebat.
560 1794 624 1836 Eo
645 1795 827 1836 maxime
850 1804 1037 1851 ternpore
1056 1794 1260 1851 Abydum
1282 1794 1563 1850 oppugnabat,

143 1865 161 1896 3
175 1852 257 1893 iam
285 1867 382 1893 cum
406 1852 584 1894 Rhodiis
605 1861 648 1894 et
670 1852 815 1894 Attalo
843 1853 1060 1894 navalibus
1081 1852 1391 1901 certaminibus,
1414 1860 1566 1893 neutro

174 1909 351 1952 feliciter
379 1910 552 1967 proelio,
584 1911 690 1952 vires
721 1919 930 1967 expertus.
996 1910 1081 1951 Sed
1116 1910 1276 1951 animos
1307 1909 1346 1950 ei
1373 1909 1564 1959 faciebat,

144 1976 340 2024 4praeter
368 1969 565 2011 ferociam
595 1969 776 2018 insitam,
798 1968 946 2010 foedus
973 1968 1103 2009 ictum
1129 1983 1226 2009 cum
1249 1967 1464 2008 Antiocho
1489 1966 1567 2024 Sy-

176 2026 260 2067 riae
282 2041 392 2082 rege,
410 2026 650 2082 divisaeque
672 2027 754 2067 iam
776 2042 873 2068 cum
895 2042 944 2067 eo
962 2026 1152 2083 Aegypti
1174 2040 1300 2081 opes3
1333 2025 1414 2074 0111,
1433 2033 1566 2066 morte

146 2083 320 2125 §audita
339 2083 571 2125 Ptolemaei
602 2084 723 2140 regis,
750 2084 873 2125 ambo
903 2084 1188 2125 imminebant.
1257 2082 1568 2124 Contraxerant

177 2150 317 2183 autem
337 2141 415 2182 sibi
432 2156 528 2182 cum
546 2141 745 2198 Philippo
762 2141 917 2182 bellum
936 2141 1217 2183 Athenienses
1237 2140 1568 2197 haudquaquam

228 2285 244 2316 7
268 2278 352 2317 Agyri
376 2278 516 2316 publici]
560 2276 669 2312 Quem
697 2280 806 2307 tamen
832 2287 852 2307 a
895 2277 1090 2307 addiderunt
1104 2275 1267 2316 Kreyssig.
1285 2279 1316 2305 et
1333 2275 1474 2306 Bekker.
1491 2284 1568 2314 quo-

179 2319 410 2360 possessoribus
434 2319 590 2350 Romanis
613 2319 734 2350 iamdiu
758 2330 851 2350 occu·
896 2330 967 2349 rum
991 2319 1043 2349 hic
1068 2329 1179 2349 vocem
1202 2319 1302 2358 copiis
1325 2318 1455 2349 omittit.
1500 2317 1568 2348 Ali-

180 2367 292 2403 patum
325 2362 421 2393 fuisse
452 2366 560 2393 censet
591 2362 727 2393 Niebhr.
758 2362 789 2394 ii.
821 2373 851 2393 n.
897 2372 994 2402 quam
1011 2372 1121 2392 vocem
1143 2365 1218 2392 ante
1237 2362 1375 2392 militum
1396 2360 1568 2391 desiderari

181 2414 252 2446 307.
898 2404 1062 2436 existimat
1079 2404 1219 2436 Crevier.

223 2449 241 2479 8
264 2450 360 2479 Intra
378 2449 675 2488 quinquaqesimum
696 2449 851 2488 lapidem]
942 2457 959 2487 3
983 2450 1110 2479 Neutro
1128 2447 1273 2486 feliciter
1295 2447 1435 2486 proelio]
1475 2446 1569 2477 Haec

182 2491 273 2521 Intra
302 2491 535 2531 quinquaginta
571 2492 612 2521 ab
643 2492 720 2521 urbc
751 2490 855 2521 millia
898 2491 963 2521 duo
980 2490 1102 2530 proelia
1118 2490 1212 2520 simul
1226 2493 1399 2529 pugnataa
1413 2489 1569 2528 Philippo

182 2544 343 2573 passuum.
897 2537 981 2569 sunt,
999 2543 1099 2563 unum
1118 2543 1191 2563 cum
1206 2533 1328 2569 Attalo,
1340 2533 1478 2562 alterum
1495 2542 1568 2563 cum

223 2586 243 2617 9
266 2579 362 2607 Asses
383 2577 567 2616 vectiyales]
598 2576 748 2616 Singulos
769 2586 854 2607 asses
899 2576 1049 2613 Rhodiis,
1070 2579 1106 2606 nt
1130 2579 1236 2605 narrat
1260 2575 1376 2615 Polyb.
1397 2574 1459 2607 xvi.
1483 2584 1512 2606 2.
1536 2579 1568 2606 et

183 2617 214 2648 in
230 2619 337 2658 iugera
353 2619 516 2658 vectigalis
531 2619 671 2650 nomine.
695 2620 801 2650 szv.
902 2630 948 2657 14.
972 2620 1012 2650 cf.
1029 2619 1100 2649 infr.
1118 2617 1217 2648 xxxii.
1236 2627 1285 2657 33.

231 2671 241 2690 1
271 2663 432 2692 Trientins
469 2663 700 2703 Tabulinsque]
749 2662 854 2692 Recte
941 2673 960 2700 4
982 2662 1139 2692 Antiocho
1161 2662 1277 2700 Syriae
1300 2662 1390 2700 φερε]
1426 2660 1492 2691 Hic
1522 2663 1570 2690 est

184 2703 305 2733 iudicat
335 2704 516 2734 Gronovius
550 2704 621 2734 ideo
651 2704 696 2734 sic
727 2704 851 2735 dictum
898 2704 1078 2735 Antiochus
1091 2704 1241 2743 Magnus,
1253 2703 1305 2742 qui
1321 2708 1432 2743 postea
1448 2703 1569 2733 bellum

183 2756 252 2776 esse
268 2746 352 2776 1111110
368 2757 489 2785 agrum,
506 2747 582 2786 quia
603 2757 660 2786 pro
675 2746 790 2777 triente
807 2751 851 2777 ta·
897 2757 970 2777 cum
990 2746 1148 2777 Romanis
1164 2746 1269 2785 gessit.
1293 2747 1399 2777 Cnxcv.

184 2789 344 2823 bularnm..
360 2789 392 2819 id
408 2793 466 2826 est,
483 2800 538 2829 pro
555 2790 649 2819 tertia
667 2794 755 2829 parte
775 2789 853 2826 eius,
942 2800 958 2829 5
988 2791 1180 2827 Ptolemaei]
1230 2789 1448 2828 Philopatoris
1466 2800 1472 2819 ι
1520 2788 1571 2818 0111

184 2832 271 2870 quod
296 2842 334 2861 cx
363 2832 499 2870 publicis
523 2832 642 2862 tabulis
666 2833 853 2870 debebatur,
898 2836 1092 2863 successerat
1124 2832 1220 2867 filius,
1254 2833 1460 2862 Ptolemaeus
1493 2831 1569 2870 Epi-

185 2875 278 2904 datus
294 2875 406 2904 fuerat.
430 2876 536 2905 me.
899 2875 1032 2914 phanes,
1050 2886 1128 2915 puer
1143 2876 1331 2912 admodum,
1347 2875 1387 2905 de
1404 2885 1467 2913 quo
1484 2884 1570 2913 supr.

231 2927 245 2946 2
271 2919 315 2947 Et
340 2918 425 2947 mille
450 2918 583 2947 militum
607 2919 722 2957 copiis]
760 2919 855 2949 nlille
900 2928 927 2948 2.
953 2919 1059 2950 Cui-w.
