1960 3218
310 150 392 189 382
823 144 973 186 ΤΙΤΙ
1012 143 1194 186 LIVII

102 247 146 279 U.
164 247 202 279 C.
225 242 463 292 565.‘supra
494 235 722 290 subterque
757 241 910 275 terram
942 249 1018 290 per
1048 233 1138 275 dies
1168 232 1413 290 quindecim
1443 239 1706 288 pugnatum3

101 291 140 321 A.
165 291 203 322 C.
228 292 410 336 ¹37·‘ubi
432 309 456 334 a
475 293 610 349 prima
637 292 744 341 luce,
768 306 901 347 quum
932 291 1015 332 iam
1047 290 1371 333 transcendisset
1401 304 1542 330 muros
1574 289 1741 340 miles,9

313 357 471 407 ‘usque
504 349 558 391 ad
588 358 757 391 noctem
779 349 853 390 diu
876 363 1029 404 anceps
1050 348 1256 404 proelium
1279 347 1484 396 tenuerit3
1520 347 1593 388 ubi
1614 346 1710 402 plus

313 415 325 432 ‘
340 409 418 450 tria
448 408 578 448 millia
608 407 792 448 hostium
814 407 898 447 sint
919 421 1047 447 caesa.
1111 406 1201 447 Iam
1224 406 1276 447 de
1298 406 1473 446 deorum
1495 405 1709 445 immorta-

314 467 442 508 ‘lium
474 464 652 521 templis,
676 464 861 520 spoliatis
892 464 937 505 in
968 472 1089 519 capta
1120 464 1236 513 urbe,
1259 463 1427 520 qualem
1456 461 1709 504 calumniam

314 524 393 566 ‘ad
420 523 641 579 pontifices
672 521 887 563 attulerit?
949 521 1045 562 Nisi
1070 520 1368 578 Syracusarum
1390 529 1708 575 ceterarumque

315 588 326 606 ‘
339 590 554 637 captarum
577 580 809 621 civitatium
831 579 1087 620 ornamentis
1107 579 1255 620 urbem
1276 578 1470 619 exornari
1490 577 1549 618 fas
1569 576 1708 626 fuerit,

315 645 327 663 ‘
340 640 385 680 in
407 638 677 680 Ambraciam
700 644 827 678 unam
850 646 1015 692 captam
1035 651 1122 677 non
1143 636 1320 676 valuerit
1340 635 1438 677 belli
1459 635 1534 676 ius.
1593 634 1646 676 Se
1667 643 1710 675 et

316 697 486 738 ‘Patres
514 695 771 750 conscriptos
800 709 929 743 orare,
953 702 994 734 et
1026 694 1077 734 ab
1106 694 1274 734 tribuno
1304 702 1461 749 petere,
1487 708 1540 733 ne
1569 707 1612 733 Se
1641 707 1710 733 su-

182 762 220 800 5.
317 760 329 778 ⁶
341 753 586 810 perbissimo
608 752 780 792 inimico
801 751 983 792 ludibrio
1004 766 1091 792 esse
1113 751 1276 792 sinant?
1323 750 1527 805 Undique
1550 764 1708 799 omnes,

315 812 386 852 alii
416 810 632 866 deprecari
664 809 893 858 tribunum,
917 808 988 848 alii
1016 809 1228 864 castigare.
1291 808 1357 848 Ti.
1381 807 1563 848 Gracchi
1584 806 1711 847 colle-

313 884 390 925 gae
422 868 652 924 plurimum
679 867 811 908 oratio
837 866 989 907 movit:
1027 872 1038 889 ⁶
1055 865 1124 906 Ne
1157 880 1250 906 suas
1275 865 1448 920 quidem
1479 863 1711 905 simultates

316 933 416 982 ‘pro
457 925 701 981 magistratu
731 938 926 965 exercere
969 923 1069 964 boni
1106 922 1289 979 exempli
1321 938 1435 963 esse:
1480 921 1710 963 alienarum

315 988 438 1025 ‘vero
460 982 737 1023 simultatium
769 982 985 1022 tribunum
1016 980 1152 1036 plebis
1176 980 1435 1036 cognitorem
1460 979 1564 1028 fieri,
1588 987 1709 1035 turpe
1727 998 1739 1019 1

315 1047 382 1082 ‘et
404 1040 627 1095 indignum
649 1038 814 1094 collegii
836 1039 925 1079 eius
946 1046 1151 1093 potestate
1173 1046 1216 1078 et
1235 1038 1403 1079 sacratis
1424 1037 1586 1092 legibus
1607 1051 1708 1077 esse.

315 1098 428 1139 ‘Suo
450 1113 663 1154 quemque
696 1096 853 1137 iudicio
885 1104 928 1136 et
958 1095 1150 1136 homines
1181 1095 1316 1136 odisse
1349 1103 1420 1135 aut
1451 1094 1639 1150 diligere,
1668 1101 1712 1134 et

315 1162 404 1197 ‘res
432 1156 607 1212 probare
638 1163 710 1194 aut
738 1154 973 1209 improbare
1003 1153 1180 1201 debere,
1214 1168 1300 1193 non
1327 1152 1512 1208 pendere
1534 1167 1587 1192 ex
1609 1151 1712 1192 alte-

315 1214 425 1254 ‘rius
447 1213 566 1253 vultu
597 1227 643 1253 ac
674 1220 794 1261 nutu,
817 1226 896 1252 nec
925 1210 1051 1251 alieni
1073 1210 1296 1250 momentis
1318 1210 1447 1250 animi
1469 1208 1710 1264 circumagi,

315 1270 639 1326 ‘astipularique
671 1269 776 1309 irato
798 1267 959 1309 consuli
982 1267 1196 1308 tribunum
1229 1267 1394 1323 plebei:
1425 1275 1480 1316 et,
1503 1266 1606 1322 quid
1626 1266 1712 1322 pri—-

315 1329 467 1369 ‘vatim
499 1327 561 1368 M.
587 1326 796 1367 Aemilius
831 1325 1105 1374 mandaverit,
1143 1324 1406 1373 meminisse3
1451 1324 1712 1365 tribunatum

315 1386 418 1427 ‘sibi
439 1401 463 1425 a
482 1384 640 1440 populo
665 1384 859 1424 Romano
889 1382 1133 1423 mandatum
1156 1381 1367 1430 oblivisci3
1401 1389 1443 1422 et
1463 1380 1712 1422 mandatum

315 1449 414 1499 ‘pro
451 1442 608 1483 auxilio
645 1455 692 1481 ac
732 1440 925 1481 libertate
965 1440 1235 1496 privatorum,
1270 1454 1356 1480 non
1392 1453 1467 1494 pro
1503 1438 1712 1479 consulari

315 1506 327 1525 ‘
342 1515 484 1556 regno.
549 1498 618 1540 Ne
650 1498 730 1539 hoc
753 1497 925 1553 quidem
949 1512 1119 1538 cernere
1153 1511 1263 1545 eum,
1285 1497 1386 1545 fore,
1410 1505 1457 1536 ut
1484 1496 1710 1536 memoriae

319 1564 330 1582 ‘
344 1573 391 1599 ac
412 1556 646 1613 posteritati
667 1555 902 1603 mandetur,
919 1554 1107 1595 eiusdem
1125 1553 1289 1609 collegii
1306 1553 1483 1594 alterum
1505 1568 1527 1594 e
1547 1553 1712 1594 duobus

319 1614 521 1656 ‘tribunis
543 1613 676 1669 plebis
698 1627 791 1653 suas
811 1612 1052 1652 inimicitias
1082 1611 1287 1652 remisisse
1319 1610 1586 1666 reipublicae,
1609 1610 1712 1651 alte-

105 1678 437 1721 Triumphus‘rum
463 1671 618 1712 alienas
649 1679 692 1711 et
722 1669 938 1711 mandatas
959 1668 1222 1710 exercuisse.'
1283 1667 1363 1709 His
1384 1669 1517 1710 victus
1538 1668 1713 1724 castiga-

104 1725 285 1797 &efruinu-
318 1730 502 1772 tionibus
531 1728 736 1777 tribunus,
760 1742 892 1783 quum
920 1726 1079 1782 templo
1107 1725 1364 1775 excessisset,
1391 1725 1597 1767 referente
1623 1725 1709 1766 Ser.

135 1777 232 1799 uvio.
321 1786 508 1843 Sulpicio
537 1794 742 1841 praetore,
775 1784 1013 1840 triumphus
1046 1782 1108 1823 M.
1133 1782 1280 1823 Fulvio
1312 1792 1375 1824 est
1404 1783 1608 1824 decretus.
1671 1782 1712 1824 Is

317 1859 449 1900 quum
480 1843 633 1899 gratias
658 1842 853 1882 Patribus
883 1840 1128 1896 conscriptis
1156 1841 1320 1895 egisset,
1350 1840 1516 1889 adiecit,
1541 1840 1712 1881 ‘Ludos

319 1909 517 1957 ‘magnos
544 1915 587 1940 se
614 1899 705 1940 Iovi
729 1898 905 1954 Optimo
928 1897 1121 1938 Maximo
1150 1913 1200 1938 eo
1229 1897 1310 1946 die,
1334 1913 1418 1953 quo
1441 1897 1711 1938 Ambraciam

317 1959 532 2014 ‘cepisset,
555 1957 739 1998 vovisse:
773 1957 818 1996 in
847 1971 939 1996 eam
967 1970 1055 1996 rem
1088 1955 1166 1996 sibi
1194 1964 1365 1996 centum
1396 1955 1538 2010 pondo
1569 1955 1659 1996 auri
1689 1970 1713 1995 a

317 2015 578 2057 ‘civitatibus
609 2014 818 2055 collatum.
881 2013 1047 2062 Petere,
1071 2021 1119 2053 ut
1143 2027 1197 2053 ex
1219 2027 1268 2054 ea
1294 2012 1487 2068 pecunia,
1510 2027 1638 2068 quam
1667 2012 1713 2053 in

317 2073 557 2128 ‘triumpho
587 2071 713 2112 latam
745 2071 789 2111 in
820 2071 979 2111 aerario
1010 2070 1222 2126 positurus
1250 2078 1370 2119 esset,
1403 2069 1448 2110 id
1473 2085 1621 2111 aurum
1649 2085 1713 2111 se-

317 2131 458 2172 ‘cerni
492 2129 712 2170 iuberent!
787 2127 967 2169 Senatus
1006 2128 1256 2184 pontificum
1291 2127 1513 2183 collegium
1551 2127 1712 2168 consuli

316 2188 447 2237 iussit,
469 2202 574 2228 num
595 2201 720 2227 omne
742 2185 786 2226 id
807 2200 956 2227 aurum
984 2185 1028 2225 in
1053 2185 1175 2226 ludos
1196 2185 1384 2226 consumi
1411 2200 1628 2226 necessum
1649 2199 1713 2226 es-

316 2246 407 2287 set‘?
471 2245 617 2293 Quum
639 2243 861 2299 pontifices
881 2251 1117 2299 negassent,
1140 2242 1193 2283 ad
1214 2242 1461 2298 religionem
1487 2242 1710 2298 pertinere,

317 2311 475 2359 quanta
504 2302 695 2358 impensa
725 2298 769 2341 in
799 2300 921 2341 ludos
953 2300 1096 2349 fieret3
1133 2308 1301 2341 senatus
1323 2299 1483 2349 Fulvio,
1507 2308 1712 2355 quantum

316 2359 592 2416 impenderet,
615 2358 818 2414 permisit,
841 2358 943 2398 dum
976 2373 1029 2399 ne
1061 2372 1266 2399 summam
1293 2357 1506 2413 octoginta
1533 2356 1711 2397 millium
1725 2374 1741 2395 2

360 2524 379 2555 9
404 2516 508 2551 Quum
525 2515 589 2544 iam
606 2515 853 2545 transcendisset
867 2515 989 2552 nmros]
1037 2514 1113 2553 agit,
1129 2514 1213 2543 unde
1230 2513 1346 2542 melius
1367 2512 1496 2542 dixisset
1518 2516 1625 2542 noster
1636 2524 1710 2552 pro-

318 2558 432 2593 Quum
466 2556 712 2586 Ambracienses
741 2556 876 2593 consuli,
908 2560 991 2595 post·
1036 2556 1315 2594 curatorcnzfieri,
1331 2554 1389 2585 nisi
1405 2556 1547 2594 cognitor
1562 2555 1623 2585 hoc
1640 2556 1710 2586 loco

317 2609 414 2638 quam
431 2598 632 2637 aliquamdiu
648 2597 847 2629 obsidionem
860 2599 992 2628 toleras—
1038 2597 1152 2628 latiore
1182 2608 1275 2628 seusu
1306 2597 1506 2628 adhibeatur.
1567 2597 1620 2627 De
1649 2597 1711 2628 hac

317 2645 400 2679 sent,
424 2651 491 2671 sese
516 2640 675 2670 dedidisse
696 2650 782 2679 supr.
804 2640 937 2670 xxxviii.
961 2650 990 2680 9.
1039 2650 1115 2671 voce
1141 2640 1268 2670 erudite
1293 2639 1435 2679 disputat
1462 2639 1644 2670 Gronovius
1670 2640 1711 2671 de

319 2687 454 2719 constet,
489 2683 700 2721 intelligenda
738 2686 784 2712 est
824 2682 884 2713 hoc
923 2683 994 2712 loeo
1041 2682 1115 2712 vet.
1136 2682 1210 2712 l'cc.
1228 2682 1267 2712 iv.
1287 2691 1314 2720 3.

320 2736 427 2765 pugna
451 2726 621 2764 quaedam,
645 2735 709 2764 qua
734 2735 805 2763 pars
829 2735 993 2754 murorum
1083 2733 1098 2753 ‘z
1119 2726 1286 2763 Oequinta
1298 2726 1450 2763 millium]
1466 2724 1602 2763 Supple,
1615 2726 1710 2762 aeris,

319 2772 446 2799 tantum
474 2771 569 2807 capta
595 2767 646 2804 sit,
674 2777 733 2797 nee
760 2771 869 2797 tamen
897 2777 993 2806 pcuc-
1039 2771 1073 2796 ut
1091 2767 1469 2806 Crcvicrius,praecunte
1484 2766 1710 2804 Duke1·0‚ani-

320 2815 440 2842 tratum
457 2810 545 2840 sitin
563 2810 683 2840 urbem.
709 2809 815 2841 Cum.
1037 2809 1222 2840 madvertit.
1270 2810 1309 2840 In
1347 2809 1396 2840 his
1433 2809 1519 2840 enim
1557 2808 1710 2846 numeris,

367 2863 378 2882 1
406 2852 708 2892 bem'toremfieri]
736 2851 886 2890 (loquitor
904 2862 992 2891 prae-
1038 2852 1166 2890 quaudo
1183 2851 1264 2881 nihil
1281 2852 1440 2889 adiicitur,
1454 2852 1600 2882 videmur
1611 2861 1709 2882 anno-

321 2895 429 2933 scntis,
462 2899 655 2935 procurator
688 2894 829 2924 absentis
863 2904 991 2924 causam
1038 2898 1120 2925 tasse
1138 2894 1363 2934 intelligendos
1379 2905 1446 2925 csse
1461 2904 1556 2931 asses,
1571 2904 1635 2924 uon
1648 2904 1708 2924 ses-
