1960 3218
372 149 428 188 50

882 140 1033 183 ΤΙΤΙ
1073 139 1254 183 LIVII

168 246 213 278 U.
230 246 269 278 C.
292 236 481 285 553.lium
508 233 608 284 vias,
636 234 710 276 ubi
739 241 914 275 ventum
946 232 1000 274 ad
1026 232 1135 274 hanc
1162 232 1311 273 urbem
1338 238 1414 280 est,
1442 236 1630 286 repente,
1657 229 1774 271 velut

167 290 208 322 Α·
232 289 271 320 C.
296 297 366 329 199·
378 293 503 335 maris
534 291 652 341 vasti,
689 291 747 332 sic
778 291 983 331 immensa
1011 289 1212 346 panditur
1245 288 1452 345 planities,
1483 296 1532 329 ut
1566 286 1774 329 subiectos

175 754 324 849 Phili-,ppi

175 862 271 900 curae
287 855 319 882 et

173 898 329 925 anmetas.

176 1160 339 1191 Conciliat

175 1203 235 1233 sibi
253 1204 352 1234 Grae-

178 1255 240 1278 cos.

378 365 546 407 campos
563 349 786 390 terminare
804 347 934 389 oculis
950 347 1064 388 haud
1079 347 1200 388 facile
1217 361 1357 402 queas.

916 404 1010 446 Nec
1039 404 1261 446 altitudine
1287 404 1421 445 solum
1450 410 1542 444 tuta
1568 403 1678 451 urbs,
1700 400 1805 442 sed5

380 407 615 450 Thaumaci
644 405 852 463 appellati.

381 465 508 521 quod,
541 477 642 505 saxo
678 463 867 518 undique
903 462 1075 511 absciso,
1106 462 1280 518 rupibus
1315 460 1510 517 imposita
1543 467 1616 501 est.

1420 345 1490 386 Ab
1507 360 1557 386 eo
1574 343 1774 386 miraculo

1679 458 1774 499 Hae

381 521 660 570 difficultates,
683 529 726 561 et
753 520 869 576 quod
893 519 1008 560 haud
1035 519 1132 560 satis
1157 519 1334 574 dignum
1363 518 1469 559 tanti
1488 517 1639 558 laboris
1666 516 1778 572 peri-

381 580 551 635 culique
599 578 782 634 pretium
829 584 930 626 erat,
972 584 1020 617 ut
1067 576 1285 617 absisteret
1323 575 1492 631 incepto
1539 573 1776 630 Philippus,

382 637 625 678 effecerunt.
689 635 839 675 Hiems
868 649 1037 689 quoque
1062 633 1146 673 iarn
1174 633 1367 682 instabat,
1394 647 1526 688 quum
1555 631 1655 672 inde
1686 631 1779 672 abs-

383 694 518 743 cessit,
541 702 584 734 et
603 693 648 733 in
670 691 967 733 Macedoniam
988 691 1032 731 in
1053 690 1229 731 hiberna
1248 690 1389 746 copias
1409 689 1589 730 reduxit.

441 750 508 792 Ibi
538 750 667 791 ceteri
698 749 884 805 quidem,
914 748 1011 789 data
1041 748 1358 804 quanticunque
1390 747 1532 802 quiete
1565 745 1811 802 temporis,6

383 808 507 850 simul
528 808 688 848 animos
704 821 961 862 corporaque
978 814 1233 846 remiserant.

1296 804 1555 861 Philippum,
1573 811 1779 860 quantum

384 867 436 907 ab
465 865 639 907 assiduis
663 864 873 905 laboribus
894 863 1093 904 itinerum
1122 877 1443 918 pugnarumque
1472 861 1683 902 laxaverat
1707 871 1812 904 an-7

384 938 476 973 nus,
513 931 630 964 tanto
671 921 802 977 magis
837 921 1047 961 intentum
1079 920 1125 960 in
1165 920 1406 961 universum
1442 928 1641 960 eventum
1680 917 1782 959 belli

386 995 509 1022 curae
537 988 711 1035 angunt,
734 993 820 1019 non
848 978 987 1019 hostes
1015 977 1140 1018 modo
1169 977 1402 1026 timentem,
1425 976 1499 1032 qui
1527 984 1637 1017 terra
1657 975 1783 1017 mari-

386 1053 469 1094 que
490 1038 720 1093 urgebant3
754 1035 828 1077 sed
848 1050 962 1076 nunc
987 1035 1206 1084 sociorum,
1229 1049 1343 1075 nune
1364 1034 1489 1075 etiam
1516 1033 1782 1089 popularium

386 1095 560 1144 animos,
578 1109 631 1135 ne
653 1102 696 1135 et
710 1093 770 1134 illi
792 1092 845 1134 ad
866 1107 983 1148 spem
1000 1092 1206 1133 amicitiae
1230 1091 1520 1133 Romanorum
1538 1090 1782 1140 deficerent,

386 1160 429 1193 et
451 1151 710 1193 Macedonas
730 1151 840 1206 ipsos
861 1149 1015 1206 cupido
1037 1149 1221 1190 novandi
1242 1164 1306 1190 res
1327 1158 1505 1205 caperet.
1568 1147 1718 1204 Itaque
1740 1155 1782 1189 et

385 1210 431 1250 in
453 1209 659 1250 Achaiam
679 1208 839 1264 legatos
863 1207 988 1257 misit,
1011 1206 1134 1248 simul
1155 1206 1229 1262 qui
1256 1206 1547 1247 iusiurandum
1568 1205 1648 1261 (ita
1668 1205 1783 1246 enim

385 1267 645 1323 pepigerant,
661 1265 886 1321 quotannis
901 1265 1107 1305 iuraturos
1120 1264 1164 1304 in
1180 1264 1306 1305 verba
1321 1263 1530 1319 Philippi)
1543 1262 1780 1319 exigerentz

386 1324 512 1365 simul
533 1323 606 1379 qui
633 1323 860 1364 redderent
882 1322 1064 1363 Achaeis
1088 1320 1400 1370 Orchomenon,
1423 1330 1466 1362 et
1495 1320 1718 1370 Heraeam,
1741 1327 1814 1361 et8

388 1381 676 1437 Triphyliam3
721 1379 835 1420 Eleis
871 1379 1133 1434 Alipheram,
1166 1378 1532 1427 contendentibus,
1564 1389 1815 1433 nunquam9

387 1452 479 1479 eam
512 1438 658 1478 urbem
692 1437 817 1478 fuisse
851 1451 905 1477 ex
941 1435 1175 1492 Triphylia,
1208 1435 1283 1476 sed
1312 1436 1391 1476 sibi
1421 1435 1574 1476 debere
1605 1434 1781 1484 restitui,

387 1495 488 1551 quia
507 1510 592 1535 una
613 1503 720 1535 esset
741 1509 794 1535 ex
822 1494 884 1543 iis,
907 1509 1015 1549 quae
1037 1493 1091 1534 ad
1111 1493 1375 1534 condendam
1405 1492 1708 1548 Megalopolim
1728 1507 1783 1532 ex
1800 1509 1812 1530 1

387 1552 565 1594 concilio
598 1551 815 1593 Arcadum
855 1551 1117 1592 contributae
1157 1550 1306 1591 forent.

387 1703 483 1734 Coela
504 1703 686 1734 Thessaliae
708 1705 865 1732 vocantur
887 1702 928 1731 ad
950 1704 1064 1730 notan-

388 1745 466 1775 dum
483 1745 651 1775 discrimen
672 1745 756 1774 inter
771 1755 820 1781 ea,
837 1747 869 1774 et
886 1743 980 1774 Coela
996 1743 1064 1779 illa,

389 1788 429 1818 de
446 1787 562 1826 quibus
577 1797 662 1826 supr.
679 1786 768 1816 xxxi.
786 1793 836 1824 47.
850 1785 971 1816 mentio
989 1785 1035 1816 fit.

432 1838 450 1868 5
471 1831 647 1860 Thaumaci
670 1829 843 1868 appellati]
870 1827 1064 1859 se.AGrae-

389 1882 427 1902 eo
444 1872 600 1902 vocabulo
617 1871 723 1908 θαῦμα.

432 1913 452 1944 6
476 1914 744 1954 Quanticzmque]
779 1911 940 1948 Quamvis
958 1912 1064 1952 exigui

387 1956 552 1995 temporis.
600 1956 654 1986 Ita
675 1954 859 1991 emendavit
876 1955 902 1986 I.
922 1954 1063 1987 Gronov.

389 2008 448 2039 pro
466 1999 549 2037 vulg.
566 2003 827 2038 quantacunque.

440 2047 457 2079 7
483 2042 670 2072 Laoeaverat
699 2041 823 2077 armas]
869 2038 955 2069 Anni
986 2042 1065 2070 tem-

391 2087 498 2122 pestas
516 2093 580 2113 non
603 2083 667 2113 iam
683 2083 770 2113 bello
785 2083 924 2121 gerendo
939 2082 1065 2113 idonea.

391 2126 478 2156 Ante
496 2125 697 2156 Gronovium
713 2125 880 2164 legebatur
894 2126 1032 2155 animus.

434 2169 453 2198 8
477 2169 541 2205 Qui
563 2168 748 2205 redderent]
789 2167 829 2197 Id
848 2170 907 2205 est,
923 2167 977 2206 qui
997 2168 1065 2198 red—

392 2210 534 2240 diturum
558 2220 635 2240 mox
652 2209 845 2249 Philippum
861 2210 1065 2249 sponderent.

392 2252 469 2282 Hoc
489 2252 575 2283 enim
598 2256 744 2291 tempore
765 2251 891 2282 reddita
911 2262 977 2282 non
1000 2262 1067 2282 esse

391 2295 532 2326 Achaeis
543 2295 624 2325 haec
636 2295 709 2325 loca
720 2298 855 2334 apparet
866 2294 938 2325 infr.
952 2294 1065 2325 xxxiii.

392 2346 410 2376 3
435 2388 454 2420 9
477 2381 568 2410 Eleis
586 2379 796 2418 Alipheram]
832 2377 984 2408 Dubitari
1002 2388 1067 2409 non

392 2425 511 2460 potest,
531 2420 608 2460 quin
632 2420 793 2460 scripserit
817 2420 938 2457 Livius,
952 2422 1066 2460 Meya-

392 2464 540 2502 lopolitis,
553 2474 616 2493 non
630 2464 729 2494 Eleis.
778 2463 818 2493 Id
835 2467 924 2502 patet
939 2466 1009 2493 tum
1025 2473 1065 2493 ex

392 2504 431 2535 iis
443 2515 525 2544 quae
537 2508 715 2543 sequuntur
728 2505 789 2535 hoe
805 2505 874 2544 ipso
891 2506 977 2541 loco;
995 2509 1065 2535 turn

393 2556 433 2577 ex
457 2547 567 2577 xxviii.
585 2548 613 2577 8.
631 2547 685 2577 ubi
707 2549 749 2577 ab
771 2548 885 2577 eodem
911 2547 1065 2586 Philippo

394 2588 526 2619 Heraea
548 2589 659 2619 itidem
681 2592 713 2619 et
728 2589 900 2629 Triphylia
916 2590 1064 2627 Achaeis,

393 2631 551 2670 Aliphera
592 2631 833 2670 Megalopolitis
875 2631 1063 2662 restituitur.

394 2673 458 2704 Sed
482 2673 632 2703 nimirum
654 2684 706 2703 eas
729 2674 794 2704 sive
817 2675 921 2711 urbes,
937 2674 1002 2704 sive
1019 2685 1063 2704 rc-

392 2715 561 2755 giunculas
582 2719 694 2754 postea
710 2715 884 2755 Philippus
899 2717 1014 2746 iterum
1031 2717 1063 2746 in

393 2767 484 2787 suam
507 2761 697 2796 potestatem
716 2758 872 2796 redegisse
889 2760 1065 2789 censendus

393 2804 449 2830 est.
486 2800 585 2830 Porro
598 2801 634 2830 M
638 2801 850 2840 egalopolitae
865 2801 983 2831 foederi
997 2802 1064 2839 qui-

393 2842 467 2872 dem
484 2842 686 2873 Achaeorum
706 2843 833 2882 ascripti
857 2847 955 2874 erant.
1001 2844 1064 2874 Sed

393 2887 500 2916 tamen
530 2885 652 2921 urbem,
675 2896 757 2925 quae
780 2895 908 2916 suorum
938 2885 1064 2925 proprie

1370 1549 1427 1591 Et
1461 1565 1556 1591 cum
1599 1549 1784 1591 Achaeis

1109 1700 1222 1731 fim'um
1241 1704 1334 1739 esset,
1350 1700 1409 1731 sibi
1433 1700 1594 1740 privatim,
1611 1710 1675 1731 non
1699 1711 1783 1732 com-

1108 1743 1199 1773 muni
1223 1744 1439 1781 Achaeorum,
1461 1743 1575 1773 merito
1600 1744 1714 1773 volunt
1736 1754 1783 1775 re-

1109 1785 1208 1816 stitui.
1233 1786 1339 1817 CREv.
1384 1787 1624 1826 Meyalopolz'cis
1640 1786 1784 1825 reposuit

1111 1828 1254 1858 Bekker.

1155 1880 1166 1899 1
1195 1872 1280 1907 Quia
1302 1881 1372 1900 una
1394 1874 1473 1901 esset
1494 1881 1534 1901 ελ·
1557 1871 1609 1907 iis,
1635 1881 1719 1911 quae
1742 1871 1786 1901 ad

1108 1913 1303 1943 condendam
1318 1913 1563 1952 Meyalopolz’m]
1595 1913 1783 1953 Megalopo-

1108 1954 1148 1984 lis
1164 1955 1293 1985 condita
1308 1955 1422 1992 fuerat,
1438 1958 1568 1986 auctore
1584 1955 1783 1995 Epaminon-

1110 1997 1161 2035 da,
1184 1997 1296 2027 inultis
1318 1997 1512 2037 ignobilibus
1528 1998 1686 2028 Arcadiae
1707 1997 1785 2030 vicis

1110 2039 1300 2079 oppidisque
1326 2040 1359 2069 in
1383 2050 1481 2070 unam
1508 2041 1632 2078 urbem,
1655 2040 1785 2071 maioris

1110 2082 1230 2112 roboris
1265 2082 1378 2122 gratia,
1408 2082 1598 2113 contributis
1627 2093 1667 2113 ex
1698 2093 1783 2113 com-

1111 2124 1202 2154 muni
1219 2125 1324 2164 gentis
1339 2125 1503 2155 Arcadum
1520 2126 1660 2156 decreto.
1706 2125 1784 2156 Vid.

1112 2167 1250 2197 Pausan.
1264 2167 1298 2197 in
1315 2167 1490 2204 Arcadicis,
1506 2167 1560 2198 ubi
1577 2167 1785 2198 nominantur

1111 2209 1219 2239 omnia
1241 2210 1361 2250 oppida
1379 2220 1419 2240 ex
1435 2210 1551 2249 quibus
1567 2210 1784 2250 Megalopolis

1111 2252 1283 2289 coaluerat,
1305 2262 1439 2291 quorum
1464 2252 1497 2282 in
1519 2262 1653 2283 numero
1675 2262 1784 2283 recen-

1110 2297 1197 2324 setur
1213 2295 1380 2334 Aliphera.
1427 2295 1580 2326 Ceterum
1597 2305 1654 2334 pro
1668 2296 1783 2334 [Περα-

1111 2337 1237 2375 lopolim
1267 2337 1375 2376 scripti
1405 2337 1548 2375 quidam,
1577 2341 1613 2367 ut
1645 2337 1783 2367 Victori-

1111 2387 1182 2415 nus,
1191 2380 1235 2408 M
1234 2380 1436 2418 eyalapolim,
1448 2379 1502 2409 alii
1512 2380 1782 2419 Illeyalempolim.

1113 2419 1212 2451 Unde
1235 2421 1417 2451 Gronovius
1439 2421 1509 2451 vult
1531 2421 1592 2460 legi
1615 2423 1783 2461 Meyalen-

1106 2463 1210 2502 polin,
1248 2462 1375 2494 Graeca
1417 2464 1513 2502 plane
1550 2463 1783 2503 enuntiatione,

1109 2502 1254 2543 μεγάλην
1264 2504 1366 2537 πόλιν.
1398 2505 1443 2536 Et
1455 2505 1499 2536 sic
1512 2505 1673 2536 interdum
1682 2506 1782 2537 Grae-

1111 2547 1138 2577 ci
1155 2547 1341 2586 Scriptores,
1357 2548 1412 2578 ubi
1428 2549 1468 2578 de
1491 2548 1551 2578 hac
1574 2549 1652 2579 urbe
1671 2553 1782 2588 agunt.

1109 2590 1217 2621 CREv.
1259 2591 1415 2629 Meyalen
1432 2591 1524 2630 polin
1538 2591 1680 2629 reposuit
1697 2591 1782 2622 Bek-

1108 2632 1174 2662 ker.
1235 2632 1522 2668 Quemadmodum
1566 2633 1783 2673 Megalopolis

1110 2674 1148 2704 A.
1166 2674 1202 2705 C.
1222 2682 1279 2713 371
1298 2685 1318 2704 a
1336 2675 1518 2705 civitatibus
1542 2675 1705 2706 Arcadicis
1727 2677 1781 2706 ad-

1109 2727 1216 2747 versus
1234 2717 1395 2756 Spartam,
1411 2717 1457 2747 ita
1471 2719 1683 2749 Ales-sandria
1698 2719 1782 2749 della

1109 2760 1228 2798 Paylt'a
1244 2760 1396 2790 adversus
1413 2760 1547 2790 Paviam
1564 2771 1583 2790 a.
1599 2760 1782 2790 civitatibus

1110 2801 1359 2839 Longobardicis
1381 2803 1551 2833 foederatis
1568 2804 1606 2834 A.
1625 2803 1667 2834 D.
1688 2801 1780 2835 1168.

1109 2844 1238 2915 emidita
1265 2849 1321 2878 est.
1360 2845 1399 2875 cf.
1424 2845 1584 2876 Sismondi
1614 2845 1688 2877 Ital.
1716 2845 1781 2876 Re-

1109 2896 1183 2925 pu).
