1960 3218
186 237 230 269 U.
247 237 285 269 C.
308 246 378 277 552·

184 282 224 312 A.
248 281 286 311 C.
309 290 567 326 200·servant.

185 324 292 354 Causa

900 133 1048 176 ΤΙΤΙ
1085 135 1265 177 LIVII

390 226 519 282 digna
546 241 691 268 causa:
724 226 825 267 dum
847 241 899 267 ex
921 235 1059 268 vetere
1091 227 1259 268 fortuna
1288 227 1393 268 nihil
1423 236 1587 284 praeter
1616 228 1777 269 animos

630 284 872 325 Acarnanes
899 284 983 326 duo
1008 285 1180 326 iuvenes
1209 300 1285 342 per
1312 285 1534 327 Initiorum
1561 285 1663 336 dies,
1689 290 1809 327 non6

393 139 443 176 14

182 366 261 396 belli
281 366 379 396 Athe·
391 342 557 392 initiati,
580 341 783 398 templum
809 341 987 392 Cereris,
1010 343 1298 399 imprudentes
1328 343 1552 400 religionis,
1582 358 1679 384 cum
1708 359 1775 385 ce·
1791 358 1808 391 7

184 408 309 439 nienses

182 450 266 481 inter
281 455 313 482 et

185 494 309 534 Philip-

185 547 273 576 pum.

182 987 312 1017 Attalus

185 1029 330 1061 Athenis.

246 1329 310 1368 15.

183 1450 346 1490 Populum

180 1493 298 1532 scripto
313 1494 357 1523 al—

183 1535 334 1575 loquitur.

391 410 479 442 tera
514 401 634 441 turba
666 400 838 456 ingressi
874 409 981 441 sunt.
1045 400 1182 442 Facile
1213 416 1283 442 eos
1313 416 1447 443 sermo
1477 401 1674 457 prodidit,
1704 401 1776 443 ab-

391 458 514 500 surde
551 458 756 514 quaedam
791 467 1135 514 percunctantes:
1183 458 1438 516 deductique
1479 459 1532 500 ad
1571 459 1776 501 antistites

394 516 550 572 templi,
573 531 703 572 quum
734 515 870 572 palam
896 525 1014 566 esset,
1037 531 1112 573 per
1132 532 1313 558 errorem
1334 517 1551 574 ingressos,
1574 526 1776 573 tanquam

391 574 444 615 ob
472 574 690 615 infandum
721 573 866 623 scelus,
895 573 1103 615 interfecti
1136 583 1243 616 sunt.
1305 574 1357 616 Id
1384 585 1467 617 tam
1495 574 1617 616 foede
1648 583 1775 631 atque

389 631 597 673 hostiliter
626 632 782 673 factum
812 647 914 687 gens
942 632 1212 673 Acarnanum
1245 633 1297 674 ad
1323 632 1567 689 Philippum
1598 632 1772 674 detulit:

390 689 711 746 impetravitque
740 689 791 730 ab
813 704 875 740 eo,
898 698 958 740 ut,
981 690 1087 731 datis
1111 690 1396 732 Macedonum
1417 690 1594 740 auxiliis,
1616 690 1774 732 bellum

390 762 432 789 se
464 747 615 788 inferre
645 747 976 789 Atheniensibus
1006 756 1228 804 pateretur.
1291 748 1376 790 Hic
1397 748 1616 798 exercitus,
1638 748 1774 805 primo

390 814 541 846 terram
564 805 750 846 Atticam
771 804 879 846 ferro
906 806 1078 862 ignique
1101 806 1389 862 depopulatus,
1413 822 1509 848 cum
1537 807 1673 848 omnis
1701 821 1775 862 ge-

389 863 501 904 neris
531 862 685 919 praeda
716 862 761 903 in
792 863 1075 904 Acarnaniam
1106 864 1241 905 rediit.
1305 864 1361 905 Et
1396 864 1570 906 irritatio
1601 864 1773 920 quidem

390 921 623 962 animorum
657 935 706 961 ea
739 920 874 975 prima
908 921 1011 961 fuit:
1050 930 1194 976 postea
1222 922 1378 963 iustum
1408 922 1565 963 bellum
1595 922 1806 963 decretis8

391 978 566 1020 civitatis
596 977 705 1018 ultro
736 977 962 1019 indicendo
992 978 1159 1019 factum.
1223 979 1391 1020 Attalus
1418 980 1532 1020 enim
1559 994 1633 1020 rex
1656 979 1775 1020 Rho-

390 1036 546 1092 diique,
587 1035 795 1091 persecuti
835 1035 1056 1077 cedentem
1096 1036 1140 1076 in
1178 1035 1474 1078 Macedoniam
1514 1036 1772 1094 Philippum,

390 1109 520 1149 quum
543 1092 754 1149 Aeginam
779 1093 1013 1143 venissent3
1046 1109 1121 1135 rex
1148 1093 1382 1144 Piraeeum,
1410 1094 1673 1136 renovandae
1704 1095 1776 1135 fir-

388 1151 651 1207 mandaeque
684 1166 779 1192 cum
817 1151 1148 1193 Atheniensibus
1183 1152 1391 1193 societatis
1426 1168 1561 1202 causa,
1598 1152 1772 1194 traiecit.

391 1208 552 1250 Civitas
588 1209 722 1250 omnis
758 1208 921 1249 obviam
957 1210 1087 1250 effusa
1121 1225 1217 1251 cum
1254 1210 1501 1266 coniugibus
1537 1225 1584 1252 ac
1619 1209 1772 1260 liberis,

388 1267 622 1308 sacerdotes
656 1281 749 1307 cum
792 1266 1025 1321 insignibus
1061 1267 1144 1308 suis
1179 1268 1403 1309 intrantem
1438 1268 1596 1317 urbem,
1631 1283 1678 1309 ac
1713 1268 1773 1308 dii

388 1339 519 1380 prope
551 1324 629 1380 ipsi
660 1324 787 1365 exciti
817 1325 984 1365 sedibus
1004 1325 1100 1375 suis,
1123 1334 1390 1382 exceperunt.
1454 1325 1504 1366 In
1526 1325 1772 1366 concionem

389 1381 601 1438 extemplo
632 1382 811 1438 populus
831 1391 1012 1433 vocatus,
1036 1392 1083 1424 ut
1109 1398 1195 1433 rex,
1218 1398 1325 1439 quae
1346 1383 1485 1433 vellet,
1507 1398 1645 1424 coram
1675 1398 1773 1438 age-

388 1448 476 1481 ret:
515 1439 670 1481 deinde
704 1455 757 1480 ex
790 1439 993 1496 dignitate
1027 1441 1157 1497 magis
1187 1441 1333 1491 visum,
1366 1441 1543 1482 scribere
1576 1456 1686 1491 eum,
1719 1441 1772 1482 de

389 1498 540 1554 quibus
564 1497 787 1547 videretur,
811 1512 936 1554 quam
962 1507 1224 1554 praesentem
1254 1508 1327 1540 aut
1357 1498 1584 1540 referendis
1613 1499 1697 1540 suis
1727 1499 1772 1540 in

389 1556 600 1597 civitatem
620 1555 835 1597 beneficiis
856 1556 1112 1606 erubescere,
1135 1565 1207 1597 aut
1237 1556 1610 1613 significationibus
1639 1556 1772 1598 accla-

389 1614 725 1669 mationibusque
756 1613 1049 1664 multitudinis,
1078 1615 1353 1656 assentatione
1384 1614 1609 1655 immodica
1638 1614 1774 1670 pudo-

388 1686 475 1712 rem
497 1671 720 1712 onerantis.
772 1671 823 1712 In
844 1671 974 1712 literis
995 1681 1146 1722 autem,
1163 1688 1269 1728 quae
1292 1672 1438 1713 missae
1460 1672 1505 1713 in
1525 1672 1771 1713 concionem

389 1729 669 1785 recitataeque
686 1737 795 1778 sunt,
811 1730 1151 1771 commemoratio
1167 1739 1255 1771 erat
1270 1730 1568 1771 beneficiorum
1589 1730 1772 1786 primum

388 1786 432 1827 in
463 1787 672 1828 civitatem
699 1788 876 1837 sociam3
911 1787 1065 1829 deinde
1097 1802 1248 1837 rerum,
1272 1803 1374 1844 quas
1395 1787 1588 1829 adversus
1609 1787 1772 1843 Philip-

387 1859 488 1900 pum
519 1845 733 1900 gessisset3
767 1845 819 1885 ad
846 1854 1102 1901 postremum
1132 1846 1389 1887 adhortatio:
1424 1851 1436 1869 ⁶
1455 1844 1771 1901 Capessendum

389 1901 585 1952 ‘bellum,
615 1902 716 1943 dum
745 1918 800 1952 se,
829 1903 929 1943 dum
963 1903 1165 1953 Rhodios,
1196 1912 1284 1944 tum
1307 1903 1491 1960 quidem,
1514 1903 1615 1944 dum
1643 1903 1770 1944 etiam

389 1965 401 1983 ‘
418 1959 632 2001 Romanos
657 1960 869 2001 haberent.
933 1960 1230 2017 Nequicquam
1261 1971 1417 2017 postea,
1440 1961 1473 2001 si
1502 1970 1591 2002 tum
1619 1972 1803 2002 cessas—9

390 2023 401 2041 ‘
417 2026 522 2067 sent,
544 2018 874 2074 praetermissam
896 2019 1155 2060 occasionem
1173 2019 1457 2075 quaesituros.’
1518 2018 1676 2059 Rhodii
1697 2018 1771 2059 de—

388 2075 485 2116 inde
522 2075 647 2132 legati
680 2076 813 2116 auditi
848 2085 966 2118 sunt:
1001 2092 1179 2133 quorum
1212 2092 1357 2118 recens
1385 2085 1473 2118 erat
1502 2076 1768 2126 beneficium,

386 2133 501 2188 quod
521 2148 646 2174 naves
671 2133 815 2189 longas
836 2143 1032 2189 quattuor
1054 2134 1391 2185 Atheniensium,
1414 2143 1553 2191 captas
1581 2149 1717 2190 nuper
1745 2149 1770 2175 a

388 2190 693 2233 Macedonibus
720 2201 1079 2248 recuperatasque,
1112 2193 1366 2234 remiserant.
1429 2192 1576 2247 Itaque
1608 2191 1770 2247 ingenti

386 2264 590 2290 consensu
613 2248 768 2289 bellum
799 2249 996 2290 adversus
1017 2249 1260 2305 Philippum
1284 2250 1510 2291 decretum.
1574 2248 1769 2289 Honores

384 2306 472 2362 regi
502 2306 684 2362 primum
716 2306 861 2347 Attalo
890 2307 1118 2356 immodici,
1144 2307 1297 2348 deinde
1329 2316 1371 2348 et
1403 2306 1582 2347 Rhodiis
1612 2306 1766 2347 habiti:

427 2429 446 2459 6
470 2431 659 2468 [uitiorum]
686 2431 800 2466 Initia,
813 2440 867 2460 scu
883 2431 1055 2461 [uitiorum

385 2484 489 2507 sacra,
505 2477 589 2507 suntq
606 2477 640 2502 ut
658 2476 775 2502 norunt
792 2483 914 2510 omnes,
930 2473 1055 2503 Cereris

1099 2434 1205 2461 rantes
1231 2441 1389 2469 quaenam
1417 2436 1498 2462 esset
1525 2432 1640 2462 horum
1667 2442 1767 2462 sacro-

1098 2484 1167 2503 rum
1186 2474 1305 2513 religio.
1330 2475 1435 2505 Cum.

386 2515 548 2554 mysteria,
579 2526 660 2554 quac
690 2526 805 2553 magna
837 2516 989 2553 religione
1013 2517 1053 2545 ab

386 2558 636 2587 Atheniensibus
668 2558 821 2588 Eleusine
851 2559 1052 2588 celebrabun-

385 2605 448 2635 tur,
464 2601 553 2629 nullo
570 2600 669 2637 magis
685 2611 779 2639 quum
797 2601 923 2631 silentio
939 2601 1054 2631 sollen-

386 2643 449 2679 nia,
467 2647 499 2672 ut
516 2644 560 2672 alt
582 2643 693 2673 [nstin.
714 2654 738 2673 v.
786 2643 894 2673 liuius
918 2643 1054 2673 nominis

386 2685 536 2721 originem
560 2685 627 2716 Cic.
645 2686 684 2715 de
702 2686 797 2725 Legg.
815 2686 845 2716 ii.
864 2685 913 2724 36.
938 2687 1054 2716 ducere

387 2728 511 2758 videtur
531 2739 569 2757 ex
592 2738 629 2757 eo
650 2729 735 2767 quod
756 2729 991 2759 celebrarentur
1014 2730 1053 2757 ob

382 2772 548 2809 prim-ignia
578 2772 670 2807 vilae,
697 2771 873 2801 arationem
902 2771 1050 2801 nimirum

385 2817 416 2843 et
447 2814 602 2842 sationem
634 2824 791 2852 agrorum,
818 2826 837 2844 a
864 2815 979 2844 Cerere
1007 2814 1050 2844 in-

386 2860 488 2886 venta.
514 2858 618 2886 (Jnnv.

430 2907 444 2936 7
470 2900 691 2937 Imprudentes
729 2900 909 2937 relictionis]
960 2900 1052 2937 Igno-

1141 2518 1159 2546 8
1184 2518 1307 2546 lustum
1330 2518 1461 2554 bellum]
1488 2527 1530 2547 sc.
1550 2516 1624 2546 Non
1647 2518 1766 2547 tumul-

1098 2559 1202 2589 tuaria
1218 2559 1273 2596 vis,
1286 2560 1340 2589 sed
1357 2570 1466 2589 verum
1483 2560 1616 2595 bellum,
1630 2564 1663 2590 ut
1681 2561 1767 2598 quod

1102 2602 1312 2631 Athenienses
1351 2602 1506 2641 Philippo
1544 2604 1627 2632 ultro
1666 2603 1766 2633 indix-

1098 2648 1198 2674 crant.

1141 2697 1159 2727 9
1187 2689 1266 2717 Tum
1296 2688 1431 2727 quidem,
1461 2688 1536 2717 dum
1565 2689 1678 2726 etiam]
1719 2689 1767 2719 Ac

1098 2729 1239 2760 maxime
1260 2729 1291 2759 in
1314 2730 1374 2759 hoe
1396 2730 1548 2769 temporis
1563 2731 1699 2761 articulo
1715 2741 1766 2761 ca-

1099 2773 1288 2811 pessendum
1315 2773 1448 2806 bellum,
1474 2774 1549 2802 dum
1577 2773 1673 2803 etiam
1700 2774 1766 2804 Ro-

1097 2825 1220 2851 manos,
1242 2815 1497 2853 potentissimam
1519 2815 1694 2851 civitatem,
1717 2825 1764 2846 so-

1098 2858 1163 2887 cios
1188 2858 1341 2888 haberent
1374 2862 1501 2897 puratos
1530 2859 1570 2889 ad
1597 2858 1765 2889 auxilium.

1099 2902 1203 2930 (Ἱππ.
