1960 3218
125 229 170 261 U.
188 229 226 261 C.
249 236 321 270 557.

124 272 163 304 A.
187 273 225 305 (J.
251 281 320 314 195.

185 626 254 664 46.

123 681 254 711 Iudices

121 723 317 763 Carthagine

122 776 163 795 ex
180 776 291 805 perpe-

120 808 186 838 tuis
200 808 300 838 annui

119 850 209 886 facti,
227 851 318 881 Han-

120 892 237 923 nibalis

120 945 228 974 opera.

120 1891 243 1922 Aerarii
261 1891 306 1921 in-

119 1933 213 1973 opiae
228 1944 293 1964 me-

118 1976 213 2006 detur
226 1976 318 2007 Han-

118 2017 217 2050 nibal.

181 2120 249 2159 47.

338 140 418 178 124
847 138 996 181 ΤΙΤΙ
1033 139 1213 183 LIVII

336 230 348 249 ‘
365 233 409 267 et
436 225 488 267 ab
509 240 607 282 rege
636 225 688 267 ad
716 242 814 268 eum
843 228 950 270 elam
981 228 1138 286 legatos
1159 230 1333 272 venisse.
1399 229 1460 271 Ut
1479 228 1587 270 feras
1607 243 1731 285 quas-

336 283 461 325 ‘dam
493 283 609 325 nulla
641 284 858 326 mitescere
893 294 994 336 arte,
1029 287 1087 328 sic
1119 287 1326 328 immitem
1355 295 1397 328 et
1424 286 1731 343 implacabilem

336 346 348 364 ⁶
364 341 454 382 eius
483 341 560 381 viri
591 342 777 382 animuin
809 357 908 383 esse.
973 343 1235 385 Blarcescere
1266 345 1351 385 otio
1382 345 1563 400 situque,
1595 343 1729 399 queri,

336 403 348 422 ‘
364 398 590 447 civitatem,
613 408 656 440 et
677 399 829 441 inertia
848 400 1002 456 sopiri3
1035 416 1114 442 nec
1141 401 1231 442 sine
1258 417 1467 443 armorum
1496 401 1637 442 sonitu
1657 413 1761 443 ex-3

336 461 348 479 ‘
367 455 486 496 citari
507 456 653 511 posse.'
714 455 835 498 Haec
862 458 1093 512 probabilia
1117 459 1319 500 memoria
1347 458 1494 514 prioris
1520 457 1633 506 belli,
1655 472 1732 513 per

334 528 467 553 unum
498 512 617 553 illum
650 528 736 554 non
769 515 901 569 magis
931 515 1052 571 gesti,
1080 531 1206 571 quam
1237 516 1353 565 moti,
1379 515 1566 556 faciebat.
1630 513 1731 554 Irri-

334 578 493 611 taverat
528 570 655 611 etiam
691 572 849 612 recenti
883 572 991 613 facto
1025 573 1252 614 multorum
1285 573 1522 629 potentium
1555 572 1727 613 animos.

334 626 531 668 Indicum
560 627 662 668 ordo
688 627 946 684 Carthagine
975 645 1025 670 ea
1054 639 1300 686 tempestate
1326 630 1645 678 dominabatur3
1679 640 1763 670 004

334 684 529 734 maxime,
562 685 678 740 quod
710 685 838 726 iidem
870 687 1062 742 perpetui
1094 687 1253 728 iudices
1287 695 1417 728 erant.
1481 686 1580 736 Res,
1606 686 1728 735 fama,

333 741 501 798 vitaque
524 742 713 782 omnium
736 743 778 782 in
800 742 967 784 illorum
988 752 1193 799 potestate
1216 753 1313 785 erat.
1371 744 1458 792 Qui
1488 759 1617 784 unum
1640 743 1730 784 eius

334 799 493 840 ordinis
516 799 769 849 offendisset,
791 800 904 841 idem
926 816 1071 842 omnes
1093 801 1286 842 adversos
1315 801 1518 850 habebat3
1552 816 1630 841 neo
1662 815 1730 841 ac-

333 866 498 897 cusator
526 856 639 911 apud
668 857 828 898 iudices
857 858 1040 899 insensos
1061 858 1217 899 deerat.
1283 858 1449 899 Horum
1474 859 1519 898 in
1546 866 1628 898 tam
1650 858 1730 898 im-

332 914 496 969 potenti
536 928 667 969 rcgno
708 914 868 969 (neque
910 915 1022 955 enim
1060 915 1237 956 civiliter
1270 915 1411 955 nimiis
1448 915 1597 970 opibus
1636 922 1759 955 uto-5

333 970 504 1025 bantur)
531 979 697 1026 praetor
724 971 855 1012 factus
890 971 1108 1013 Hannibal
1139 973 1277 1013 vocari
1308 972 1362 1013 ad
1393 987 1436 1013 se
1465 976 1761 1027 quaestorem6

331 1028 461 1069 iussit.
528 1027 738 1076 Quaestor
766 1028 812 1069 id
842 1044 918 1084 pro
946 1029 1078 1070 nihilo
1107 1029 1265 1071 habuit.
1331 1028 1442 1070 Nam
1468 1038 1510 1070 et
1531 1029 1728 1070 adversae

330 1084 523 1126 factionis
554 1094 667 1126 erat:
702 1095 757 1134 et,
780 1087 881 1140 quia
911 1101 963 1127 ex
996 1095 1220 1142 quaestura
1248 1087 1292 1127 in
1323 1086 1495 1135 iudices,
1525 1086 1730 1142 potentis-

331 1142 484 1182 simum
512 1142 717 1192 ordinem,
740 1143 1039 1193 reserebantur,
1063 1144 1146 1184 iam
1175 1159 1250 1200 pro
1277 1144 1428 1185 futuris
1457 1159 1554 1184 mox
1580 1143 1760 1199 opibus7

331 1199 492 1240 animos
519 1200 703 1255 gerebat.
768 1199 995 1241 Enimvero
1028 1201 1251 1257 indignum
1283 1201 1328 1242 id
1358 1210 1471 1242 ratus
1498 1200 1727 1250 Hannibal,

330 1257 532 1298 viatorem
553 1256 607 1297 ad
627 1257 978 1312 prehendendum
1001 1268 1265 1314 quaestorem
1288 1258 1422 1299 misit:
1453 1258 1729 1299 subductum-

331 1330 413 1369 que
448 1314 492 1354 in
527 1314 788 1363 concionem,
823 1330 909 1355 uon
942 1315 1079 1371 ipsum
1112 1316 1256 1371 magis,
1286 1331 1413 1372 quam
1441 1315 1633 1356 ordinem
1663 1315 1729 1355 iu-

330 1371 485 1420 dicum,
509 1386 607 1426 prae
630 1387 809 1427 quorum
831 1373 1026 1428 superbia
1046 1381 1173 1429 atque
1195 1373 1344 1429 opibus
1368 1388 1447 1413 nec
1475 1372 1589 1428 leges
1610 1372 1729 1428 quic-

330 1443 457 1484 quam
487 1438 636 1478 essent,
667 1444 746 1470 nec
775 1430 1050 1485 magistratus,
1080 1431 1299 1471 accusavit.
1365 1430 1433 1479 Et,
1456 1438 1503 1470 ut
1533 1429 1728 1470 secundis

330 1485 498 1526 auribus
515 1486 646 1542 accipi
665 1486 897 1527 orationem
915 1487 1223 1537 animadvertit,
1239 1497 1280 1528 et
1297 1487 1537 1527 infimorum
1557 1501 1727 1542 quoque

330 1542 512 1584 libertati
542 1558 712 1599 gravem
745 1559 833 1584 esse
869 1545 1107 1600 superbiam
1143 1560 1301 1594 eorum,
1339 1545 1476 1600 legem
1513 1543 1728 1600 extemplo

330 1600 622 1656 promulgavit,
659 1600 932 1657 pertulitque,
979 1602 1069 1643 ‘Ut
1102 1602 1146 1642 in
1182 1602 1367 1657 singulos
1403 1617 1533 1643 annos
1569 1601 1728 1642 iudices

332 1656 626 1713 ‘legerenturz
672 1673 726 1699 ne
763 1658 857 1714 quis
892 1659 1111 1699 biennium
1147 1655 1395 1700 continuum
1431 1659 1560 1700 iudex
1596 1657 1729 1699 esset?

332 1714 535 1756 Ceterum
576 1723 777 1771 quantam
818 1731 868 1756 eo
904 1716 1014 1757 facto
1049 1717 1100 1756 ad
1138 1716 1306 1772 plebem
1347 1716 1497 1757 inierat
1536 1715 1726 1771 gratiam,

331 1779 494 1812 tantum
517 1787 691 1827 magnac
715 1772 843 1828 partis
864 1773 1103 1828 principum
1125 1773 1357 1814 offenderat
1372 1773 1544 1813 animos.
1594 1772 1728 1813 Adie-

329 1828 387 1869 cit
420 1837 462 1869 ct
494 1829 622 1878 aliud,
653 1829 780 1884 quod,
809 1830 921 1870 bono
954 1830 1136 1885 publico,
1166 1830 1245 1871 sibi
1277 1830 1464 1886 proprias
1496 1829 1759 1870 simultatesss

331 1885 516 1927 irritavit.
580 1886 816 1942 Vectigalia
837 1886 1005 1942 publica
1029 1888 1179 1943 partim
1206 1887 1463 1942 negligentia
1484 1886 1728 1927 dilabeban-

332 1951 425 1991 tur,
463 1943 616 1999 partim
649 1943 828 1999 praedae
863 1959 910 1985 ac
943 1943 1095 1984 divisui
1128 1944 1366 2000 principum
1399 1943 1651 1999 quibusdam
1684 1951 1728 1984 et

331 2000 639 2056 magistratibus
668 2009 813 2041 erant:
848 2001 952 2057 quin
980 2010 1022 2042 et
1049 2002 1242 2057 pecunia,
1266 2016 1373 2057 quae
1403 2001 1447 2041 in
1468 2000 1727 2056 stipendium

332 2057 536 2098 Romanis
557 2073 632 2098 suo
654 2073 823 2114 quoque
846 2073 957 2099 anno
978 2058 1246 2114 penderetur,
1265 2059 1419 2107 deerat,
1438 2058 1726 2113 tributumque
1739 2069 1759 2099 9

329 2130 453 2170 grave.
486 2115 656 2170 privatis
690 2115 909 2156 imminere
945 2115 1176 2156 videbatur.
1242 2115 1459 2156 Hannibal
1489 2124 1725 2171 postquam,

330 2172 548 2228 vectigalia
568 2181 727 2227 quanta
748 2172 956 2213 terrestria
984 2173 1277 2229 maritimaque
1307 2182 1457 2222 essent,
1481 2182 1523 2213 et
1551 2172 1593 2212 in
1624 2187 1727 2227 quas

328 2244 394 2269 res
434 2238 718 2285 erogarentur,
761 2229 1069 2278 animadvertit,
1112 2239 1155 2271 et
1195 2230 1299 2285 quid
1340 2245 1486 2270 eorum
1527 2228 1726 2269 ordinarii

328 2286 582 2342 reipublicae
600 2302 698 2327 usus
714 2295 1023 2336 consumerent,
1040 2295 1246 2342 quantum
1262 2286 1479 2343 peculatus
1496 2293 1722 2333 averteret3

373 2471 389 2499 3
414 2463 539 2491 Inertitc
554 2463 671 2500 sopiri]
704 2462 757 2492 Ita
781 2461 952 2492 Rubenius
975 2472 1004 2492 e·
1050 2462 1136 2492 Idem
1154 2472 1212 2500 pru
1228 2461 1328 2490 nihiln
1342 2461 1464 2490 hahuit.

328 2503 493 2532 mondavit
511 2514 566 2541 pro
584 2504 667 2542 vulg.
684 2505 803 2534 inertia
819 2506 934 2543 operis.
1096 2511 1112 2542 7
1135 2504 1341 2540 I’rufuturis
1358 2513 1427 2532 mar
1443 2502 1570 2541 opibus]
1590 2511 1631 2531 sc.
1642 2500 1725 2531 Eam

371 2556 390 2581 4
412 2547 560 2575 Italic-nm
583 2547 674 2584 mula]
702 2546 740 2576 cf.
761 2546 919 2585 Gottling.
938 2546 1004 2576 Ex·
1048 2545 1304 2583 ferocimmquat·
1315 2544 1430 2574 futuris
1443 2543 1557 2582 opibus
1573 2554 1725 2582 congrue-

330 2597 411 2617 eurs.
428 2588 468 2616 ad
487 2587 581 2617 Arist.
604 2588 671 2618 Pol.
690 2598 719 2626 p.
738 2590 809 2625 485.
1048 2592 1106 2617 ret.
1131 2588 1237 2618 Ciu-:xz

373 2637 389 2666 5
407 2631 520 2669 Neque
536 2631 617 2659 enim
634 2631 788 2667 civililer]
810 2629 927 2659 Animo
940 2629 1005 2659 sive
1092 2630 1111 2659 8
1136 2630 1238 2666 Quod,
1253 2630 1330 2658 bonu
1345 2630 1487 2667 publica]
1512 2627 1603 2657 Licet
1621 2627 1725 2666 publi-

331 2671 437 2708 mmh),
462 2671 566 2709 qualis
593 2672 694 2701 civem
726 2672 758 2701 in
790 2672 875 2702 cives
901 2672 1004 2702 dccet.
1051 2681 1106 2701 ene
1133 2671 1227 2700 saluti
1252 2671 1427 2701 inserviret.
1484 2672 1636 2701 Ceterum
1663 2681 1725 2710 quo

330 2714 369 2744 cf.
386 2723 471 2752 supr.
488 2713 585 2743 xxvii.
603 2712 631 2743 6.
1048 2724 1105 2752 pro
1121 2714 1289 2753 quodcum
1306 2712 1570 2742 l‘›r.1k0nh0rchio
1584 2712 1725 2751 reposuit

373 2754 392 2784 6
424 2757 534 2785 Vocari
557 2756 599 2785 ml
622 2767 654 2786 se
680 2760 874 2795 qnaextorcm
900 2757 1002 2786 iussit.
1050 2755 1191 2785 Bekker.

331 2799 487 2835 Quaestor
502 2799 536 2828 irl
548 2808 608 2837 pro
624 2799 725 2828 nihilo
740 2799 869 2836 lmbm'l]
899 2798 1005 2828 Locus
1092 2807 1111 2837 f)
1133 2798 1199 2827 Suo
1229 2808 1351 2837 quoqne
1382 2798 1484 2834 mmo]
1527 2796 1604 2836 Legi
1635 2796 1724 2826 iubet

330 2851 349 2870 a
378 2839 562 2879 Kreyssigio
590 2840 706 2878 passim
731 2840 868 2871 refictus.
915 2840 1003 2870 Olim
1050 2839 1233 2870 Gronovius
1244 2850 1301 2869 suo
1313 2850 1457 2880 quaeque
1469 2850 1563 2871 anno,
1588 2838 1723 2876 cf.supr.

331 2884 497 2921 legebatur
522 2893 634 2914 vocare
663 2884 706 2913 mc
733 2894 766 2914 se
796 2886 1003 2922 quaestorem.
1049 2881 1093 2913 iii.
1112 2891 1160 2913 22.
1184 2892 1257 2912 xxv.
1280 2889 1325 2919 17.
