1960 3218
137 233 183 266 U.
199 233 238 266 C.
261 232 333 273 560.

137 278 178 309 A.
203 277 241 308 C.
267 286 336 318 192.

144 697 276 729 Attalus

142 740 241 771 frater
257 741 323 771 Eu-

143 784 247 815 menis
261 784 326 814 Ro-

144 835 226 857 mae.

210 1157 277 1196 24.

148 1502 299 1535 Comitia.

217 2479 283 2517 25.

343 139 427 177 200
855 131 1003 174 ΤΙΤΙ
1045 131 1227 174 LIVII

345 228 478 276 beret,
502 224 770 268 ‘Periculum
790 238 892 273 esse,
909 238 963 264 ne
986 222 1125 264 classis
1146 223 1255 279 regis
1278 222 1481 265 Antiochi
1499 239 1552 265 ex
1576 223 1745 265 Aetolia

351 286 420 326 ‘in
445 284 630 326 Siciliam
659 282 892 324 traiiceret:
927 281 1069 337 itaque
1091 281 1256 336 placere
1278 282 1455 331 senatui,
1478 281 1531 322 ad
1552 296 1649 322 eum
1671 297 1745 322 ex-

352 349 364 367 ‘
380 343 570 392 ercitum,
593 356 718 397 quem
745 340 931 388 haberet,
954 338 1324 380 tumultuariorum
1352 339 1531 380 militum
1562 339 1615 380 ad
1640 339 1745 380 duo-
1761 358 1778 392 7

352 407 363 425 ‘
377 401 513 442 decim
533 399 675 449 millia,
691 407 733 439 et
749 397 1079 454 quadringentos
1095 397 1259 452 equites
1272 397 1450 438 scribere
1465 412 1576 446 eum,
1594 397 1747 452 quibus

353 464 493 499 ‘oram
525 457 776 498 maritimam
811 454 1064 511 provinciae,
1097 470 1181 511 qua
1210 464 1400 511 vergeret
1430 456 1474 495 in
1509 454 1745 504 Graeciam,

354 523 365 541 ‘
382 516 491 557 tueri
511 516 675 572 posset.'
737 514 850 555 Eum
881 512 1093 554 delectum
1119 521 1284 568 praetor
1304 528 1390 554 non
1419 528 1471 553 ex
1497 511 1638 554 Sicilia
1659 512 1748 568 ipsa

354 584 532 623 tantum,
555 573 628 614 sed
650 572 777 614 etiam
799 586 851 612 ex
882 570 1274 612 circumiacentibus
1302 570 1448 611 insulis
1468 570 1638 611 habuit:
1673 584 1748 625 op-

353 632 536 689 pidaque
569 630 711 672 omnia
741 628 964 678 maritima,
997 643 1104 684 quae
1136 628 1180 668 in
1215 627 1436 669 Graeciam
1467 643 1583 669 versa
1615 637 1746 677 eraut,

353 689 570 746 praesidiis
598 687 789 729 firmavit.
853 686 1036 726 Addidit
1064 686 1262 727 alimenta
1286 686 1523 726 rumoribus
1544 685 1749 726 adventus

354 747 503 797 Attali,
538 746 741 787 Eumenis
771 744 920 793 fratris,
953 744 1026 800 qui
1056 743 1279 793 nuntiavit,
1314 743 1575 784 Antiochum
1607 757 1749 798 regem

356 805 684 861 Hellespontum
715 818 811 844 cum
848 802 1036 843 exercitu
1068 802 1288 851 transisse3
1331 810 1373 842 et
1406 800 1581 842 Aetolos
1616 801 1675 841 ita.
1706 815 1749 841 se

355 878 511 920 parare,
536 871 582 903 ut
603 862 679 903 sub
701 861 928 901 adventum
952 860 1041 900 eius
1064 859 1107 899 in
1129 858 1252 900 armis
1274 867 1423 900 essent.
1489 858 1544 899 Et
1567 857 1750 899 Eumeni

355 921 530 970 absenti,
554 930 596 961 et
616 918 825 976 praesenti
856 917 1002 958 Attalo
1023 917 1178 972 gratiae
1201 925 1339 957 actae:
1374 925 1416 957 et
1437 916 1560 957 aedes
1580 915 1748 964 liberae,
1764 927 1783 957 8

354 979 483 1028 locus,
505 978 634 1019 lautia
655 977 836 1024 decreta,
855 983 898 1016 et
919 990 1093 1015 munera
1114 974 1224 1024 data,
1243 974 1343 1030 equi
1364 973 1462 1023 duo,
1481 973 1580 1014 bina
1601 987 1750 1028 eques-

355 1037 434 1078 tria
454 1051 579 1086 arma,
603 1044 646 1076 et
666 1050 762 1076 vasa
789 1042 987 1089 argentea
1008 1041 1179 1074 centum
1208 1032 1365 1088 pondo,
1388 1040 1431 1072 et
1458 1046 1583 1072 aurea
1603 1030 1752 1086 viginti

353 1094 508 1152 pondo.

419 1152 564 1201 Quum
593 1151 663 1193 alii
691 1159 817 1206 atque
846 1149 916 1190 alii
944 1148 1084 1189 nuntii
1104 1147 1262 1189 bellum
1290 1147 1444 1189 instare
1467 1146 1675 1196 afferrent,
1699 1145 1753 1187 ad

356 1226 444 1252 rem
476 1210 686 1266 pertinere
715 1208 851 1249 visum
880 1215 953 1256 est,
977 1205 1168 1247 consules
1199 1206 1335 1262 primo
1361 1220 1530 1261 quoque
1564 1213 1752 1259 tempore

357 1269 498 1310 creari.
562 1267 712 1323 Itaque
735 1264 1144 1307 senatusconsultum
1164 1263 1321 1304 factum
1344 1272 1419 1312 est,
1435 1271 1482 1303 ut
1501 1261 1561 1302 M.
1582 1261 1753 1302 Fulvius

357 1335 524 1383 praetor
552 1325 692 1366 literas
721 1322 934 1378 extemplo
956 1322 1009 1363 ad
1031 1321 1246 1363 consulem
1269 1321 1466 1370 mitteret,
1490 1320 1643 1375 quibus
1664 1334 1753 1360 cer-

358 1385 438 1425 tior
468 1384 599 1433 fieret,
632 1382 795 1424 senatui
826 1381 1004 1437 plaeere,
1040 1379 1256 1435 provincia
1291 1378 1564 1433 exercituque
1598 1376 1752 1417 tradito

356 1441 517 1498 legatis,
556 1441 737 1482 Romam
778 1438 930 1480 reverti
972 1452 1082 1487 eum,
1120 1445 1163 1477 et
1199 1452 1252 1477 ex
1293 1436 1441 1477 itinere
1483 1435 1751 1491 praemittere

357 1500 557 1549 edictum,
579 1514 663 1554 quo
685 1496 854 1539 comitia
875 1495 1114 1536 consulibus
1135 1493 1325 1535 creandis
1347 1493 1543 1534 ediceret.
1606 1492 1754 1533 Paruit

358 1558 422 1599 his
454 1557 585 1598 literis
610 1555 768 1604 consul,
791 1563 845 1604 ct,
868 1553 1096 1609 praemisso
1117 1552 1270 1601 edicto,
1294 1552 1476 1592 Romam
1497 1550 1624 1591 veuit.
1689 1549 1753 1590 Eo
1767 1565 1786 1597 9

358 1630 527 1671 quoque
550 1630 660 1655 anno
679 1628 831 1668 magna
850 1611 1021 1652 ambitio
1037 1610 1130 1660 fuit,
1146 1610 1261 1665 quod
1281 1609 1445 1665 patricii
1463 1617 1545 1649 tres
1562 1608 1605 1647 in
1622 1622 1755 1648 unum

357 1673 497 1714 locum
514 1672 739 1729 petierunt,
755 1670 803 1711 P,
823 1668 1047 1710 Cornelius
1067 1666 1147 1708 Cn.
1165 1667 1209 1708 F.
1230 1667 1382 1723 Scipio,
1399 1666 1471 1722 qui
1488 1666 1625 1721 priore
1643 1680 1755 1705 aimo

359 1730 568 1787 repulsam
600 1729 764 1777 tulerat,
799 1736 841 1768 et
875 1726 924 1767 L.
953 1725 1176 1767 Cornelius
1208 1724 1348 1780 Scipio
1380 1733 1423 1765 et
1457 1723 1536 1765 Cn.
1567 1722 1755 1763 Manlius

359 1788 505 1829 Vulso.
567 1787 615 1828 P.
639 1785 839 1842 Scipioni,
855 1793 901 1825 ut
923 1783 1099 1825 dilatum
1121 1783 1210 1823 viro
1232 1782 1317 1832 tali,
1341 1797 1427 1822 non
1448 1790 1660 1836 negatum,
1679 1780 1755 1820 ho-

359 1861 504 1887 norem
546 1853 778 1901 appareret,
816 1841 1056 1883 consulatus
1096 1840 1217 1881 datus
1252 1848 1325 1880 est.
1401 1835 1590 1879 Additur
1626 1837 1665 1878 ci
1701 1837 1754 1878 de

359 1903 481 1960 plebe
508 1903 679 1958 collega,
704 1900 777 1941 M’.
798 1899 962 1942 Acilius
987 1898 1173 1939 Glabrio.
1236 1897 1411 1938 Postero
1442 1896 1510 1937 die
1543 1904 1756 1952 praetores

361 1961 502 2010 creati,
527 1960 576 2001 L.
602 1958 811 2001 Aemilius
832 1956 1017 2006 Paullus,
1042 1955 1104 1996 M.
1130 1955 1338 1996 Aemilius
1370 1953 1572 2010 Lepidus,
1596 1952 1658 1994 M.
1683 1952 1755 1993 Iu—

361 2019 456 2059 nius
485 2018 654 2067 Brutus,
681 2018 732 2057 A.
755 2014 980 2056 Cornelius
1002 2013 1250 2062 Mammula,
1277 2012 1326 2053 C.
1347 2012 1505 2061 Livius,
1529 2020 1572 2052 et
1593 2011 1642 2051 L.
1666 2010 1756 2066 Op-

361 2077 478 2132 pius3
512 2076 680 2130 utrique
702 2088 847 2115 eorum
872 2072 1080 2114 Salinator
1105 2086 1341 2127 cognomen
1363 2078 1461 2111 erat.
1527 2069 1692 2124 Oppius
1722 2068 1756 2108 is

361 2143 462 2184 erat,
486 2134 559 2189 qui
580 2133 753 2174 classem
774 2130 924 2186 viginti
949 2130 1118 2170 navium
1150 2129 1194 2168 in
1226 2127 1410 2169 Siciliam
1431 2127 1620 2168 duxerat.
1684 2125 1757 2166 In-

362 2192 484 2233 terim
505 2192 607 2232 dum
630 2190 724 2231 novi
749 2188 1013 2244 magistratus
1034 2186 1280 2228 sortirentur
1301 2185 1545 2241 provincias,
1569 2183 1630 2224 M.
1649 2183 1756 2223 Bae-

361 2249 454 2290 bius
484 2265 508 2290 a
539 2247 767 2289 Brundisio
798 2261 893 2287 cum
926 2245 1119 2285 omnibus
1150 2244 1281 2299 copiis
1312 2243 1484 2284 transire
1512 2242 1554 2282 in
1578 2241 1754 2296 Epirum
1772 2257 1783 2278 1

361 2316 424 2348 cst
445 2307 591 2355 iussus,
610 2314 651 2346 et
671 2305 781 2346 circa
795 2302 1065 2359 Apolloniam
1089 2302 1229 2357 copias
1250 2301 1488 2342 continere:
1523 2308 1565 2339 ct
1583 2298 1643 2339 M.
1657 2297 1757 2338 Ful-

362 2364 429 2405 vio
456 2363 638 2420 praetori
666 2363 826 2403 urbano
857 2360 1074 2415 negotium
1096 2359 1242 2399 datum
1263 2367 1338 2407 est,
1362 2366 1409 2398 ut
1430 2357 1756 2413 quinqueremes

364 2437 490 2463 novas
512 2420 822 2477 quinquaginta
841 2418 1007 2459 faceret.

425 2478 479 2519 Et
505 2478 686 2534 populus
712 2476 885 2533 quidem
914 2475 1132 2515 Romanus
1158 2474 1216 2514 ita
1246 2488 1288 2513 sc
1321 2472 1373 2513 ad
1405 2486 1550 2513 omnes
1581 2478 1757 2512 conatus

411 2656 425 2685 7
454 2645 750 2675 'I'nmnlthriorum
790 2644 942 2679 militum]
997 2642 1036 2671 cf.
1130 2650 1139 2669 1
1167 2642 1209 2670 In
1234 2640 1392 2678 Epirum]
1427 2639 1489 2669 Sed
1520 2638 1660 2669 Baebius
1684 2638 1754 2669 infr.

364 2691 457 2728 supr,
478 2698 503 2718 2.
1082 2683 1191 2713 xxxvi.
1222 2692 1247 2712 1.
1280 2683 1313 2711 in.
1344 2682 1567 2712 Macedoniam
1595 2681 1756 2711 traiecisse

407 2735 426 2761 ὅ
449 2732 553 2761 Aedes
579 2731 709 2766 liberae,
735 2728 838 2765 locus]
876 2728 914 2757 cf.
944 2728 1035 2765 Supr.
1082 2725 1210 2761 dicitur,
1238 2725 1324 2754 unde
1352 2724 1506 2754 Dukerus=
1538 2723 1675 2754 coniecit
1702 2723 1754 2753 Li-

364 2783 509 2812 xxx.17.
1085 2767 1168 2798 1111111
1201 2777 1321 2797 morem
1354 2766 1504 2805 loquendi
1536 2765 1650 2796 aetatis
1679 2776 1756 2796 suae

406 2828 425 2857 1)
450 2817 585 2852 (J'misnll
614 2815 743 2853 Nempe
765 2812 953 2848 Quint-lius5
972 2811 1034 2845 cui,
1080 2814 1225 2840 secutum
1258 2820 1336 2846 csse,
1365 2820 1428 2848 quo
1467 2814 1611 2848 tempore
1643 2808 1751 2838 Mace-

366 2864 397 2888 111
419 2862 543 2889 constat
563 2867 648 2896 supr.
668 2866 715 2886 20.
742 2854 903 2895 provincia
925 2853 1032 2884 Gallia
1080 2852 1195 2882 (Ioniae
1219 2852 1398 2891 appellatio
1426 2851 1594 2891 Illyricum
1620 2854 1650 2881 et
1678 2850 1752 2890 Epi-

364 2906 390 2931 ct
412 2901 541 2931 comitia
559 2900 704 2930 habenda
723 2901 906 2928 creuerunt.
1082 2906 1150 2925 rum
1169 2894 1449 2933 comprchemlisse
1467 2894 1600 2924 videtur.
