1960 3218
149 267 251 300 UC
275 268 346 309 66

145 310 345 343 A.C.186.

149 908 239 940 Galli
257 908 289 939 in

152 951 324 982 Venetiam

145 994 343 1035 transgressi.

213 1766 280 1804 23.

147 1821 300 1853 Comitia.

150 2510 192 2541 U.
211 2510 248 2541 C.
273 2509 344 2549 567.

147 2554 186 2583 Λ.
210 2554 246 2583 Ο.
273 2555 340 2591 185.

147 2596 209 2635 Ap.
225 2596 322 2626 Clau-

145 2639 212 2675 dio,
229 2639 276 2669 M.

146 2680 337 2721 Sempronio

145 2725 235 2755 Coss.

359 167 442 208 398
869 164 1017 209 TI'TI
1061 165 1241 209 LIVII

359 256 568 298 ludicrum
620 256 877 299 celebratum
928 266 1001 299 est.
1077 257 1343 301 Novendiale
1391 256 1547 299 deinde
1597 271 1760 298 sacrum

360 314 509 363 tenuit,
553 315 669 370 quod
709 315 754 355 in
795 315 955 357 Piceno
996 331 1072 372 per
1112 316 1298 358 triduum
1339 315 1548 372 lapidibus
1582 314 1758 370 pluerat,

358 372 563 428 ignesque
596 372 795 414 coelestes
826 373 1094 414 multifariam
1128 374 1208 414 orti
1241 373 1446 414 adussisse
1480 371 1757 427 complurium

358 429 441 471 levi
483 430 625 470 afflatu
665 431 916 472 vestimenta
955 432 1137 472 maxime
1179 431 1439 472 dicebantur.
1515 429 1678 470 Addita
1717 437 1761 469 et

358 502 492 528 unum
527 487 639 528 diem
674 488 924 544 supplicatio
957 498 1020 530 est
1056 504 1108 530 ex
1143 489 1312 530 decreto
1345 488 1608 544 pontificum,
1644 485 1760 542 quod

358 545 483 586 aedes
508 544 615 601 Opis
636 545 680 585 in
706 545 918 601 Capitolio
946 545 998 587 de
1028 545 1145 587 coelo
1178 554 1286 586 tacta
1317 554 1416 586 erat.
1480 544 1642 586 Hostiis
1673 559 1760 585 ma-

359 602 516 643 ioribus
538 602 729 643 consules
750 612 1040 659 procurarunt,
1064 603 1296 658 urbemque
1318 603 1611 644 lustraverunt.
1672 601 1758 642 Sub
1773 611 1792 642 9

357 659 472 701 idem
510 668 676 716 tempus
713 669 755 701 et
792 676 845 701 ex
882 661 1060 701 Umbria
1100 661 1342 701 nuntiatum
1383 669 1458 709 est,
1495 659 1758 701 semimarem

359 717 585 759 duodecim
617 718 748 758 ferme
785 733 917 758 annos
954 726 1100 758 natum
1136 718 1367 758 inventum.
1432 717 1483 758 Id
1503 717 1758 773 *prodigium

359 775 664 824 abominantes,
688 775 819 816 arceri
842 775 1036 816 Romano
1059 791 1157 831 agro
1179 775 1403 830 necarique
1427 790 1553 831 quam
1575 775 1759 830 primum

359 841 580 874 iusserunt.

419 889 584 931 Eodem
615 905 727 932 anno
753 890 867 932 Galli
890 889 1172 947 Transalpini,
1197 889 1440 946 transgressi
1466 890 1511 930 in
1532 889 1759 930 Venetiam

359 947 448 988 sine
485 947 758 1004 populatione
795 957 869 990 aut
904 948 1027 998 bello,
1062 948 1177 989 haud
1211 947 1359 1004 procul
1390 947 1504 997 inde,
1538 947 1612 988 ubi
1644 962 1759 988 nunc

359 1005 562 1061 Aquileia
592 1014 667 1055 est,
694 1005 834 1048 locum
866 1006 1022 1062 oppido
1053 1005 1278 1047 condendo
1309 1016 1524 1061 ceperunt.
1588 1004 1759 1061 Legatis

361 1061 578 1113 Romanis,
616 1063 668 1104 de
711 1079 761 1105 ea
800 1079 843 1105 re
886 1072 998 1105 trans
1036 1063 1170 1128 Alpes
1210 1063 1357 1112 missis,
1395 1077 1640 1119 responsum
1683 1071 1758 1112 est,

361 1120 545 1177 ‘Neque
577 1121 784 1177 profectos
815 1136 868 1162 ex
900 1122 1148 1163 auctoritate
1179 1121 1318 1177 gentis
1348 1136 1431 1171 eOS,
1459 1135 1552 1171 nec,
1579 1120 1683 1177 quid
1713 1120 1760 1161 in

360 1183 372 1202 ‘
388 1177 508 1220 Italia
531 1179 730 1228 facerent,
753 1195 796 1221 se
818 1179 950 1220 scire.’

417 1236 467 1277 L.
495 1236 637 1292 Scipio
657 1237 779 1279 ludos
801 1253 851 1279 eo
878 1246 1080 1293 tempore,
1104 1251 1210 1293 quos
1237 1236 1348 1278 bello
1372 1235 1577 1277 Antiochi
1598 1235 1757 1277 vovisse

358 1308 446 1335 sese
476 1293 654 1344 dicebat,
678 1310 729 1336 ex
760 1295 910 1337 collata
940 1294 992 1335 ad
1024 1294 1068 1335 id
1098 1294 1278 1351 pecunia
1306 1294 1357 1335 ab
1385 1294 1553 1350 regibus
1581 1293 1759 1335 civitati-

357 1351 520 1408 busque
549 1367 624 1408 per
648 1352 738 1393 dies
764 1353 910 1394 decem
933 1352 1042 1393 fecit.
1105 1352 1315 1407 Legatum
1344 1367 1441 1392 eum
1470 1359 1564 1407 post
1584 1351 1759 1392 damna-

359 1408 517 1450 tionem
552 1418 595 1450 et
627 1410 738 1451 bona
769 1410 941 1451 vendita
973 1410 1145 1450 missum
1173 1410 1216 1449 in
1247 1409 1406 1459 Asiam,
1438 1409 1492 1449 ad
1520 1409 1758 1450 dirimenda

357 1466 469 1507 inter
500 1467 763 1508 Antiochum
797 1477 840 1509 et
871 1467 1110 1508 Eumenem
1146 1482 1264 1522 reges
1300 1466 1541 1516 certamina,
1565 1466 1758 1507 Valerius

361 1523 512 1565 Antias
533 1533 595 1565 est
617 1535 783 1566 auctor:
810 1534 897 1566 tum
916 1525 1085 1566 collatas
1106 1524 1146 1565 ei
1167 1524 1379 1579 pecunias,
1398 1533 1757 1589 congregatosque

358 1596 434 1637 per
456 1582 601 1622 Asiam
634 1583 838 1624 artifices:
873 1591 927 1632 et,
956 1597 1136 1647 quorum
1167 1581 1362 1623 ludoxum
1396 1591 1490 1637 post
1519 1581 1723 1631 bellum,
1713 1597 1758 1622 m

359 1654 445 1694 quo
485 1648 602 1680 votos
644 1640 814 1690 diceret,
852 1641 1112 1681 mentionem
1153 1655 1239 1680 non
1275 1639 1452 1689 fecisset,
1490 1639 1542 1680 de
1580 1639 1629 1679 iis
1663 1647 1758 1696 post

359 1695 615 1762 legationem
637 1697 841 1738 demum
832 1713 875 1738 111
897 1707 1045 1738 senatu
1067 1706 1219 1738 aetum.

421 1754 599 1802 Quum
590 1770 671 1796 lam
693 1755 737 1796 in
760 1756 877 1796 exitu
900 1770 1035 1796 annus
1063 1764 1183 1804 esset,
1211 1754 1264 1803 Q.
1285 1754 1472 1796 Marcius
1497 1755 1644 1796 absens
1670 1769 1757 1795 ma-

358 1812 532 1867 gistratu
555 1812 742 1854 abiturus
763 1822 862 1854 erat.
929 1812 998 1868 Sp.
1023 1811 1277 1862 Postumius,
1310 1812 1627 1868 quaestionibus
1660 1827 1756 1853 cum

358 1884 522 1910 summa
541 1870 625 1911 fide
648 1886 831 1926 curaque
854 1870 1061 1927 perfectis,
1081 1869 1250 1911 comitia
1270 1869 1428 1911 habuit.
1494 1869 1639 1911 Creati
1660 1878 1757 1910 sunt

358 1927 551 1968 consules
575 1927 657 1983 Ap.
681 1927 886 1969 Claudius
908 1927 1103 1976 Pulcher,
1127 1927 1189 1968 M.
1209 1927 1481 1983 Sempronius
1503 1927 1754 1968 Tuditanus.

358 1984 532 2026 Postero
554 1985 622 2026 die
649 1994 860 2041 praetores
881 1986 978 2027 facti
1005 1985 1052 2026 P.
1075 1984 1298 2026 Cornelius
1327 1984 1556 2041 Cethegus,
1580 1984 1633 2026 A.
1653 1984 1757 2026 Pos-

358 2042 514 2083 tumius
543 2042 738 2092 Albinus,
775 2043 824 2084 C.
847 2043 1046 2084 Afranius
1081 2042 1239 2092 Stellio,
1276 2042 1326 2083 C.
1348 2042 1505 2083 Atilius
1540 2042 1754 2092 Serranus,

358 2099 407 2140 L.
433 2100 673 2141 Postumius
696 2101 974 2156 Tempsanus,
1002 2100 1064 2141 M.
1087 2099 1292 2141 Claudius
1319 2100 1604 2141 Marcellinus.
1669 2100 1756 2141 Ex·
1773 2115 1785 2136 1

357 2165 491 2198 tremo
522 2158 634 2207 anni,
658 2158 759 2214 quia
789 2158 860 2215 Sp.
877 2157 1119 2199 Postumius
1148 2157 1292 2199 consul
1314 2158 1638 2207 renuntiaverat,
1661 2172 1756 2213 per-

356 2224 572 2270 agrantem
613 2230 655 2256 se
696 2225 869 2272 propter
909 2215 1176 2272 quaestiones
1212 2225 1437 2270 11ῖ111111(1110
1474 2215 1572 2256 litus
1609 2215 1754 2256 Italiae

356 2272 540 2313 desertas
561 2272 757 2338 colonias,
784 2273 1006 2330 Sipontum
1029 2288 1193 2328 supero,
1214 2272 1459 2313 Buxentum
1481 2272 1614 2314 infeio
1636 2272 1752 2321 mari,

355 2329 590 2370 invenisse·
582 2362 591 2378 ,
627 2331 831 2372 triumviii
860 2331 911 2371 ad
942 2330 1113 2371 colonos
1142 2346 1191 2371 00
1217 2329 1458 2371 scribendos
1487 2345 1540 2370 ex
1567 2340 1755 2371 senatus-

356 2387 546 2428 consulto
563 2388 614 2428 ab
631 2388 682 2428 T.
702 2387 760 2428 M
754 2389 875 2429 1101110
897 2396 1087 2444 praetore
1111 2388 1270 2428 uibano
1292 2387 1418 2428 creati
1441 2395 1550 2436 sunt,
1575 2386 1623 2428 L.
1643 2386 1755 2428 Scri-

356 2444 506 2484 bonius
528 2444 649 2494 Libo,
674 2445 736 2486 M.
757 2446 954 2494 Tuccius,
981 2445 1061 2486 Cn.
1084 2444 1265 2485 Baebius
1288 2444 1547 2499 Tamphilus.

417 2501 527 2542 Cum
554 2501 709 2543 Perseo
740 2518 838 2558 rege
871 2511 912 2543 et
941 2501 1249 2543 Macedonibus
1277 2501 1446 2550 bellum,
1470 2500 1585 2566 quod
1616 2502 1754 2542 immi-

357 2558 496 2607 nebat,
523 2574 608 2599 11011
638 2560 751 2600 unde
785 2560 975 2615 pleiique
1010 2559 1248 2623 opinantur,
1284 2573 1361 2598 1100
1395 2559 1445 2599 ab
1479 2575 1568 2615 ipso
1598 2559 1752 2602 Perseo

357 2630 500 2655 causas
521 2616 643 2671 cepit.
708 2616 911 2657 111011011111
938 2616 1059 2656 1111ῖί11
1085 2631 1109 2656 a.
1130 2615 1334 2690 Philippo
1363 2624 1484 2657 sunt:
1519 2625 1561 2657 et
1589 2617 1623 2657 is
1651 2617 1751 2672 ipse,

356 2673 389 2713 si
412 2672 569 2715 diutius
590 2673 772 2723 xixisset,
791 2674 833 2714 id
856 2673 1011 2715 bellum
1033 2673 1235 2728 gessisset.
1291 2673 1324 2713 l
1332 2688 1385 2714 na
1406 2689 1502 2714 cum
1525 2689 1602 2723 res,
1620 2689 1751 2730 quum

398 2806 417 2837 9
445 2797 623 2837 Urbemque
640 2799 880 2837 lustrat-erunt]
907 2809 949 2829 sc.
971 2798 1031 2829 Ur·
1126 2808 1136 2828 1
1172 2800 1406 2846 ¹'ilat-cellinns]
1456 2799 1531 2829 1100
1576 2808 1752 2838 cognomen

355 2840 426 2868 bem
453 2839 676 2875 circuniil›4,111t
702 2841 841 2871 hostium
867 2842 1031 2872 (intentes.
1078 2841 1224 2881 pluribus
1240 2841 1358 2872 criticis
1374 2841 1534 2881 displicet.
1567 2841 1752 2872 Gronoiius

356 2882 431 2912 Hoc
464 2892 565 2919 genus
598 2883 797 2914 lustrationis
830 2885 1030 2915 amburbe'nm
1077 2888 1110 2914 οῖ
1131 2883 1312 2915 01011011118
1328 2885 1508 2916 Marcellus
1530 2884 1750 2924 reponendum

355 2923 841 2957 (1100101101.(ηΐίηΐτ.)11112.ο
1078 2930 1217 2957 censent.
