1960 3218
161 1502 180 1535 6

165 2200 181 2232 *Y

537 140 664 183 LIB.
698 140 942 183 XXXVII.
986 140 1135 183 CAP.
1169 143 1237 182 21.
1503 142 1585 181 283

190 233 425 290 praeparati
455 248 615 290 sparsos
644 248 721 290 per
747 232 1064 289 negligentiam,
1087 239 1129 273 et
1158 231 1431 272 semisomnos
1455 245 1585 286 prope
1602 241 1645 273 U.
1663 241 1700 273 C.
1725 241 1798 281 562.

191 291 325 333 adorti
346 300 466 332 sunt:
499 291 648 332 caedes
675 291 829 347 passim
857 291 1040 346 fugaque
1068 304 1143 345 per
1173 304 1342 344 campos
1371 288 1481 329 facta
1509 295 1583 329 est.
1600 284 1639 316 Α·
1664 285 1702 316 C·
1729 294 1798 326 ¹90·

191 348 451 406 Diophanes,
467 358 632 390 secutus
649 350 812 398 effusos,
828 347 969 404 quoad
986 355 1125 388 tutum
1141 346 1233 396 fuit,
1250 361 1402 402 magno
1418 345 1587 387 Achae·-

191 422 311 448 orum
343 407 459 462 genti
493 407 642 447 decore
674 415 807 462 parto,
834 407 1142 461 (spectaverant
1170 404 1283 445 enim
1313 419 1334 444 e
1368 403 1586 444 moenibus

190 464 385 520 Pergami
417 480 503 506 non
528 464 605 504 viri
638 464 777 514 modo,
800 464 874 504 sed
894 463 1074 504 feminae
1097 461 1245 517 etiam)
1265 461 1310 501 in
1330 460 1586 517 praesidium

190 522 303 563 urbis
331 521 466 563 rediit.
529 521 704 563 Postero
725 521 794 562 die
825 521 976 577 regiae,
1004 520 1135 575 magis
1163 519 1418 575 compositae
1451 526 1493 559 et
1518 533 1584 558 or·
1664 516 1731 555 21·

190 579 372 628 dinatae,
390 579 588 621 stationes
605 579 848 635 quingentis
868 578 1057 634 passibus
1077 577 1243 633 longius
1264 577 1314 618 ab
1337 576 1438 617 urbe
1460 591 1584 632 posu-
1598 572 1710 645 Alteza

191 645 314 678 erunt
341 646 497 678 castra:
534 646 576 678 et
601 637 765 678 Achaei
794 637 944 678 eodem
975 635 1106 677 ferme
1145 644 1346 691 tempore,
1380 642 1507 689 atque
1540 633 1583 674 in
1597 625 1675 655 erup
1693 624 1733 645 ¹⁰‘

191 694 373 736 eundem
415 694 554 736 locum
594 703 897 751 processerunt.
964 693 1048 735 Per
1083 692 1235 734 multas
1276 691 1398 733 horas
1433 691 1586 732 intenti

190 752 403 808 utrimque
424 753 541 794 velut
570 753 654 794 iam
684 753 872 794 futurum
894 752 1100 808 impetum
1122 758 1440 806 exspectavere:
1474 757 1588 805 post-

191 825 318 866 quam
340 810 453 852 haud
474 811 617 867 procul
647 826 798 852 occasu
825 809 922 851 solis
949 808 1157 850 redeundi
1189 808 1233 848 in
1262 816 1395 849 castra
1423 816 1589 863 tempus

191 876 291 918 erat,
313 868 418 924 regii
440 869 568 925 signis
589 868 749 910 collatis
770 868 881 909 abire
904 867 1084 924 agmine,
1108 866 1161 907 ad
1186 866 1266 907 iter
1294 865 1437 921 magis,
1461 880 1589 921 quam

191 925 244 966 ad
265 941 464 982 pugnam,
483 926 727 982 composito,
746 941 936 982 coepere.
1004 924 1179 973 Quievit
1200 923 1461 979 Diophanes,
1484 922 1588 963 dum

192 983 237 1024 in
258 994 487 1040 conspectu
508 992 637 1025 erant.
701 984 871 1025 Deinde
893 983 1056 1032 eodem,
1080 998 1164 1038 quo
1189 981 1338 1038 pridie,
1361 981 1522 1037 impetu
1544 980 1589 1021 in

192 1050 450 1097 postremum
479 1057 631 1098 agmen
661 1042 861 1090 incurrit3
898 1048 1147 1095 tantumque
1178 1054 1318 1080 rursus
1346 1038 1510 1095 pavoris
1541 1052 1589 1078 ac

193 1098 397 1140 tumultus
430 1099 616 1149 incussit,
640 1108 699 1149 ut,
722 1114 854 1155 quum
886 1107 1003 1154 terga
1033 1097 1322 1146 caederentur,
1354 1112 1479 1137 nemo
1510 1111 1590 1152 pu-

191 1156 351 1212 gnandi
392 1171 515 1198 causa
554 1157 774 1199 restiterit:
819 1156 1175 1212 trepidantesque,
1213 1163 1255 1196 et
1289 1155 1360 1195 vix
1396 1154 1588 1195 ordinem

192 1214 370 1269 agminis
401 1223 624 1265 servantes,
648 1215 691 1255 in
713 1224 846 1256 castra
872 1212 1076 1269 compulsi
1103 1221 1212 1254 sunt.
1277 1211 1396 1253 Haec
1419 1211 1588 1252 Achae·
1602 1225 1751 1265 Pergami

192 1286 311 1312 orum
340 1271 515 1313 audacia
539 1271 762 1314 Seleucum
784 1287 838 1313 ex
859 1286 958 1328 agro
980 1271 1243 1327 Pergameno
1265 1285 1431 1311 movere
1454 1278 1588 1310 castra
1600 1268 1724 1316 obsidio
1739 1268 1801 1299 sol-

191 1329 310 1385 coegi
315 1338 341 1370 t·
1602 1315 1693 1342 Vitur.

250 1387 502 1438 Antiochus,
531 1397 754 1445 postquam
786 1388 1001 1430 Romanos
1032 1395 1076 1429 et
1107 1386 1346 1428 Eumenem
1379 1385 1432 1427 ad
1466 1393 1589 1426 tuen-

191 1444 293 1485 dum
318 1445 646 1503 Adramytteum
671 1446 832 1487 venisse
861 1445 1035 1495 audivit,
1058 1460 1109 1487 ea
1129 1444 1302 1501 quidem
1332 1444 1434 1485 urbe
1463 1442 1590 1484 absti-

193 1502 299 1553 nuit,
321 1502 599 1560 depopulatus
627 1519 757 1560 agros.
821 1503 1024 1544 Peraeam
1046 1503 1159 1552 inde,
1183 1502 1391 1544 coloniam
1414 1500 1591 1558 Mityle-

193 1575 407 1611 naeorum,
436 1563 707 1618 expugnavit.
773 1561 945 1611 Cotton,
969 1569 1012 1602 et
1036 1560 1286 1618 Corylenus,
1310 1569 1352 1600 et
1374 1558 1591 1615 Aphrodi-

193 1618 284 1668 sias,
303 1627 345 1659 et
365 1618 519 1669 Crene,
540 1620 676 1675 primo
698 1620 861 1675 impetu
882 1627 1027 1675 captae
1049 1628 1158 1660 sunt.
1222 1617 1329 1659 Inde
1351 1632 1426 1673 per
1447 1616 1591 1673 Thya-

194 1675 273 1716 tira
297 1676 447 1718 Sardes
468 1678 604 1718 rediit.
671 1677 884 1726 Seleucus,
915 1677 958 1717 in
990 1676 1199 1717 maritima
1223 1691 1296 1717 ora
1325 1689 1589 1731 permanens,

193 1733 283 1775 aliis
305 1735 464 1785 terrori,
488 1735 578 1776 aliis
599 1735 807 1791 praesidio
828 1744 926 1776 erat.
993 1734 1149 1775 Classis
1170 1734 1364 1774 Romana
1385 1748 1481 1773 cum
1503 1731 1592 1773 Eu-

193 1806 316 1833 mene
341 1792 606 1849 Rhodiisque
629 1792 871 1849 Mitylenen
899 1792 1048 1849 primo,
1073 1792 1171 1833 inde
1202 1800 1326 1841 retro,
1351 1790 1463 1831 unde
1495 1805 1592 1846 pro-

192 1849 302 1891 fecta
334 1859 434 1900 erat,
471 1850 643 1892 Elaeam
679 1851 816 1892 rediit.
878 1850 986 1891 Inde
1026 1850 1266 1891 Phocaeam
1304 1857 1497 1905 petentes
1537 1848 1592 1889 ad

192 1906 385 1958 insulam,
413 1923 539 1964 quam
572 1908 805 1949 Bacchium
836 1917 998 1957 vocant,
1031 1907 1244 1962 (imminet
1277 1906 1370 1947 urbi
1402 1905 1591 1947 Phocae-

193 1965 377 2021 ensium)
409 1966 675 2022 appulerunt,
705 1974 759 2015 et,
790 1966 942 2022 quibus
974 1974 1069 2006 ante
1104 1965 1393 2006 abstinuerant
1424 1963 1592 2019 templis

193 2022 406 2078 signisque
429 2024 616 2079 (egregie
639 2032 779 2065 autem
801 2031 1004 2065 exornata
1024 2022 1161 2064 insula
1182 2022 1291 2077 erat)
1308 2036 1440 2077 quum
1461 2021 1592 2062 hosti-

193 2078 289 2120 liter
324 2081 605 2137 diripuissent,
638 2081 691 2122 ad
730 2081 861 2137 ipsam
898 2081 1046 2122 urbem
1086 2080 1419 2121 transmiserunt.
1484 2078 1591 2120 Eam

194 2136 337 2178 divisis
370 2138 481 2179 inter
511 2154 552 2179 se
590 2138 776 2194 partibus
808 2154 940 2194 quum
972 2146 1280 2194 oppugnarent,
1312 2145 1355 2178 et
1384 2135 1590 2186 viderent,

194 2193 283 2235 sinc
306 2196 514 2251 operibuS,
537 2197 661 2237 armis
687 2196 890 2252 scalisque
916 2197 1010 2252 capi
1040 2211 1126 2237 non
1157 2210 1302 2251 posse3
1336 2194 1508 2234 missum
1540 2194 1591 2235 ab

196 2251 412 2293 Antiocho
440 2253 696 2309 praesidium
729 2253 854 2294 trium
886 2253 1065 2294 millium
1097 2261 1351 2294 armatorum
1373 2266 1505 2307 quum
1527 2251 1593 2291 in-

194 2318 339 2351 trasset
366 2311 540 2360 urbem;
576 2311 803 2367 extemplo,
834 2311 1150 2367 oppugnatione
1183 2310 1346 2358 omissa,
1369 2308 1509 2350 classis
1539 2308 1593 2350 ad

236 2435 255 2467 6
278 2439 455 2477 Peraeam]
497 2439 642 2470 Andreas
664 2439 763 2469 habet
786 2440 870 2470 I'lte-
915 2439 947 2469 in
965 2440 1061 2471 Caria
1082 2443 1160 2469 nota
1174 2442 1233 2475 cst,
1249 2439 1303 2469 sed
1328 2438 1408 2468 nihil
1432 2438 1496 2468 huc
1519 2437 1592 2467 atti-

194 2489 280 2509 ream
293 2492 303 2509 :
339 2481 459 2512 Victor.
483 2482 564 2512 liber
586 2487 616 2513 et
634 2483 782 2520 ferream
796 2494 805 2512 :
837 2482 869 2512 in
915 2486 980 2513 net.
1028 2483 1091 2513 Pro
1108 2483 1212 2513 (frene
1230 2482 1376 2512 Andreas
1398 2481 1496 2511 habet
1515 2482 1590 2511 Pri-

196 2520 323 2567 'Ithuam
345 2524 455 2554 codiee
478 2524 590 2563 legisse
610 2535 643 2555 se
662 2525 727 2556 Iac.
746 2525 869 2555 Grono—
914 2536 1017 2556 enne:
1051 2525 1232 2555 Glareanus
1262 2524 1441 2563 reperiebat
1467 2523 1499 2553 in
1527 2523 1593 2553 suis

196 2573 265 2611 xnus
279 2564 417 2596 affirmat
432 2571 462 2597 et
474 2578 615 2606 peream.
656 2567 738 2597 Inde
754 2567 810 2597 ille
826 2568 869 2597 ef-
914 2569 1048 2605 Priene,
1076 2577 1132 2607 pro
1158 2577 1221 2606 quo
1251 2566 1382 2596 nomine
1412 2565 1592 2605 suspicatur

196 2606 263 2635 ficit
278 2608 488 2646 Eupacriam,
506 2610 617 2640 urbem
643 2610 780 2649 Mysiae,
805 2620 869 2640 nic-
914 2610 1026 2649 reponi
1057 2620 1149 2649 posse
1172 2611 1305 2647 Pitane,
1332 2619 1414 2648 quae
1445 2609 1520 2638 urbs
1544 2611 1591 2638 est

196 2652 351 2679 moratam
364 2650 539 2690 Stephano.
572 2654 701 2683 Peraea
714 2652 799 2691 regio
812 2657 871 2690 est,
917 2653 1056 2692 Mysiae.
1079 2654 1186 2684 Cum.

196 2701 259 2720 non
284 2692 450 2730 oppidum.
497 2694 560 2724 Sed
577 2694 655 2724 etin
673 2694 710 2725 iis
726 2705 808 2734 quae
824 2706 870 2725 se·
966 2703 982 2734 7
1005 2697 1083 2726 Sine
1113 2696 1273 2734 operibns.
1304 2695 1403 2724 (comis
1433 2695 1590 2733 scalisque

196 2737 338 2772 quuntur
367 2735 548 2766 nominibus
574 2747 689 2775 magna
716 2741 763 2767 cst
790 2737 869 2767 (liffi-
914 2739 987 2777 capi
1015 2750 1078 2768 mm
1102 2739 1210 2777 posse]
1252 2738 1326 2767 Non
1356 2747 1446 2776 posse
1470 2736 1498 2765 vi
1523 2736 1590 2765 sola

196 2776 309 2806 cultas.
355 2779 465 2808 (beton
487 2782 517 2808 et
539 2779 714 2817 Corylenus
739 2780 870 2809 nomina
914 2790 1088 2815 armorum,
1104 2785 1135 2810 ct
1159 2790 1215 2819 per
1233 2780 1335 2809 scalas
1358 2779 1481 2818 impetu
1506 2778 1590 2815 capis

197 2828 323 2858 prorsus
350 2819 457 2856 ignota
481 2825 564 2851 sunt.
612 2822 674 2852 Pro
694 2824 870 2861 (Vn-ylenns
914 2824 968 2852 sed
986 2823 1197 2853 necessarium
1224 2823 1288 2853 fore
1313 2826 1347 2852 ut
1369 2821 1519 2861 operibus
1535 2830 1590 2860 op-

197 2871 260 2890 non
287 2861 396 2900 inopte
421 2862 543 2901 reponit
571 2863 744 2894 Douiatius
768 2866 869 2903 Dory-
916 2870 1119 2905 pugnaretur.
1141 2866 1248 2898 Cum,

196 2904 291 2941 lcum,
315 2905 425 2936 urbem
444 2903 612 2945 Phrygiae.
658 2907 870 2946 Aphrodisias
