1960 3218
375 149 458 187 298
890 144 1040 187 TITI
1080 145 1263 187 LIVII

161 244 206 276 U.
225 245 263 276 C.
288 244 361 285 562.
377 233 458 275 Cn.
479 232 708 284 Domitius,
731 233 785 275 ad
806 225 1112 290 explorandum
1135 235 1226 285 iter,
1249 243 1291 276 et
1314 249 1398 291 qua
1426 242 1543 290 parte
1566 233 1670 275 adiri
1691 233 1810 285 val-4

160 288 200 319 A.
227 287 264 319 C.
292 297 360 329 190·
373 291 462 333 lum
493 291 680 332 hostium
708 300 860 348 posset,
887 292 1048 342 missus,
1076 301 1298 349 postquam
1322 292 1463 333 omnia
1485 301 1599 333 certa
1619 291 1775 342 retulit,

161 416 258 446 Acies
274 427 309 446 u-

160 458 233 488 trini
239 470 254 498 q
262 470 301 489 ue

160 500 338 533 instruitur.

160 705 323 738 Romana.

220 2070 288 2108 40.

157 2124 271 2164 Regia.

372 358 541 405 postero
563 348 632 390 die
661 350 834 406 propius
855 359 989 391 castra
1010 350 1225 391 admoveri
1247 350 1417 406 placuit.
1481 349 1628 390 Tertio
1658 349 1778 404 signa

373 408 417 448 in
439 407 629 448 medium
653 408 791 463 campi
813 407 984 463 prolata,
1009 416 1051 449 et
1072 408 1221 449 instrui
1243 408 1352 449 acies
1374 416 1523 464 coepta
1544 417 1616 448 est.
1681 406 1724 447 N
1728 422 1776 448 ec

374 464 615 506 Antiochus
633 465 740 505 ultra
758 466 1118 521 tergiversandum
1142 476 1266 515 ratus,
1282 481 1335 507 ne
1359 475 1402 506 et
1421 481 1592 506 suorum
1615 464 1776 506 animos

373 523 584 564 minueret
606 522 880 564 detrectando
902 533 1128 572 certamen,
1151 532 1194 564 et
1225 524 1409 564 hostium
1439 538 1556 579 spem
1589 530 1774 578 augeret,

373 588 416 621 et
437 581 525 637 ipse
548 580 688 636 copias
709 580 882 631 eduxit3
917 590 1081 622 tantum
1103 596 1344 637 progressus
1365 596 1389 622 a
1410 580 1565 630 castris,
1584 589 1631 621 ut
1652 580 1776 620 dimi·
1789 593 1806 626 5

373 647 565 679 caturum
588 646 819 695 appareret.

432 695 629 737 Romana
659 696 768 737 acies
799 696 925 737 unius
955 711 1084 752 prope
1116 695 1272 736 formae
1304 695 1395 742 fuit,
1419 703 1462 736 et
1486 695 1706 736 hominum
1733 703 1776 736 et

372 768 583 794 armorum
615 768 782 809 genere.
846 753 968 794 Duae
1004 752 1191 809 legiones
1222 753 1454 803 Romanae,
1477 753 1585 794 duae
1615 753 1808 796 socium6

371 825 419 852 ac
443 810 587 852 Latini
609 811 791 851 nominis
813 819 954 851 erant:
990 812 1120 867 quina
1140 810 1272 851 millia
1293 819 1335 851 et
1357 810 1669 867 quadringenos
1690 811 1775 851 sin-

370 868 494 924 gulae
528 868 752 909 habebant.
818 868 1002 909 Romani
1037 868 1221 909 mediam
1258 868 1405 917 aciem,
1438 883 1595 909 cornua
1626 868 1775 909 Latini

372 934 627 967 tenuerunt:
681 925 940 966 hastatorum
987 926 1124 982 prima
1163 926 1293 981 signa,
1338 925 1494 966 deinde
1534 925 1773 981 principum

371 992 513 1024 erant:
557 983 689 1024 triarii
727 992 958 1039 postremos
995 983 1258 1024 claudebant.
1330 983 1463 1024 Extra
1497 983 1606 1023 hanc
1642 982 1774 1024 veluti

370 1041 524 1082 iustam
556 1041 702 1089 aciem,
730 1056 753 1081 a
783 1049 900 1096 parte
931 1041 1080 1082 dextra
1112 1041 1258 1082 consul
1282 1041 1550 1082 Achaeorum
1582 1040 1806 1087 caetratis7

369 1098 586 1139 immixtos
618 1098 840 1139 auxiliares
874 1098 1091 1148 Eumenis,
1124 1099 1204 1140 tria
1236 1098 1368 1140 millia
1402 1099 1532 1140 ferme
1566 1098 1806 1154 pedituni,8

371 1165 550 1212 aequata
566 1156 701 1197 fronte
724 1156 946 1197 instruxit:
981 1156 1090 1197 ultra
1112 1172 1182 1197 eos
1205 1156 1398 1212 equitum
1420 1156 1558 1197 minus
1580 1156 1659 1196 tria
1680 1155 1774 1196 mil-

370 1213 426 1254 lia
447 1214 644 1269 opposuit
661 1229 670 1262 3
704 1229 757 1254 ex
775 1214 926 1269 quibus
945 1214 1148 1255 Eumenis
1166 1214 1410 1270 octingenti,
1429 1214 1615 1270 reliquus
1636 1213 1773 1254 omnis

370 1272 584 1327 equitatus
619 1271 839 1312 Romanus
875 1280 988 1312 erat:
1025 1282 1233 1313 extremos
1268 1271 1429 1313 Tralles
1465 1280 1507 1312 et
1546 1272 1804 1317 Cretenses9

370 1329 721 1385 (quingentorum
746 1330 913 1384 utrique
936 1345 1159 1371 numerum
1183 1329 1431 1385 explebant)
1453 1329 1608 1370 statuit.
1664 1328 1772 1370 Lae-

369 1401 469 1427 vum
492 1402 624 1427 cornu
646 1402 732 1427 non
748 1386 969 1428 videbatur
986 1402 1108 1443 egere
1129 1387 1280 1427 talibus
1298 1387 1477 1435 auxiliis,
1493 1387 1592 1442 quia
1613 1387 1772 1427 flumen

369 1444 421 1484 ab
453 1459 503 1485 ea
532 1452 650 1500 parte
679 1445 880 1500 ripaeque
914 1444 1116 1501 deruptae
1148 1444 1410 1485 claudebant.
1478 1444 1691 1492 Quattuor
1711 1453 1772 1484 ta-

369 1516 468 1542 men
489 1501 589 1542 inde
612 1510 773 1542 turmae
796 1502 988 1557 equitum
1011 1502 1239 1558 oppositae.
1307 1501 1426 1543 Haec
1449 1517 1611 1542 summa
1632 1501 1772 1557 copia-

369 1574 462 1600 rum
494 1568 584 1600 erat
616 1559 834 1609 Romanis,
867 1569 909 1601 et
940 1560 1025 1600 duo
1057 1559 1191 1600 millia
1221 1560 1449 1600 mixtorum
1484 1558 1771 1600 Macedonum

371 1616 685 1672 Thracumque,
710 1617 783 1672 qui
804 1617 1020 1658 voluntate
1047 1618 1179 1658 secuti
1201 1625 1330 1658 erant.
1396 1616 1453 1657 Hi
1477 1617 1685 1672 praesidio
1707 1632 1772 1657 re-

370 1673 456 1715 licti
490 1683 588 1715 sunt
619 1676 772 1715 castris.
840 1674 1064 1716 Scxdecim
1101 1675 1346 1731 elephantos
1387 1683 1481 1730 post
1522 1674 1683 1715 triarios
1726 1674 1771 1715 in

370 1732 556 1773 subsidio
588 1732 841 1773 locaverunt.
906 1732 1032 1781 Nam,
1059 1741 1353 1788 praeterquam
1386 1732 1501 1787 quod
1531 1731 1769 1772 multitudi-

370 1804 468 1830 nem
491 1789 701 1845 regiorum
724 1789 1044 1845 elephantorum
1060 1792 1199 1843 (erant
1220 1799 1361 1831 autem
1376 1797 1575 1845 quattuor
1591 1798 1632 1830 et
1646 1789 1770 1845 quin-

370 1847 593 1902 quaginta)
615 1847 818 1888 sustinere
851 1863 937 1887 non
967 1847 1218 1888 videbantur
1248 1862 1381 1902 posse,
1405 1862 1458 1887 ne
1485 1847 1574 1902 pari
1597 1847 1770 1902 quidem

370 1919 547 1945 numero
582 1904 739 1945 Indicis
777 1904 911 1945 Africi
948 1905 1173 1953 resistunt3
1212 1904 1298 1945 sive
1328 1904 1427 1960 quia
1464 1904 1768 1960 magnitudine,

370 1961 514 2017 (longe
557 1962 671 2003 enim
713 1961 773 2001 illi
813 1962 1046 2018 praestant)
1086 1963 1171 2003 sive
1213 1963 1360 2003 robore
1402 1962 1638 2003 animorum
1678 1962 1770 2002 vin-

370 2029 535 2060 cuntur.

430 2077 566 2132 Regia
590 2077 698 2118 acies
721 2077 832 2118 varia
861 2078 991 2133 magis
1020 2077 1163 2118 multis
1193 2077 1403 2133 gentibus,
1427 2076 1768 2118 dissimilitudine

369 2149 579 2175 armorum
602 2135 940 2190 auxiliorumque
963 2145 1062 2176 erat.
1127 2135 1289 2176 Decem
1322 2144 1364 2176 et
1389 2150 1461 2176 sex
1490 2134 1622 2175 millia
1650 2134 1770 2190 pedi-

369 2200 459 2232 tum
491 2207 604 2233 more
636 2192 924 2233 Macedonum
959 2194 1107 2234 armati
1139 2192 1266 2241 fuere,
1297 2192 1371 2248 qui
1401 2191 1667 2247 phalangitae
1697 2203 1798 2247 ap-1

367 2249 643 2305 pellabantur.
709 2249 829 2291 Haec
861 2251 1001 2291 media
1032 2250 1140 2292 acics
1171 2250 1263 2298 suit,
1296 2250 1340 2290 in
1370 2250 1507 2291 fronte
1545 2250 1589 2290 in
1621 2249 1769 2290 decem

411 2407 430 2433 4
454 2396 511 2427 (sn.
525 2395 703 2435 Domitius]
744 2396 844 2426 Hunc
862 2396 1046 2427 Domitium
1091 2400 1235 2426 nostrum
1253 2399 1353 2426 notat.

368 2438 538 2468 Africanus
564 2439 646 2468 vices
674 2449 746 2468 suas
767 2439 853 2469 obire
874 2440 959 2478 apud
986 2440 1045 2469 fra-
1138 2447 1153 2478 7
1179 2437 1354 2477 (sarm-am]
1382 2438 1420 2467 cf.
1439 2438 1531 2476 Supr.
1550 2437 1658 2468 xxviii.
1675 2437 1704 2468 6.

367 2484 447 2510 trem
465 2481 761 2519 iusse1·:it,cumque
774 2481 907 2511 consilio
923 2482 1044 2518 iuvare,
1132 2482 1149 2510 S
1174 2479 1381 2519 ainailiares]
1425 2481 1501 2510 Non
1528 2480 1686 2517 Achaeos,
1711 2481 1767 2511 sed

367 2523 443 2552 dum
476 2522 543 2561 ipse
574 2524 709 2559 abesset,
736 2524 870 2553 testibus
895 2524 982 2554 l'lut.
1011 2524 1043 2553 111
1091 2523 1316 2561 Pergamenos,
1333 2533 1412 2561 quos
1430 2523 1593 2552 Eumenes
1612 2523 1769 2554 Romanis

369 2565 610 2604 Apophthegm.
649 2569 679 2595 et
718 2566 870 2605 Appiano
908 2566 939 2595 111
975 2566 1044 2605 Syr.
1089 2566 1240 2595 adversus
1260 2565 1455 2595 Antiochum
1480 2565 1601 2595 auxilio
1620 2565 1768 2603 adduxit,

368 2608 473 2638 Cium
1089 2608 1315 2645 intelligendos
1338 2619 1405 2637 esse
1430 2612 1537 2637 monet
1562 2608 1767 2638 Drakenbor-

411 2657 427 2687 5
456 2651 592 2679 Tantum
624 2650 826 2689 prowm-sus]
867 2661 908 2681 sc.
932 2650 1043 2685 Quan-
1089 2650 1188 2680 chius.

368 2696 436 2721 tum
454 2702 583 2722 neccsse
600 2697 677 2728 erat,
693 2696 728 2721 ut
744 2692 971 2722 dimicaturum
988 2703 1043 2731 ap-
1131 2702 1150 2733 9
1177 2691 1315 2730 Tralles]
1336 2692 1495 2723 Thraciae
1512 2693 1635 2733 populi.
1656 2693 1766 2723 DOER.

368 2738 503 2774 pareret.
529 2735 634 2765 0111111.
1091 2734 1224 2773 Illyriae
1254 2745 1339 2772 gens.
1369 2736 1485 2765 Suum.
1536 2736 1625 2765 Gens
1652 2739 1683 2765 et
1711 2745 1766 2774 op-

411 2776 429 2807 6
453 2778 550 2806 Duae
565 2776 700 2816 soi-ium]
727 2779 822 2807 Duae
838 2778 909 2807 alae
924 2779 1041 2807 socium
1090 2777 1200 2816 pidum
1217 2778 1257 2806 aul
1276 2778 1488 2808 Maeandrum
1508 2778 1652 2808 fluvium.
1679 2777 1765 2807 GLA-

368 2820 540 2858 legendum
558 2823 666 2849 censet
683 2819 823 2850 Crevier.
841 2819 891 2849 cui
913 2819 1044 2849 assenti-
1091 2829 1187 2849 mclxx.

369 2865 420 2892 tur
438 2862 602 2892 Drakenb.
620 2861 673 2901 qui
690 2863 844 2893 sociorum
862 2866 892 2891 et
909 2864 1046 2893 nominis
1142 2871 1151 2891 1
1187 2863 1280 2891 Morc
1313 2862 1546 2903 Macedonum]
1603 2862 1642 2892 cf.
1671 2862 1763 2900 Supr.

368 2905 480 2934 Latine·
497 2905 633 2943 (essiones
646 2904 760 2935 nullibi
776 2904 943 2935 memorari
957 2905 1045 2944 apud
1091 2904 1199 2935 xxxvi.
1224 2906 1268 2936 18.
