1960 3218
581 147 709 190 LIB.
742 147 965 189 XXXIII.
1014 147 1160 189 CAP.
1197 151 1261 189 10.
1561 149 1614 188 93

187 252 368 298 7agmen
389 239 534 305 magis,
557 254 686 296 quam
707 238 829 288 acies,
852 238 1071 294 aptiorque
1102 237 1256 287 itineri,
1280 251 1407 302 quam
1432 251 1613 293 pugnae,
1629 248 1674 280 U.
1691 248 1728 280 C.
1752 254 1825 287 555.

216 298 389 340 vixdum
427 297 472 338 in
507 297 654 353 iugum
688 304 885 338 evaserat.

184 357 336 406 setius,
369 353 612 412 quanquam
648 354 801 411 pedem
834 353 1061 395 referentes
1097 353 1140 394 in
1173 353 1322 394 dextro
1355 368 1487 394 cornu
1519 367 1615 393 51105

217 414 429 463 cernebat,
453 413 688 469 elephantis
715 428 831 469 prius
862 412 906 452 in
936 411 1099 453 hostem
1121 412 1236 461 actis,
1258 411 1464 467 impetum
1486 410 1611 459 facit3

215 481 328 513 ratus
349 480 511 528 partem
533 471 796 527 profligatam
818 478 957 511 cetera
977 478 1215 511 tracturam.
1274 468 1377 510 Non
1399 468 1529 509 dubia
1548 483 1614 509 res

214 530 306 571 fuit.
377 528 606 594 Extemplo
640 537 756 584 terga
787 536 948 569 vertere
978 527 1251 577 Macedones,
1284 535 1440 568 terrore
1476 526 1613 582 primo

214 588 442 629 bestiarum
464 587 607 628 aversi.
672 586 728 627 Et
749 586 878 628 ceteri
900 585 1073 642 quidem
1104 586 1180 626 hos
1211 585 1351 642 pulsos
1379 584 1615 640 sequeban-

182 654 306 711 9tur:
341 660 451 686 unus
472 660 494 686 e
513 644 692 686 tribunis
714 644 909 693 militum,
928 643 1141 700 extemplo
1163 652 1286 700 capto
1308 642 1495 692 consilio,
1517 657 1614 683 cum

187 703 366 760 1viginti
397 703 612 759 signorum
643 702 858 751 militibus,
891 701 1038 743 relicta
1068 717 1117 743 ea
1146 711 1265 758 parte
1296 716 1480 750 suorum,
1504 715 1613 756 quae

215 761 330 803 haud
361 761 488 802 dubie
520 760 727 810 vincebat,
761 760 879 802 brevi
909 760 1088 801 cilcuitu
1121 760 1317 801 dextrum
1354 774 1485 800 cornu
1519 758 1614 799 hos-

216 819 321 861 tium
343 834 534 860 aversum
556 819 627 860 inv
616 818 728 860 adit.
779 817 953 859 Nullam
971 818 1104 859 aciem
1124 818 1174 859 ab
1183 827 1314 884 tergo
1336 816 1506 858 adortus
1526 831 1614 857 non

215 877 445 926 turbasset3
478 886 666 918 ceterum
697 876 751 918 ad
781 891 1050 918 communem
1080 877 1269 918 omnium
1296 876 1341 916 in
1369 874 1441 916 tali
1464 890 1507 915 re
1530 882 1614 915 tre-

213 909 474 993 pidationein
507 935 692 984 accessit,
710 934 831 1000 ‘quod
858 934 1042 991 phalanx
1066 934 1367 983 Macedonum,
1390 932 1526 990 gravis
1552 940 1615 973 at-

215 1009 299 1050 que
321 992 560 1043 immobilis,
582 1008 662 1034 nec
683 992 967 1049 circumagere
997 1007 1039 1033 se
1067 1001 1244 1049 poterat,
1268 1007 1347 1033 nec
1369 991 1462 1040 hoc,
1486 990 1560 1056 qui
1590 1005 1615 1031 a

214 1051 350 1093 fronte
376 1051 517 1108 paullo
543 1059 639 1092 ante
670 1050 824 1106 pedem
855 1050 1095 1100 referentes,
1119 1060 1220 1092 tunc
1242 1050 1351 1091 ultro
1373 1049 1528 1091 territis
1550 1048 1615 1088 in-

214 1110 392 1175 stabant,
429 1109 708 1165 patiebantm.
784 1108 857 1149 Ad
892 1108 972 1150 hoc
1008 1108 1101 1150 loco
1134 1109 1261 1150 etiam
1301 1107 1612 1164 premebantur,

215 1167 316 1231 quia
335 1168 495 1224 iugum,
519 1182 573 1208 ex
595 1182 679 1223 quo
701 1175 1004 1223 pugnaverant,
1027 1166 1129 1207 dum
1160 1182 1237 1223 per
1266 1165 1450 1223 proclive
1473 1164 1614 1221 pulsos

213 1224 508 1290 insequuntur,
538 1224 798 1266 tradiderant
828 1224 939 1265 hosti
970 1224 1024 1265 ad
1057 1233 1173 1290 terga
1205 1239 1281 1265 sua
1310 1223 1611 1265 circumducto.

213 1282 449 1340 Paullisper
478 1283 523 1323 in
554 1282 695 1323 medio
727 1282 850 1332 caesi,
872 1282 1040 1332 deinde,
1063 1283 1224 1324 omissis
1254 1282 1445 1338 plerique
1474 1280 1611 1329 armis,

214 1349 437 1397 capessunt
457 1340 610 1397 fugam.
656 1340 880 1397 Philippus
901 1356 998 1382 cum
1019 1341 1163 1397 paucis
1185 1340 1382 1405 peditum‘
1400 1339 1613 1395 equitum·

214 1413 297 1456 que
328 1398 464 1455 primo
497 1375 709 1440 tumulum
740 1398 931 1440 altiorem
963 1398 1073 1440 inter
1103 1407 1264 1440 ceteros
1293 1397 1418 1454 cepit,
1445 1406 1493 1438 ut
1519 1412 1614 1453 spe-

213 1456 438 1506 cularetur,
465 1472 573 1512 quae
604 1456 649 1497 in
677 1455 794 1498 laeva
824 1466 942 1513 parte
973 1471 1145 1498 suorum
1175 1457 1343 1498 fortuna
1373 1464 1504 1497 esset:
1538 1455 1613 1495 de-

213 1514 327 1564 inde,
344 1524 568 1580 postquam
589 1514 732 1571 fugam
753 1515 928 1556 effusam
950 1515 1260 1565 animadvertit,
1278 1523 1320 1556 et
1341 1513 1484 1555 omnia
1503 1513 1614 1554 circa

214 1572 312 1629 iuga
338 1572 467 1629 signis
498 1582 624 1629 atque
653 1573 777 1614 armis
797 1572 971 1629 fulgere,
995 1581 1084 1614 tum
1108 1581 1151 1614 et
1180 1573 1269 1629 ipse
1301 1572 1389 1614 acie
1421 1571 1610 1613 excessit.

949 295 1000 336 In
1033 295 1110 337 hos
1141 295 1440 351 incompositos
1475 293 1667 343 Quin-A
1692 292 1825 331 C.197.

1694 1347 1759 1385 10.

217 1630 457 1680 Quinctius,
491 1646 623 1687 quum
656 1631 873 1672 institisset
901 1631 1162 1681 cedentibus,
1195 1639 1369 1687 repente
1401 1629 1501 1686 quia
1533 1628 1613 1670 eri·
1628 1650 1775 1681 Vincunt

212 1697 361 1744 gentes
396 1688 533 1730 hastas
567 1687 827 1730 Macedonas
857 1698 1147 1754 conspexerat,
1181 1689 1384 1745 quidnam
1418 1695 1614 1744 pararent
1628 1693 1785 1726 Romani.

212 1746 410 1797 incertus,
433 1746 661 1803 paullisper
691 1762 767 1802 per
793 1747 1022 1788 novitatem
1044 1747 1105 1788 rei
1126 1747 1344 1788 constituit
1364 1746 1505 1802 signa:
1539 1745 1614 1786 de-

212 1803 327 1854 inde,
350 1813 398 1845 ut
418 1804 581 1861 accepit
602 1805 717 1845 hunc
739 1820 900 1846 morem
921 1820 1009 1847 esse
1032 1805 1323 1847 Macedonum
1354 1803 1614 1845 madentium

182 1876 314 1912 nsese,
337 1877 507 1918 parcere
529 1862 648 1904 victis
669 1862 714 1902 in
735 1863 923 1904 animum
945 1863 1138 1905 habebat.
1195 1862 1399 1904 Ceterum
1421 1861 1504 1903 ab
1494 1876 1613 1918 igna-

211 1919 267 1961 ris
289 1920 491 1962 militibus
512 1921 708 1961 omissam
739 1921 791 1962 ab
822 1921 941 1962 hoste
973 1936 1174 1978 pugnam,
1197 1930 1240 1962 et
1260 1920 1364 1986 quid
1385 1920 1615 1984 imperator

212 1977 352 2028 vellet,
374 1978 556 2034 impetus
577 1979 621 2019 in
643 1993 714 2020 eos
736 1987 799 2020 est
819 1979 965 2029 factus,
989 1988 1031 2020 et
1061 1979 1207 2035 primis
1238 1978 1429 2028 caesis,c
1407 1977 1537 2019 ceteri
1566 1976 1613 2017 in

211 2035 355 2092 fugam
376 2036 564 2092 dissipati
586 2045 694 2078 sunt.
759 2036 856 2078 Rex
878 2037 1012 2078 effuso
1031 2052 1157 2078 0111511
1179 2037 1342 2093 Tempe
1364 2035 1483 2092 petit.
1545 2033 1612 2075 Ibi

213 2093 267 2134 ad
306 2093 483 2135 Gonnos
516 2093 630 2135 diem
665 2109 798 2135 unum
835 2094 1019 2135 substitit
1055 2094 1109 2135 ad
1144 2094 1432 2159 excipiendos,
1467 2092 1501 2133 si
1538 2091 1612 2148 qui

211 2151 372 2208 proelio
405 2159 680 2216 superessent.
745 2151 930 2192 Romani
962 2152 1141 2193 victores
1178 2152 1224 2192 in
1260 2160 1393 2192 castra
1427 2149 1612 2192 hostium

212 2224 285 2266 spe
319 2209 500 2266 praedae
536 2209 724 2251 irruunt:
760 2225 905 2251 verum
936 2225 986 2251 ea
1016 2225 1169 2266 magna
1198 2209 1283 2250 iam
1314 2224 1367 2250 ex
1397 2216 1515 2265 parte
1547 2207 1612 2249 di-

258 2340 275 2372 7
297 2334 324 2363 A
328 2344 423 2373 ymen
442 2334 554 2373 magis,
571 2344 665 2373 qnam
686 2334 787 2372 acies]
822 2335 888 2373 Ay-
934 2333 966 2364 in
983 2334 1108 2365 hostem
1126 2333 1226 2374 egisse
1242 2338 1274 2364 et
1298 2333 1330 2364 in
1352 2332 1547 2373 phalangem
1564 2330 1611 2371 ip-

211 2386 284 2407 men
307 2376 430 2416 quippe
456 2377 679 2407 Romanorum
712 2376 823 2416 viginti
855 2376 889 2407 in

212 2418 335 2456 ordine,
366 2422 519 2459 quattuor
553 2419 584 2448 in
621 2419 726 2449 fronte
756 2419 888 2457 milites,

212 2462 296 2492 acies
312 2465 424 2492 contra
437 2461 546 2501 viginti
560 2461 591 2491 in
608 2463 724 2500 fronte,
737 2466 890 2501 quattuor

212 2503 245 2533 in
262 2504 372 2535 ordine
388 2504 537 2536 habebat.

255 2546 275 2576 8
299 2548 342 2577 In
363 2548 474 2578 dextro
495 2548 612 2586 cornu]
640 2547 704 2578 Sed
725 2558 810 2587 supr.
828 2547 889 2578 hoc

212 2588 283 2627 ipso
308 2589 415 2629 capite
438 2590 587 2620 dextrum
612 2600 711 2620 cornu
736 2591 889 2621 Macedo-

213 2641 292 2661 num
315 2631 440 2663 vincere
456 2637 613 2671 narratur,
630 2634 715 2672 quod
734 2633 890 2673 Polybius

213 2673 290 2704 xvii.
303 2683 351 2705 21.
365 2678 533 2706 memorat.
553 2675 718 2707 Undeaut
729 2686 802 2706 cum
815 2677 890 2707 Cre

216 2715 313 2746 xierio
338 2716 483 2748 librarios
503 2718 565 2748 hoc
590 2718 660 2749 loco
684 2729 834 2758 peccasse
859 2723 890 2749 et

213 2759 316 2795 laevo,
331 2759 382 2789 vel
398 2759 423 2789 si
437 2760 540 2797 malis,
550 2762 650 2792 altero
666 2762 890 2801 reponendum

214 2811 282 2832 esse
302 2800 477 2839 existimes,
493 2806 550 2833 aut
569 2804 675 2834 locum
698 2803 742 2834 sic
764 2807 888 2835 veitzzis

213 2853 332 2884 regem,
348 2844 494 2883 quamtis
513 2855 588 2875 suos
603 2846 635 2876 in
657 2847 770 2876 dextro
793 2857 891 2877 cornu

213 2886 278 2916 iam
288 2886 352 2917 iam
364 2887 482 2926 pedem
495 2888 668 2919 referentes
681 2889 818 2927 videret,
826 2900 890 2920 non

214 2928 286 2960 ideo
304 2929 491 2970 trepidasse,
503 2930 558 2961 sed
574 2931 683 2962 statim
699 2931 890 2972 elephantos

934 2386 1001 2407 sam
1017 2377 1178 2417 impetum
1195 2377 1317 2408 fecisse.

976 2430 996 2461 9
1019 2421 1189 2460 Eoetemplo
1201 2425 1295 2459 capto
1307 2419 1454 2456 consilio]
1473 2419 1510 2447 Γ
1512 2429 1528 2447 ι
1539 2421 1612 2448 tem-

930 2473 1020 2502 pore,
1037 2463 1123 2503 quod
1141 2463 1296 2493 Dukerus
1307 2461 1458 2498 coniecit,
1469 2459 1612 2500 reposuit

935 2505 1078 2537 Bekker.

982 2558 992 2578 1
1029 2549 1342 2588 Viyintz'siynorum]
1370 2546 1494 2586 Viginti
1511 2544 1612 2576 mani-

935 2592 1099 2631 pulorum,
1116 2595 1151 2621 ut
1168 2601 1253 2631 supr.
1276 2601 1300 2622 1.

980 2644 996 2664 2
1021 2636 1064 2665 In
1095 2635 1239 2665 animum
1264 2634 1416 2671 habebat]
1455 2630 1612 2663 Similiter

937 2687 1029 2707 casus
1050 2681 1183 2716 quartus
1203 2687 1276 2707 cum
1300 2675 1537 2723 praepositione
1556 2674 1610 2704 ad-

936 2719 1066 2750 hibetur
1081 2730 1167 2759 supr.
1185 2719 1216 2750 ii.
1239 2729 1284 2757 14.
1301 2730 1366 2750 esse
1379 2718 1409 2748 in
1424 2721 1610 2758 potestatem

936 2762 978 2792 iii.
994 2772 1041 2802 ²3-
1054 2773 1121 2794 esse
1131 2764 1167 2792 in
1176 2763 1345 2793 stationem
1358 2765 1389 2791 et
1399 2761 1487 2800 apud
1501 2759 1610 2789 Plaut.

937 2805 1059 2845 Amph
1095 2805 1114 2836 i.
1156 2814 1180 2836 1.
1219 2813 1438 2844 25.mm1ero
1467 2802 1545 2832 mihi
1575 2802 1612 2831 in

935 2849 1162 2895 meptemsuit.
1180 2847 1220 2880 cf.
1238 2847 1405 2879 Drakenb.
1426 2845 1496 2876 infr.
1514 2844 1545 2876 ii.
1564 2853 1611 2881 14.

936 2890 1022 2922 xxix.
1041 2900 1069 2922 2.
