1960 3218
574 142 701 185 LIB.
735 142 959 184 XXXIX.
1008 142 1156 185 CAP.
1191 147 1260 185 30,
1348 198 1359 206 ·
1534 147 1619 186 405

181 236 294 282 3‘et,
323 241 372 275 ut
401 233 543 275 omnia
571 234 617 275 in
647 234 813 290 integro
841 242 1075 284 manerent,
1104 232 1325 290 praesidia,
1348 247 1456 289 quae
1488 232 1532 274 in
1563 233 1614 274 iis
1630 246 1674 279 U.
1691 247 1730 279 C.
1753 247 1826 288 567.

213 291 411 333 ‘urbibus
432 292 528 342 sint,
551 291 733 332 deduci.'
1419 295 1421 298 ⁴
1625 290 1666 322 A·
1691 291 1730 322 C.
1755 292 1824 330 135·

270 347 365 390 Hae
397 364 543 391 causae
574 349 757 390 maxime
789 348 977 390 animum
1014 348 1203 404 Philippi
1238 347 1528 389 alienaverunt
1558 349 1610 390 ab

212 404 438 448 Romanis:
472 415 519 447 ut
539 421 626 448 non
647 422 672 447 a
692 406 848 447 Perseo
878 406 965 447 filio
997 406 1087 447 eius
1117 405 1237 447 novis
1267 405 1402 446 causis
1431 414 1608 456 motum,

208 463 284 504 sed
305 464 358 505 ob
379 464 452 505 has
473 479 498 504 a
517 473 633 520 patre
654 463 814 505 bellum
835 463 1029 504 relictum
1050 463 1138 504 filio
1158 463 1291 504 videri
1311 463 1453 518 possit.
1516 465 1610 507 Ro-

209 535 300 561 mae
322 521 439 563 nulla
458 521 557 562 belli
575 521 845 563 Macedonici
865 521 1046 577 suspicio
1068 529 1168 562 erat.
1230 520 1280 561 L.
1301 520 1490 562 [Manlius
1510 537 1608 577 pro-
1621 533 1766 565 Manlius
1779 545 1820 566 ex

175 579 354 620 4consul
376 594 429 620 ex
455 578 664 636 Hispania
684 579 876 621 redierat.
941 578 1027 620 Cui
1056 577 1287 634 postulanti
1312 578 1364 620 ab
1385 587 1533 620 senatu
1561 579 1606 620 in
1620 576 1785 616 Hispania

205 636 310 677 aede
334 636 535 678 Bellonae
559 638 821 694 triumphum
848 652 988 678 rerum
1016 645 1229 693 gestarum
1257 635 1506 692 magnitudo
1526 636 1606 678 im-
1618 630 1727 653 ovans.

205 694 453 750 petrabilem
474 695 665 745 faciebat,
689 694 932 751 exemplum
960 695 1174 744 obstabat3
1209 693 1326 751 quod
1353 694 1411 735 ita
1436 709 1606 751 compa-

204 760 343 792 ratum
379 767 493 794 more
530 753 735 794 maiorum
768 761 869 803 erat,
906 768 960 794 ne
993 752 1100 808 quis,
1135 752 1209 808 qui
1244 751 1479 793 exercitum
1517 767 1605 794 non

204 808 478 865 deportasset,
497 811 787 867 triumpharet,
805 810 886 851 nisi
907 809 1188 867 perdomitam
1208 818 1485 866 pacatamque
1506 825 1604 866 pro-

203 867 385 908 vinciam
406 868 647 909 tradidisset
667 868 905 910 successori.
968 867 1141 909 Medius
1161 875 1304 909 tamen
1324 867 1459 908 honos
1475 867 1604 909 Man-

202 923 260 966 lio
284 924 465 975 habitus,
488 934 536 967 ut
563 941 690 967 ovans
720 927 869 968 urbem
899 925 1037 967 iniret.
1101 925 1221 967 Tulit
1251 940 1424 967 coronas
1456 940 1602 968 aureas

203 983 514 1040 quinquaginta
534 983 660 1025 duas:
697 983 787 1025 auri
817 992 1034 1040 praeterea
1062 983 1206 1040 pondo
1231 991 1404 1024 centum
1429 983 1602 1039 triginta

202 1039 310 1081 duo:
345 1041 507 1097 argenti
529 1041 743 1083 sexdecim
769 1041 901 1082 millia
921 1050 1131 1083 trecenta:
1166 1049 1209 1082 et
1237 1041 1526 1097 pronuntiavit
1555 1042 1601 1082 in

200 1110 362 1148 senatu,
393 1099 541 1140 decem
569 1099 702 1141 millia
731 1099 875 1156 pondo
907 1099 1081 1156 argenti,
1111 1109 1154 1140 et
1182 1098 1398 1155 octoginta
1427 1099 1518 1140 auri
1543 1099 1597 1148 Q.

201 1154 378 1197 Fabium
408 1166 672 1213 quaestorem
703 1157 935 1199 advehere:
970 1157 1014 1198 id
1039 1172 1210 1214 quoque
1243 1172 1286 1198 se
1317 1157 1361 1198 in
1392 1157 1600 1198 aerarium

199 1211 429 1256 illaturum.

258 1271 443 1329 Magnus
474 1282 611 1315 motus
641 1273 801 1315 servilis
828 1289 878 1316 eo
900 1289 1010 1315 anno
1033 1273 1078 1314 in
1100 1272 1260 1330 Apulia
1279 1272 1371 1314 fuit.
1435 1272 1600 1315 Taren-

198 1336 289 1369 tum
329 1330 587 1386 provinciam
624 1331 673 1372 L.
702 1331 945 1373 Postumius
984 1340 1152 1387 praetor
1190 1331 1383 1372 habebat.
1461 1330 1502 1372 Is
1543 1331 1597 1372 de

195 1396 411 1442 pastorum
443 1389 746 1439 coniuratione,
774 1389 848 1445 qui
874 1389 961 1430 vias
992 1389 1219 1430 latrociniis
1249 1404 1487 1445 pascuaque
1519 1404 1599 1445 pu-

195 1444 304 1486 blica
331 1445 483 1487 infesta
509 1447 756 1497 habuerant,
780 1448 1072 1503 quaestionem
1094 1462 1235 1488 severe
1257 1447 1460 1488 exercuit.
1523 1447 1598 1488 Ad

195 1511 358 1559 septem
379 1504 511 1545 millia
528 1504 749 1546 hominum
770 1505 1091 1547 condemnavit:
1126 1504 1248 1546 multi
1265 1504 1364 1545 inde
1382 1504 1594 1561 fugerunt,

195 1559 248 1601 de
278 1561 419 1602 multis
449 1571 665 1618 sumptum
687 1572 749 1604 est
770 1562 1034 1619 supplicium.
1101 1562 1322 1611 Consules,
1345 1562 1420 1603 diu
1440 1563 1595 1604 retenti

195 1617 249 1658 ad
270 1618 416 1660 urbem
439 1619 684 1669 delectibus,
708 1620 879 1661 tandem
901 1621 944 1661 in
966 1620 1201 1676 provincias
1222 1620 1400 1675 profecti
1421 1629 1530 1661 sunt.

254 1675 418 1717 Eodem
447 1692 558 1719 anno
583 1678 627 1718 in
650 1677 859 1734 Hispania
887 1688 1100 1734 praetores
1125 1676 1174 1719 C.
1198 1677 1455 1733 Calpurnius
1477 1686 1519 1719 et
1540 1677 1590 1720 L.
1671 1687 1738 1726 30,

198 1732 439 1784 Quinctius,
463 1751 594 1791 quum
623 1736 759 1792 primo
781 1751 876 1777 vere
899 1751 952 1777 ex
978 1736 1164 1777 hibernis
1185 1736 1325 1791 copias
1347 1735 1519 1777 eductas
1546 1736 1592 1776 in
1606 1742 1673 1789 Res
1687 1747 1797 1790 gestae

193 1789 396 1833 Baeturia
427 1793 676 1844 iunxissent,
705 1794 750 1834 in
784 1793 1098 1850 Carpetaniam,
1131 1793 1203 1834 ubi
1236 1793 1421 1834 hostium
1457 1802 1591 1835 castra
1604 1794 1637 1858 ἓξ
1654 1785 1774 1826 Hispa-

192 1858 324 1899 erant,
356 1851 563 1907 progressi
598 1861 708 1902 sunt,
741 1852 957 1893 communi
988 1852 1128 1893 animo
1161 1851 1420 1907 consilioque
1457 1852 1591 1908 parati
1638 1839 1667 1859 a.

190 1921 280 1948 rem
300 1923 457 1963 gerere.
512 1908 642 1950 Haud
663 1909 810 1966 procul
828 1909 1030 1965 Hippone
1053 1918 1095 1950 et
1113 1909 1265 1950 Toleto
1287 1909 1459 1950 urbibus
1480 1910 1591 1951 inter

190 1965 456 2020 pabulatores
476 1982 620 2023 pugna
641 1976 732 2008 orta
753 1976 825 2009 cst.
892 1968 1059 2016 Quibus
1080 1967 1183 2008 dum
1205 1967 1418 2023 utrimque
1440 1968 1590 2009 subve-

190 2022 306 2064 nitur
335 2039 360 2065 a
389 2024 545 2074 castris,
578 2025 796 2081 paullatim
825 2040 970 2066 omnes
995 2025 1140 2081 copiae
1171 2025 1216 2065 in
1247 2025 1380 2066 aciem
1411 2025 1588 2067 eductae

160 2089 300 2129 5sunt.
363 2080 415 2122 In
443 2098 494 2123 eo
522 2082 794 2124 tumultuario
823 2083 1050 2125 certamine
1083 2091 1125 2124 et
1156 2082 1248 2124 loca
1277 2097 1352 2124 sua
1382 2091 1425 2124 et
1455 2098 1588 2139 genus

190 2152 356 2194 pugnae
378 2154 453 2195 pro
475 2140 593 2181 hoste
615 2140 743 2182 fuere.
798 2140 899 2181 Duo
921 2141 1129 2183 exercitus
1152 2140 1336 2181 Romani
1358 2140 1437 2181 fusi
1459 2150 1585 2196 atque
1600 2151 1742 2199 Romani

190 2196 234 2235 in
265 2205 398 2237 castra
430 2197 634 2253 compulsi
670 2206 778 2239 sunt.
843 2198 944 2239 Non
977 2198 1164 2239 institere
1200 2197 1401 2254 perculsis
1433 2198 1583 2240 hostes.
1599 2199 1782 2228 vincuntur.

189 2252 408 2295 Praetores
442 2254 638 2305 Romani,
671 2271 724 2297 ne
757 2264 924 2312 postero
957 2255 1025 2297 die
1059 2265 1192 2297 castra
1227 2265 1585 2312 oppugnarentur,

157 2310 354 2353 6silentio
376 2313 591 2368 proximae
614 2313 748 2354 noctis
765 2314 891 2354 tacito
911 2314 1030 2369 signo
1047 2314 1281 2355 exercitum
1303 2313 1584 2356 abduxerunt.

189 2368 306 2410 Luce
329 2371 463 2426 prima
486 2370 667 2427 Hispani
696 2371 783 2412 acie
815 2371 1019 2412 instructa
1049 2371 1103 2412 ad
1130 2370 1285 2412 vallum
1307 2380 1585 2422 accesserunt,

188 2441 402 2483 vacuaque
434 2438 599 2484 practer
620 2444 736 2485 spem
759 2438 893 2470 castra
913 2429 1101 2485 ingressi,
1125 2444 1232 2484 quae
1255 2428 1455 2470 derelicta
1475 2429 1587 2471 inter

188 2493 435 2526 nocturnam
472 2486 795 2542 trepidationem
828 2496 959 2535 erant,
993 2486 1285 2542 diripuerunt:
1325 2487 1585 2543 regressique

189 2540 233 2582 in
254 2556 329 2583 sua
349 2552 494 2594 castra,
521 2559 676 2600 paucos
697 2544 787 2586 dies
808 2544 962 2600 quietis
989 2544 1146 2585 stativis
1178 2553 1433 2586 manserunt.
1498 2545 1587 2586 Ro-

231 2662 248 2691 3
278 2655 319 2685 Ut
344 2656 449 2685 omnia
474 2657 509 2685 in
532 2657 656 2696 inteyro
678 2657 860 2694 manerent]
908 2658 992 2687 sules
1017 2655 1189 2696 appellari,
1209 2666 1307 2695 quam
1330 2656 1384 2696 qui
1410 2656 1490 2687 alias
1515 2667 1585 2696 pro-

193 2696 238 2726 Ut
260 2700 407 2727 neutram
433 2697 465 2727 in
492 2702 615 2737 partem
638 2710 686 2730 res
709 2699 865 2731 inclinata
911 2699 1031 2730 vincias
1047 2700 1222 2736 habebant,
1237 2703 1348 2729 monet
1366 2699 1530 2729 Dukerus.

188 2738 358 2776 videretur,
385 2740 440 2770 sed
472 2741 568 2779 plane
598 2741 680 2772 inter
710 2746 862 2781 utrosque
952 2750 968 2780 5
992 2744 1075 2772 Loca
1092 2743 1169 2779 sua]
1193 2742 1282 2772 Loca
1297 2742 1368 2780 sibi,
1383 2741 1402 2772 i.
1417 2752 1444 2772 e.
1464 2742 1586 2781 Hispa-

187 2792 351 2820 suspensa.
375 2782 482 2813 szv.
903 2784 964 2821 nis,
980 2789 1173 2824 opportuna.
1199 2786 1306 2815 Cizssv.

229 2835 248 2861 4
272 2826 308 2855 L.
326 2826 477 2855 stlanlius
501 2827 690 2865 proconsul]
724 2827 859 2866 Proprie
947 2826 966 2857 6
993 2829 1100 2857 Tacito
1136 2827 1245 2866 siano]
1299 2837 1342 2857 se.
1382 2826 1480 2866 Signo
1518 2836 1584 2856 nou

185 2867 405 2905 appellaretur
426 2873 628 2907 propraetor,
647 2869 701 2899 scd
723 2879 788 2906 eos,
804 2869 859 2909 qui
906 2871 984 2900 tuba
1011 2870 1059 2900 vel
1091 2869 1236 2905 classico,
1263 2870 1317 2899 sed
1347 2879 1404 2908 per
1431 2874 1584 2901 tesseram

188 2909 368 2949 Hispaniae
386 2915 566 2950 praeerant,
582 2911 710 2951 saepius
727 2922 860 2951 proc-on·
906 2913 992 2944 dato.
1017 2912 1056 2944 cf.
1073 2922 1159 2951 supr.
1179 2912 1229 2942 vii.
1245 2919 1295 2949 35.
