1960 3218
185 259 230 290 U.
247 260 286 290 C.
309 259 379 299 561.

183 302 224 332 A.
249 302 287 333 C.
314 312 381 344 191.

184 345 378 376 Chalcidem

185 397 218 418 se
234 389 359 429 recipit.

247 1175 315 1213 20.

185 1230 260 1261 Cos.
271 1230 382 1261 Antio-

185 1273 283 1303 chum
300 1283 368 1313 per-

185 1316 338 1355 sequitur.

388 161 471 199 244
908 158 1058 200 TITI
1094 158 1273 200 LIVII

393 256 503 299 ante,
522 263 648 304 quam
671 247 846 298 Elatiae,
865 249 916 289 ab
933 250 1064 290 effuso
1085 249 1318 291 constiterit
1334 264 1478 290 cursu:
1513 249 1585 290 ubi
1602 248 1784 305 primum

394 306 581 362 reliquiis
602 322 852 363 pugnaeque
871 317 913 347 et
933 307 1056 363 fugae
1079 307 1275 357 collectis,
1293 322 1389 348 cum
1409 307 1638 363 perexigua
1658 322 1787 348 manu

395 365 678 406 semiermium
697 365 877 405 militum
895 364 1144 405 Chalcidem
1162 380 1204 405 se
1219 365 1387 421 recepit.
1434 365 1653 406 Romanus
1666 365 1786 421 equi-

396 432 505 463 tatus
533 423 670 478 ipsum
698 422 872 478 quidem
900 437 1043 477 regem
1073 422 1234 463 Elatiae
1263 432 1474 464 assecutus
1502 437 1589 463 non
1616 430 1690 472 est,
1713 421 1787 463 sed

395 495 590 536 magnam
620 490 783 536 partem
815 480 1003 535 agminis,
1034 489 1107 520 aut
1134 480 1377 521 lassitudine
1409 480 1682 529 subsistentis,
1714 487 1788 520 aut

394 553 545 588 errore,
570 547 614 579 ut
635 538 708 594 qui
729 538 818 579 sine
841 538 1017 579 ducibus
1039 553 1113 594 per
1140 538 1285 594 ignota
1304 538 1455 578 itinera
1473 538 1680 594 fugerent,
1703 537 1788 578 dis-

395 596 548 652 sipatos
580 604 885 652 oppresserunt.
950 595 1042 637 Nec
1076 606 1240 651 praeter
1270 596 1536 651 quingentos,
1569 595 1643 651 qui
1678 595 1789 636 circa

395 669 538 709 regem
568 653 751 702 fuerunt,
782 669 835 694 cx
867 662 953 694 toto
984 654 1168 695 exercitu
1203 653 1425 709 quisquam
1456 653 1626 708 effugit:
1661 652 1788 693 etiam

396 727 450 752 ex
466 711 613 752 decem
636 711 818 752 millibus
836 711 1030 761 militum,
1050 727 1166 767 quos,
1186 710 1364 767 Polybio
1381 719 1563 760 auctore,
1579 710 1786 751 traiecisse

395 784 536 810 secum
568 784 711 824 regem
742 769 785 809 in
821 768 1042 810 Graeciam
1079 769 1330 825 scripsimus,
1364 768 1541 824 exiguus
1574 783 1820 815 numerus.9

398 826 516 874 Quid
537 827 570 867 si
594 826 758 867 Antiati
780 826 950 867 Valerio
972 827 1202 876 credamus,
1221 826 1436 881 sexaginta
1457 826 1587 866 millia
1606 825 1789 866 militum

393 884 518 925 fuisse
545 884 590 924 in
620 884 735 939 regio
765 884 954 925 exercitu
983 884 1193 933 scribenti,
1224 884 1502 940 quadraginta
1528 883 1626 924 inde
1659 883 1790 923 millia

394 941 606 991 cecidisse,
629 957 754 997 supra
775 942 964 997 quinque
986 942 1116 982 millia
1138 951 1259 998 capta
1275 957 1370 982 cum
1393 941 1521 996 signis
1542 940 1789 982 militaribus

393 999 586 1040 ducentis
622 999 825 1055 triginta?
876 1000 1165 1040 Romanorum
1198 1008 1369 1040 centum
1402 998 1710 1055 quinquaginta
1744 998 1790 1038 in

393 1057 484 1113 ipso
515 1057 742 1098 certamine
774 1072 953 1113 pugnae,
983 1058 1034 1098 ab
1066 1058 1235 1098 incursu
1268 1056 1517 1098 Aetolorum
1548 1071 1591 1097 se
1613 1063 1790 1101 ,tuentes

395 1129 481 1156 non
503 1114 597 1171 plus
619 1115 927 1171 quinquaginta
948 1115 1156 1156 interfecti
1179 1123 1286 1155 sunt.

456 1172 642 1214 Consule
664 1188 740 1228 per
768 1172 999 1214 Phocidem
1023 1182 1065 1213 et
1091 1172 1310 1214 Boeotiam
1340 1172 1572 1213 exercitum
1593 1171 1788 1221 ducente,

395 1231 585 1272 consciae
617 1230 864 1272 defectionis
895 1230 1083 1271 civitates
1114 1246 1209 1272 cum
1241 1230 1487 1271 velamentis
1519 1238 1614 1270 ante
1652 1238 1791 1285 portas

395 1289 573 1338 stabant,
616 1298 732 1329 metu
773 1303 826 1329 ne
867 1288 1073 1329 hostiliter
1113 1288 1406 1344 diriperentur.
1472 1287 1675 1328 Ceterum
1715 1301 1792 1342 per

396 1361 540 1388 omnes
555 1346 644 1387 dies
665 1345 778 1386 haud
800 1361 931 1395 secus,
946 1361 1072 1401 quam
1094 1348 1138 1386 in
1159 1355 1306 1401 pacato
1328 1360 1439 1401 agro,
1458 1345 1546 1386 sine
1568 1344 1789 1385 vexatione

394 1404 521 1445 ullius
553 1404 614 1445 rei
650 1419 801 1459 agmen
834 1404 1047 1459 processit,
1082 1403 1217 1444 donec
1254 1403 1297 1443 in
1339 1418 1484 1457 agrum
1521 1402 1792 1443 Coronaeum

394 1471 569 1503 ventum
603 1470 675 1502 est.
738 1460 803 1502 Ibi
841 1470 975 1502 statua
1004 1461 1113 1516 regis
1146 1461 1361 1510 Antiochi,
1395 1460 1529 1516 posita
1558 1460 1603 1500 in
1634 1459 1791 1516 templo

396 1519 617 1560 Minervae
640 1519 816 1568 Itoniae,
839 1519 941 1559 iram
964 1519 1179 1559 accendit:
1213 1519 1547 1574 permissumque
1570 1517 1694 1558 militi
1715 1526 1789 1567 est,
1808 1535 1821 1556 1

396 1586 443 1618 ut
464 1577 779 1618 circumiectum
797 1576 953 1632 templo
975 1592 1119 1632 agrum
1142 1576 1423 1632 popularetur.
1488 1574 1657 1616 Deinde
1679 1575 1793 1630 cogi-

396 1635 498 1676 tatio
535 1635 721 1675 animum
753 1634 893 1683 subiit,
926 1649 1057 1689 quum
1089 1634 1302 1675 communi
1333 1634 1503 1674 decreto
1535 1632 1793 1674 Boeotorum

396 1694 532 1750 posita
559 1702 667 1734 esset
697 1701 844 1741 statua,
875 1692 1097 1747 indignum
1129 1707 1230 1741 esse,
1262 1692 1306 1732 in
1338 1706 1471 1732 unum
1502 1690 1792 1732 Coronensem

397 1766 544 1807 agrum
585 1750 753 1791 saevire.
829 1749 1044 1790 Revocato
1086 1748 1299 1804 extemplo
1340 1749 1485 1798 milite,
1528 1748 1623 1789 finis
1658 1763 1793 1804 popu-

396 1809 512 1850 landi
542 1808 697 1849 factus:
741 1807 930 1863 castigati
962 1815 1124 1848 tantum
1149 1807 1285 1847 verbis
1316 1806 1468 1847 Boeoti
1499 1806 1551 1847 ob
1582 1806 1793 1862 ingratum

398 1867 444 1907 in
475 1866 599 1907 tantis
633 1874 801 1922 tamque
832 1865 1071 1906 recentibus
1101 1864 1315 1906 beneficiis
1346 1864 1534 1905 animum
1570 1878 1668 1919 erga
1704 1863 1793 1904 Ro-

398 1939 554 1965 manos.

456 1981 575 2023 Inter
609 1982 746 2038 ipsum
782 1997 948 2039 pugnae
985 1990 1152 2038 tempus
1188 1981 1335 2022 decem
1366 1995 1492 2021 naves
1527 1980 1664 2035 regiae
1696 1994 1793 2020 cum

398 2040 608 2096 praesecto
646 2040 806 2081 Isidoro
839 2040 893 2081 ad
926 2040 1162 2081 Thronium
1195 2039 1239 2079 in
1272 2039 1367 2079 sinu
1400 2037 1583 2079 Maliaco
1615 2037 1790 2078 stabant.

401 2097 465 2139 Eo
486 2098 621 2154 gravis
641 2098 883 2138 vulneribus
906 2097 1152 2139 Alexander
1174 2098 1385 2145 Acarnan,
1408 2095 1582 2136 nuntius
1598 2094 1793 2135 adversae

398 2170 579 2212 pugnae,
614 2170 746 2211 quum
781 2155 1042 2211 perfugisset,
1080 2153 1267 2210 trepidae
1309 2153 1408 2195 inde
1440 2152 1601 2194 recenti
1637 2161 1794 2193 terrore

400 2228 526 2254 naves
560 2212 779 2254 Cenaeum
817 2212 1015 2254 Euboeae
1047 2212 1272 2269 petierunt.
1336 2210 1401 2252 Ibi
1435 2218 1623 2251 mortuus
1655 2208 1796 2265 sepul-

401 2278 552 2326 tusque
576 2270 832 2312 Alexander.
895 2270 1014 2320 Tres,
1036 2285 1144 2326 quae
1173 2284 1225 2310 ex
1249 2268 1353 2309 Asia
1378 2268 1588 2324 profectae
1610 2266 1795 2308 eundem

400 2338 568 2384 portum
597 2336 832 2377 tenuerant,
855 2342 992 2377 naves,
1016 2327 1158 2368 audita
1186 2326 1395 2367 exercitus
1422 2325 1553 2374 clade,
1578 2324 1794 2380 Ephesum

399 2386 627 2426 redierunt.
690 2385 875 2426 Isidorus
906 2386 957 2426 ab
989 2384 1161 2426 Cenaeo
1190 2382 1524 2431 Demetriadem,
1551 2382 1584 2422 si
1611 2382 1717 2422 forte
1744 2396 1794 2422 eo

402 2443 583 2484 deferret
604 2443 702 2498 fuga
726 2457 881 2498 regem,
906 2442 1078 2483 traiecit.
1140 2441 1224 2482 Per
1244 2441 1413 2482 eosdem
1437 2439 1526 2480 dies
1553 2439 1605 2479 A.
1625 2438 1792 2488 Atilius,

401 2500 635 2556 praefectus
658 2500 875 2541 Romanae
899 2499 1051 2548 classis,
1074 2513 1246 2554 magnos
1266 2498 1401 2553 regios
1424 2505 1693 2546 commeatus,
1712 2496 1796 2538 iam

444 2639 463 2670 9
486 2631 638 2669 Eoeiyuus
654 2631 824 2667 nutam-us]
851 2628 1060 2669 Sub.effugit.
1122 2627 1309 2659 Thessaliae
1338 2628 1453 2658 Itone:
1486 2628 1572 2657 unde
1599 2626 1715 2657 Boeoti
1742 2636 1795 2657 ex-

449 2681 460 2701 1
487 2674 661 2703 Aliam-vae
676 2673 818 2709 Itoniae]
861 2672 1010 2702 Minerva
1033 2671 1076 2701 sic
1121 2671 1267 2710 emplum
1303 2673 1507 2709 sumpserunt
1538 2670 1705 2700 Minervae
1735 2670 1794 2699 sub

402 2714 629 2753 cognominata
645 2717 703 2751 cst,
719 2717 848 2744 auctore
866 2713 1028 2744 Pausania
1043 2713 1076 2743 in
1121 2713 1182 2743 hoc
1209 2713 1398 2751 cognomine
1426 2713 1590 2749 colendae,
1616 2711 1795 2751 templique

403 2757 577 2793 Boeoticis,
614 2757 654 2786 ab
694 2757 790 2787 ltono
828 2755 1077 2795 Amphictyonis
1121 2755 1149 2785 ci
1180 2756 1267 2795 apud
1299 2756 1480 2786 Coroneam
1511 2754 1705 2785 exstruendi.
1754 2754 1795 2784 In

404 2799 483 2837 filio,
500 2804 590 2839 patre
607 2799 733 2836 Boeoti,
749 2810 769 2829 a
784 2809 847 2838 quo
866 2798 1000 2828 Boeotia
1021 2808 1075 2828 no
1120 2798 1181 2828 hoc
1204 2799 1363 2837 templum
1389 2797 1503 2828 Boeoti
1528 2798 1567 2827 de
1594 2797 1687 2826 rebus
1709 2806 1794 2826 com-

403 2852 478 2872 incn
501 2842 636 2881 accepit.
682 2841 713 2872 Si
735 2841 882 2871 Straboni
906 2840 1075 2878 credimus,
1120 2840 1271 2870 munibus
1308 2840 1513 2870 deliberaturi
1550 2839 1794 2869 conveniebant.

403 2885 446 2914 ix.
470 2895 559 2923 pagg.
583 2894 652 2922 411.
669 2887 701 2914 ct
717 2892 788 2922 435.
812 2883 974 2923 antiquius
997 2887 1075 2914 tem
1122 2884 1229 2922 Atque
1256 2884 1296 2913 ob
1321 2893 1392 2913 eam
1420 2882 1568 2913 videlicet
1595 2890 1723 2912 causam
1750 2880 1794 2911 ibi

405 2928 494 2971 plum
520 2927 578 2957 fuit
605 2927 770 2957 Minervae
795 2926 919 2957 Itoniae
942 2926 974 2956 in
998 2927 1076 2957 urbe
1121 2929 1226 2956 statua
1243 2925 1404 2956 Antiocho
1421 2925 1525 2965 posita
1540 2927 1616 2955 erat.
1645 2924 1750 2955 Ciu-w.
