1960 3218
565 169 690 214 LIB.
725 171 947 213 XXXIX.
996 172 1144 214 CAP.
1179 176 1217 214 8.
1507 174 1592 215 583

191 261 265 303 ‘in
294 262 526 319 publicum,
548 262 664 320 quod
694 262 785 304 eius
818 261 1002 304 solutum
1036 270 1161 304 antea
1193 278 1280 304 non
1311 270 1432 313 esset,
1459 262 1593 304 solve-
1608 269 1653 301 U.
1670 269 1709 301 O.
1731 268 1804 310 565·

159 336 176 357 2
192 322 204 343 ζ
219 321 361 362 retur.’
420 320 605 363 Vicenos
627 320 779 376 quinos
807 328 850 361 et
877 321 1068 362 semisses
1097 320 1141 361 in
1169 320 1301 361 millia
1328 321 1435 362 aeris
1462 336 1592 377 quae·
1606 313 1645 344 A.
1670 313 1709 344 C.
1735 313 1770 343 ¹²²
1777 321 1804 353 7·

190 386 322 420 stores
344 379 492 420 urbani
513 393 610 420 cum
631 378 714 419 fide
737 387 780 419 et
801 393 901 419 cura
921 378 1146 420 solverunt.

249 436 333 477 Per
362 436 475 478 idem
506 445 673 493 tempus
704 436 863 477 tribuni
894 436 1076 477 militum
1105 436 1190 477 duo
1216 451 1270 476 ex
1299 435 1462 477 duabus
1491 435 1592 478 His-

189 494 325 550 paniis
347 509 443 535 cum
464 494 595 536 literis
619 493 670 535 C.
687 494 827 535 Atinii
849 502 891 535 et
913 494 963 535 L.
981 493 1146 543 Manlii,
1171 493 1244 549 qui
1266 509 1334 535 eas
1356 495 1591 550 provincias

190 552 449 602 obtinebant,
485 560 706 593 venerunt.
770 551 838 592 Ex
873 551 924 593 iis
959 551 1091 592 literis
1126 552 1343 607 cognitum
1381 561 1456 601 est,
1492 552 1590 593 Cel-

190 609 345 651 tiberos
367 610 679 666 Lusitanosque
708 609 752 650 in
781 609 907 651 armis
934 624 1036 660 esse,
1064 618 1106 650 et
1133 609 1341 651 sociorum
1370 624 1489 665 agros
1516 625 1592 666 po-

188 667 337 724 pulari.
400 667 469 710 De
510 683 560 709 ea
598 683 643 709 re
685 667 1037 709 consultationem
1077 668 1286 724 integram
1327 676 1497 709 senatus
1538 668 1593 709 ad

189 741 320 767 novos
340 726 607 782 magistratus
628 725 785 768 reiecit.

247 783 382 825 Ludis
417 784 621 826 Romanis
654 799 704 825 eo
738 799 863 833 anno,
890 799 995 840 quos
1028 783 1075 824 P.
1099 782 1325 825 Cornelius
1359 782 1590 839 Cethegus,

157 841 246 886 3A.
268 841 511 884 Postumius
534 842 719 884 Albinus
749 842 970 892 faciebant,
1004 841 1138 882 malus
1168 841 1212 882 in
1244 842 1355 882 circo
1388 841 1592 883 instabilis

189 899 235 941 in
267 900 434 957 signum
467 900 703 942 Pollentiae
736 899 930 956 procidit,
964 908 1091 956 atque
1125 899 1170 940 id
1202 899 1367 941 deiecit.
1431 899 1495 941 Ea
1527 914 1592 941 re-

189 957 346 1015 ligione
377 958 481 999 moti
507 958 666 1008 Patres,
693 967 737 999 et
764 958 877 999 diem
910 973 1041 999 unum
1074 957 1360 998 adiiciendum
1393 956 1591 999 ludorum

158 1015 423 1057 4celebritati
444 1024 712 1066 censuerunt,
735 1025 778 1058 et
806 1016 924 1072 signa
945 1015 1030 1057 duo
1056 1031 1132 1072 pro
1157 1031 1243 1057 uno
1269 1015 1525 1071 reponenda,
1549 1024 1593 1057 et

190 1089 348 1116 novum
379 1083 568 1115 auratum
601 1074 854 1115 faciendum.
920 1073 976 1115 Et
1006 1073 1162 1130 plebeii
1190 1073 1280 1114 ludi
1309 1074 1360 1114 ab
1386 1073 1592 1115 aedilibus

193 1133 242 1174 C.
269 1131 519 1189 Sempronio
549 1132 700 1174 Blaeso
729 1140 771 1173 et
802 1131 864 1173 Μ.
889 1131 1017 1173 Furio
1045 1132 1186 1173 Lusco
1217 1131 1332 1174 diem
1363 1146 1496 1172 unum
1528 1132 1593 1172 in-

190 1190 364 1231 staurati
385 1198 494 1232 sunt.

248 1248 483 1304 Insequens
514 1263 649 1289 annus
682 1247 752 1304 Sp.
782 1247 1050 1289 Postumium
1079 1247 1287 1288 Albinum
1318 1255 1361 1288 et
1395 1246 1448 1296 Q.
1474 1247 1592 1289 Mar·
1684 1243 1722 1280 8·

142 1311 150 1318 ’
190 1306 303 1347 cium
325 1306 573 1363 Philippum
603 1306 794 1347 consules
822 1306 873 1347 ab
897 1306 1086 1347 exercitu
1112 1305 1402 1360 bellorumque
1428 1314 1470 1346 et
1494 1321 1590 1362 pro—
1606 1298 1650 1370 ἶ·
1667 1298 1704 1371 g·
1732 1297 1804 1371 ⁵3}

190 1364 422 1406 vinciarum
438 1379 539 1405 cura
555 1364 607 1405 ad
624 1364 846 1405 intestinae
864 1363 1165 1404 coniurationis
1178 1363 1408 1404 vindictam
1427 1364 1587 1404 avertit.
1603 1354 1660 1423 ²31}
1676 1351 1806 1413 Pesla-⁰

191 1422 411 1464 Praetores
437 1422 671 1478 provincias
696 1421 831 1463 sortiti
856 1431 966 1471 sunt,
994 1421 1045 1462 T.
1066 1421 1264 1463 Maenius
1286 1422 1501 1471 urbanam,
1527 1421 1588 1462 M.
1605 1427 1682 1483 2³10,
1699 1428 1743 1474 Ω-

193 1480 383 1522 Licinius
417 1479 621 1521 Lucullus
654 1480 764 1521 inter
799 1479 910 1520 cives
945 1488 988 1520 et
1021 1479 1278 1536 peregrinos,
1320 1478 1371 1520 C.
1393 1479 1592 1520 Aurelius
1605 1469 1731 1543 {tillem

195 1538 375 1580 Scaurus
406 1537 656 1587 Sardiniam,
684 1538 732 1579 P.
755 1537 980 1579 Cornelius
1012 1537 1128 1578 Sulla
1158 1536 1355 1586 Siciliam,
1380 1537 1429 1578 L.
1453 1537 1593 1586 Quin·
1642 1540 1647 1541 ⁷
1672 1537 1695 1543 ”’

192 1597 300 1638 etius
324 1596 546 1652 Crispinus
573 1595 823 1652 Hispaniam
853 1596 1102 1644 citeriorem,
1136 1596 1184 1636 C.
1208 1594 1464 1651 Calpurnius
1493 1595 1592 1636 Piso

195 1654 445 1711 Hispaniam
481 1653 733 1695 ulteriorem.
800 1652 1057 1694 Consulibus
1087 1653 1289 1693 ambobus
1317 1653 1506 1709 quaestio
1538 1653 1591 1693 de

194 1712 466 1754 clandestinis
501 1711 860 1753 coniurationibus
896 1711 1066 1752 decreta
1101 1719 1174 1751 est.
1247 1709 1437 1752 Graecus
1473 1711 1590 1767 igno·
1606 1723 1795 1754 Bacchana-

194 1770 289 1811 bilis
311 1770 354 1810 in
372 1769 585 1811 Etruriam
607 1770 789 1825 primum
813 1769 928 1810 venit
950 1768 1065 1809 nulla
1086 1784 1181 1809 cum
1204 1777 1290 1809 arte
1314 1784 1470 1818 earum,
1490 1784 1592 1824 quas
1606 1766 1659 1796 15³¹·

196 1828 347 1869 multas
375 1827 428 1868 ad
454 1828 690 1868 animorum
721 1842 1029 1883 corporumque
1059 1826 1220 1867 cultum
1250 1827 1369 1868 nobis
1398 1827 1594 1868 eruditis-

195 1886 300 1927 sima
332 1886 521 1927 omnium
554 1901 657 1942 gens
690 1885 864 1934 invexit,
899 1884 1155 1925 sacrificulus
1189 1893 1231 1925 et
1262 1894 1401 1925 vates:
1436 1900 1515 1925 nec
1546 1885 1593 1933 is,

197 1944 269 1999 qui
299 1953 442 2000 aperta
469 1943 684 1999 religione,
707 1943 922 1999 propalam
948 1952 990 1983 et
1011 1951 1232 1998 quaestum
1261 1951 1303 1983 et
1329 1942 1595 1998 disciplinam

166 2001 447 2058 5profitendo‚
485 2002 646 2042 animos
682 2001 851 2042 horrore
888 2000 1110 2049 imbueret,
1147 2000 1221 2040 sed
1257 2000 1516 2041 occultorum
1554 2009 1597 2041 et

165 2068 500 2101 6nocturnorum
530 2059 701 2100 antistes
734 2073 957 2099 sacrorum.
1022 2057 1149 2098 Initia
1176 2066 1307 2107 erant,
1331 2073 1438 2113 quae
1461 2058 1596 2114 primo

198 2117 342 2173 paucis
374 2117 526 2158 tradita
556 2126 679 2157 sunt:
715 2116 869 2157 deinde
899 2115 1057 2171 vulgari
1087 2125 1237 2171 coepta
1263 2125 1361 2156 sunt
1388 2131 1464 2171 per
1488 2116 1597 2156 viros

199 2174 491 2230 mulieresque.
556 2174 741 2215 Additae
779 2173 1012 2230 voluptates
1052 2173 1245 2229 religioni
1282 2173 1368 2214 vini
1409 2182 1451 2214 et
1493 2189 1598 2229 epu-

200 2232 347 2282 larum,
390 2248 475 2288 quo
521 2232 705 2288 plurium
751 2232 880 2272 animi
926 2231 1195 2272 illicerentur.
1263 2230 1408 2279 Quum
1450 2231 1595 2272 vinum

201 2291 375 2341 animos,
412 2299 455 2331 et
491 2305 575 2331 nox
612 2298 654 2331 et
690 2290 811 2330 mixti
847 2289 1014 2330 feminis
1055 2304 1201 2338 mares,
1239 2289 1386 2330 aetatis
1428 2298 1596 2330 tenerae

245 2448 261 2469 ‘z
287 2439 328 2468 In
350 2439 451 2468 millia
473 2438 575 2475 aeris]
603 2438 642 2468 cs.
669 2436 761 2476 Supr.
787 2435 876 2466 xxix.

207 2489 253 2519 15.
277 2481 390 2510 xxxix.
411 2492 461 2518 44.
509 2483 622 2516 Quum
649 2479 764 2519 singuli
792 2479 878 2509 cives

922 2446 1005 2471 mur,
1035 2435 1151 2474 quibus
1183 2436 1254 2465 vela
1284 2445 1428 2474 expansa
1455 2436 1598 2465 suffulci-

922 2482 1020 2508 untnr
1044 2479 1084 2508 ad
1109 2478 1190 2508 a'e‘rix·
1214 2477 1344 2507 iniurias
1370 2478 1537 2513 arcendam,
1565 2483 1599 2508 nt

202 2525 237 2553 in
263 2525 364 2553 millia
389 2525 474 2554 aeris
499 2527 715 2559 censerentur,
741 2521 878 2561 pecnnia

203 2567 243 2597 ab
265 2566 302 2595 iis
323 2566 354 2595 in
377 2576 467 2596 usum
491 2565 698 2605 reipublicae,
720 2565 768 2595 vel
792 2576 811 2594 a
832 2575 876 2594 rc-

205 2609 336 2648 publica
357 2608 386 2638 in
410 2619 519 2638 corum
538 2619 643 2643 usum,
661 2618 717 2647 pro
741 2607 807 2647 pari
830 2618 876 2637 ia-

203 2652 291 2682 tione
304 2652 495 2681 solvebatur.
514 2651 552 2682 cf.
568 2651 703 2681 Nicbhr.
717 2650 748 2680 ii.
763 2661 792 2680 n.
805 2651 876 2690 889.

248 2704 264 2732 3
289 2695 405 2724 Malus
422 2695 457 2724 in
478 2695 560 2724 circo
584 2695 745 2723 instabilis
766 2695 800 2723 in
816 2695 877 2731 ⁸¹¹5!-

204 2748 281 2767 num
308 2737 486 2767 Pollentiae
507 2737 660 2775 procidit]
691 2736 877 2773 Intelligen-

205 2781 282 2810 dum
301 2780 361 2809 lioc
378 2784 424 2809 cst
438 2780 477 2808 (lc
490 2779 578 2817 signo
591 2779 671 2809 deae
687 2779 879 2815 Pollentiae,

205 2822 270 2853 sive
300 2821 486 2852 Potentiae:
518 2826 690 2859 utriunque
714 2821 797 2851 enini
824 2832 878 2851 no-

206 2875 279 2895 men
297 2865 380 2895 idem
399 2869 456 2895 est.
503 2864 628 2894 Malum
648 2868 769 2900 autc-ni,
782 2875 799 2893 a
816 2874 880 2902 quo

206 2908 366 2938 deiectum
403 2907 583 2937 Pollentiae
620 2906 744 2943 signum
783 2906 879 2936 trudit

208 2950 329 2987 Livius,
347 2960 446 2979 unum
473 2960 510 2979 cx
538 2949 601 2979 illis
626 2949 723 2978 fuisse
748 2949 880 2978 arbitra-

264 3006 362 3033 VOL.
388 3006 448 3032 III.

924 2521 1124 2551 commodius
1140 2524 1336 2559 spectatores
1350 2521 1442 2550 ludos
1454 2525 1600 2560 spectare

923 2564 1056 2603 possint.
1082 2564 1156 2593 Dux
1169 2574 1250 2594 x'rt‘s'.

966 2619 984 2645 4
1008 2608 1108 2645 Siqua
1125 2608 1188 2636 dm»
1207 2617 1265 2646 pro
1286 2604 1366 2644 mio]
1394 2606 1500 2636 Vetus
1517 2606 1597 2636 scili>

923 2654 973 2680 cet
1008 2650 1131 2688 signum
1173 2650 1408 2688 repone-iulum,
1446 2649 1598 2679 :nliuncto

923 2704 1006 2723 novo
1022 2703 1097 2727 uno,
1114 2693 1198 2731 quod
1217 2692 1346 2731 quidem
1364 2696 1512 2721 auratum
1533 2692 1598 2721 tim-i

924 2735 1062 2766 iubetur.
1087 2736 1193 2766 Cmav.

968 2786 984 2815 5
1003 2780 1136 2808 Animos
1146 2779 1276 2808 horrore
1288 2778 1456 2814 imaum-vt]
1479 2778 1599 2807 Errare

924 2825 1054 2851 auctore
1071 2821 1201 2859 Sigonio
1219 2820 1359 2859 repumit
1383 2820 1519 2849 Holmoi:

968 2863 986 2893 6
1011 2865 1112 2894 Initia
1129 2864 1240 2900 erum]
1271 2862 1421 2899 Inte-llige
1439 2861 1600 2900 mysteria.

925 2906 1041 2945 quibus
1075 2906 1295 2939 initiabantur,
1326 2905 1600 2942 quvmndnnulinn

925 2960 1010 2987 supr.
1030 2948 1116 2979 xxxi.
1139 2959 1184 2985 ¹4-
1207 2959 1266 2987 par
1282 2949 1455 2977 [miliarum
1474 2948 1549 2977 (lies.

1286 3004 1308 3029 (⁸
1330 3004 1352 3030 C
