1960 3218
638 136 765 179 LIB.
800 135 897 178 XL.
943 135 1089 178 CAP.
1123 140 1192 178 40.
1519 138 1600 180 467

459 233 470 252 ‘
489 226 634 269 Scelus
655 235 698 269 et
717 226 935 283 perfidiam
957 225 1051 276 illis,
1073 241 1159 268 non
1181 226 1390 276 virtutem,
1411 241 1490 268 nec
1511 227 1601 267 ani·
1617 235 1660 267 U.
1677 236 1715 268 C.
1739 245 1811 276 57²·

175 290 221 326 5‘
236 300 351 326 mum
380 286 608 327 accessisse.
672 284 877 326 Reditum
898 284 1164 339 ignobilem
1153 299 1198 325 m
1227 284 1415 340 patliam,
1438 279 1809 327 clarumA·C-1⁸0·

207 348 282 384 ‘ac
322 343 635 385 memorabilem
677 357 747 383 eos
787 342 864 383 sibi
899 342 1070 383 fecisse·
1114 351 1309 383 cruentos
1344 357 1395 383 ex
1438 342 1597 384 recenti

206 401 361 442 ‘caede
392 401 574 442 hostium
602 399 774 456 gladios,
797 409 840 441 et
867 399 1080 440 manantia
1110 400 1312 456 sanguine
1341 399 1483 456 spolia,
1508 401 1597 441 Ro-

206 465 217 482 ‘
234 474 342 500 mam
376 459 429 500 ad
459 458 719 514 triumphum
748 457 985 499 delaturos.’
1045 457 1174 498 Plura
1201 457 1285 498 dici
1313 466 1477 514 tempus
1508 474 1594 500 non

202 517 448 571 patiebatur.
512 515 774 557 Invehebant
798 531 840 557 se
870 515 1021 564 hostes,
1044 515 1150 556 etin
1178 515 1364 571 partibus
1396 517 1592 557 extremis

202 574 282 614 iam
301 574 581 630 pugnabatur:
615 574 769 615 deinde
787 574 895 615 acies
911 581 1225 615 concurrerunt.
1277 574 1417 614 Atrox
1433 574 1590 629 ubique
1670 577 1738 615 40.

200 632 418 688 proelium,
451 632 524 673 sed
557 632 668 674 varia
699 632 867 673 fortuna
902 639 1001 672 erat.
1065 630 1245 687 Egregie
1281 630 1480 687 legiones,
1512 647 1591 672 nec

169 690 368 745 6segnius
408 690 516 731 duae
552 689 640 731 alae
673 690 941 746 pugnabant3
984 697 1157 730 externa
1192 689 1347 730 auxilia
1382 689 1433 730 ab
1468 689 1595 730 simili

200 756 421 797 armatura,
444 747 614 789 meliore
637 747 898 803 aliquantum
927 747 1107 788 militum
1135 762 1302 802 genere,
1326 747 1593 803 urgebantur,

200 820 279 847 nec
304 805 442 847 locum
465 805 573 847 tueri
600 814 805 862 poterant.
870 805 1087 854 Celtiberi,
1111 805 1184 846 ubi
1212 805 1405 846 ordinata
1432 805 1519 846 acie
1552 815 1595 846 et

200 862 328 919 signis
348 863 506 905 collatis
527 879 569 904 se
591 878 676 904 non
698 878 785 905 esse
807 878 926 919 pares
947 862 1182 919 legionibus
1203 871 1435 913 senserunt,
1458 878 1593 905 cuneo

199 920 515 977 impressionem
531 921 733 962 fecerunt.
790 920 888 969 Quo
906 930 1068 962 tantum
1085 920 1227 962 valent
1241 936 1395 986 genere
1400 936 1592 986 pugnae,

170 991 187 1024 7
200 987 260 1028 ut,
279 994 531 1035 quacunque
553 988 670 1035 parte
691 978 906 1035 perculere
928 979 1091 1035 impetu
1111 994 1199 1028 suo,
1217 978 1411 1020 sustineri
1432 994 1594 1035 neque-

199 1045 283 1078 ant.
347 1036 471 1078 Tunc
488 1052 657 1093 quoque
676 1037 862 1078 turbatae
879 1036 1066 1093 legiones
1082 1045 1191 1086 sunt,
1209 1051 1338 1093 prope
1361 1037 1490 1078 interi
1495 1046 1595 1093 upta

199 1094 320 1136 acies.
387 1094 528 1144 Quam
558 1094 881 1151 trepidationem
913 1095 986 1136 ubi
1017 1094 1189 1135 Flaccus
1220 1095 1452 1150 conspexit,
1482 1110 1591 1160 equo

199 1152 421 1194 advehitur
455 1153 509 1194 ad
538 1152 787 1209 legionarios
819 1152 1005 1208 equites:
1050 1165 1103 1202 et,
1138 1152 1335 1208 ‘Ecquid
1371 1153 1515 1193 auxilii
1548 1153 1592 1193 in

200 1210 345 1251 ‘vobis
366 1211 462 1252 est?
494 1210 684 1252 Actum
674 1226 757 1251 iam
782 1209 835 1252 de
857 1211 937 1252 hoc
965 1211 1155 1252 exeicitu
1183 1210 1309 1251 eritP’
1343 1210 1487 1259 Quum
1516 1227 1593 1251 un-

198 1267 327 1323 dique
359 1268 668 1317 acclamassent,
705 1273 717 1291 ‘
736 1267 854 1316 Quin
890 1267 1046 1317 ederet,
1081 1267 1185 1323 quid
1216 1268 1307 1309 fieri
1340 1268 1463 1318 velit;
1506 1284 1593 1309 non

199 1330 212 1348 ‘
227 1326 411 1382 segniter
425 1326 649 1382 imperium
666 1334 957 1366 exsecuturos:
993 1325 1219 1381 Duplicate
1242 1327 1423 1376 turmas,’
1439 1326 1590 1382 inquit,

199 1387 212 1406 ‘
227 1382 404 1424 duarum
435 1382 649 1440 legionum
677 1383 853 1439 equites,
877 1391 919 1424 et
940 1383 1169 1440 permittite
1191 1398 1322 1439 equos
1343 1384 1387 1424 in
1409 1399 1592 1425 cuneum

197 1445 210 1464 ‘
224 1440 421 1490 hostium,
443 1456 528 1497 quo
550 1450 712 1482 nostros
730 1449 896 1506 urgent.
959 1440 1011 1482 Id
1031 1456 1128 1482 cum
1150 1441 1304 1482 maiore
1326 1442 1367 1482 vi
1387 1457 1592 1498 equorum

199 1503 212 1522 ‘
228 1498 398 1547 facietis,
421 1499 454 1540 si
476 1499 698 1539 effrenatos
729 1498 772 1538 in
794 1514 865 1539 eos
889 1513 1020 1554 equos
1041 1499 1291 1540 immittitis.
1326 1500 1441 1555 quod
1469 1515 1591 1556 saepe

199 1561 211 1579 ‘
228 1555 444 1597 Romanos
465 1556 627 1612 equites
655 1571 751 1597 cum
774 1571 925 1611 magna
944 1555 1066 1597 laude
1088 1555 1232 1597 fecisse
1254 1572 1341 1606 sua,
1364 1558 1590 1598 memoriae

198 1613 440 1670 ‘proditum
473 1614 561 1655 est.'
621 1613 750 1655 Dicto
783 1622 1025 1670 paluerunt,
1055 1613 1337 1670 detractisque
1370 1614 1497 1656 fienis
1528 1615 1590 1656 bis

162 1685 182 1715 8
197 1671 306 1713 ultro
322 1671 510 1727 citroque
527 1686 622 1712 cum
645 1687 797 1728 magna
817 1680 951 1728 strage
974 1671 1170 1721 hostium,
1189 1672 1374 1713 infractis
1395 1673 1589 1714 omnibus

195 1729 336 1779 hastis,
359 1738 705 1771 transcurrerunt.
769 1729 985 1786 Dissipato
1002 1745 1150 1779 cuneo,
1168 1730 1212 1770 in
1234 1745 1319 1786 quo
1340 1730 1475 1771 omnis
1496 1746 1588 1787 spes
1602 1739 1800 1772 Caeduntur

193 1786 340 1837 fuerat,
366 1786 571 1828 Celtiberi
600 1787 821 1843 trepidare,
851 1796 906 1837 et,
928 1802 1058 1843 prope
1087 1787 1238 1829 omissa
1264 1803 1419 1844 pugna,
1448 1788 1588 1830 locum

160 1844 315 1901 9fugae
346 1844 676 1901 circumspicere.
740 1844 797 1886 Et
827 1819 943 1886 alaiii
973 1845 1150 1901 equites,
1176 1855 1399 1902 postquam
1432 1846 1586 1887 Roma-

193 1918 343 1944 norum
378 1903 570 1959 equitum
607 1912 691 1944 tam
728 1903 997 1945 memorabile
1033 1903 1194 1944 facinus
1233 1904 1387 1953 videre,
1420 1913 1462 1945 et
1495 1904 1586 1960 ipsi,

193 1960 345 2002 virtute
377 1976 522 2002 eorum
556 1960 733 2010 accensi,
765 1960 853 2002 sine
885 1961 1010 2002 ullius
1043 1961 1218 2017 imperio
1249 1961 1293 2002 in
1324 1963 1587 2018 perturbatos

207 242 395 269 monens.

193 2018 276 2060 iam
301 2018 441 2060 hostes
469 2033 600 2074 equos
626 2018 871 2060 immittunt.

935 2019 1059 2060 Tunc
1089 2034 1187 2060 vero
1216 2018 1420 2061 Celtiberi
1441 2035 1586 2061 omnes

192 2076 238 2117 in
276 2076 418 2131 fugam
459 2075 747 2124 effunduntur,
789 2084 831 2118 et
877 2077 1104 2133 imperator
1151 2077 1381 2127 Romanus,
1423 2093 1586 2119 aversos

163 2157 176 2179 1
193 2129 344 2176 hostes‘
364 2133 682 2190 contemplatus,
719 2134 867 2176 aedem

237 2275 254 2306 5
278 2269 428 2299 Reditum
456 2270 639 2307 iynobilem]
675 2279 717 2300 sc.
750 2270 863 2305 Quum

193 2310 323 2349 milites,
339 2311 392 2350 qui
412 2321 451 2341 ex
473 2311 636 2351 provincia
653 2312 792 2342 Romam
810 2313 863 2342 de-

193 2354 365 2391 ducuntur,
381 2354 413 2384 in
437 2354 551 2385 itinere
573 2355 613 2384 ab
634 2354 780 2385 hostibus
800 2365 863 2385 non

193 2396 394 2428 infestantur.
420 2397 533 2428 Dum.

235 2438 256 2469 6
282 2441 430 2477 Externa
467 2441 611 2478 mamilia]
659 2450 700 2470 sc.
734 2439 866 2470 Auxilia

194 2481 411 2520 provincialia,
427 2493 511 2522 supr.
530 2492 579 2521 312.
596 2483 650 2513 sed
668 2483 699 2512 in
716 2482 777 2513 hoe
794 2484 865 2513 loco

193 2523 344 2563 distingui
369 2529 478 2555 monet
501 2525 640 2557 Crevier.
666 2526 727 2556 tria
749 2536 865 2565 genera

193 2566 332 2597 militum
349 2567 382 2597 in
398 2568 541 2598 exercitu
555 2569 865 2607 R01nauo,leyt0nes

194 2609 316 2640 scilicet
343 2620 360 2639 e
384 2609 507 2640 civibus
527 2611 684 2641 Romanis
706 2611 864 2651 conscrip-

194 2656 243 2682 tas
260 2664 268 2689 ;
291 2653 361 2683 alas
377 2662 394 2682 e
411 2652 504 2683 sociis
524 2656 556 2682 et
577 2654 707 2684 nomine
724 2654 841 2685 Latino
857 2667 865 2692 ;

194 2699 227 2725 et
246 2699 379 2725 externa
400 2697 537 2732 (tuoez'lz'a,
554 2706 593 2725 ex
614 2696 685 2727 aliis
704 2697 864 2736 gentibus,

194 2748 277 2777 quae
293 2737 323 2767 in
344 2737 404 2768 hoc
425 2738 494 2767 loco
511 2748 550 2768 ex
570 2738 726 2778 Hispanis
741 2743 864 2770 consta-

194 2781 283 2817 bant,
307 2780 456 2819 quoniam
485 2780 579 2811 simili
608 2785 768 2812 armatura
791 2793 864 2812 cum

194 2823 366 2854 Celtiberis
381 2823 525 2853 hostibus
541 2824 636 2853 fuisse
653 2824 813 2855 (licuntur.

240 2873 256 2903 7
274 2867 464 2905 I’erculere]
489 2867 613 2906 Supple
628 2868 755 2897 hostem.
774 2868 865 2898 Duff.

237 2909 256 2937 8
282 2910 452 2947 [usmetis]
496 2910 519 2938 Λ
552 2911 645 2939 verbo
673 2910 865 2948 infringere,

910 2134 1118 2176 Fortunae
1162 2134 1372 2191 Equestri,
1410 2134 1584 2192 Iovique

908 2280 994 2309 supr.
1011 2269 1144 2301 xxxviii.
1166 2269 1211 2300 16.
1258 2269 1393 2309 Quippe
1409 2270 1433 2300 si
1450 2271 1583 2301 redeun-

908 2312 989 2342 tium
1025 2323 1137 2343 omnes
1169 2313 1276 2343 hastas
1310 2311 1472 2350 infractas,
1503 2313 1522 2344 i.
1554 2324 1582 2345 e.

909 2355 1037 2392 fractas,
1064 2355 1160 2386 fuisse
1190 2355 1346 2393 dicamus,
1375 2356 1581 2387 manifestum

910 2397 968 2427 erit
992 2398 1159 2434 indicium,
1177 2408 1289 2428 omues
1313 2408 1367 2429 eos
1392 2409 1465 2429 cum
1491 2399 1581 2430 hoste

910 2450 1093 2479 congressos
1123 2451 1202 2478 esse,
1231 2445 1265 2471 ut
1297 2441 1582 2474 Drakenborehius

910 2486 1029 2513 monet.

951 2536 971 2566 9
994 2527 1104 2556 Aturia*
1120 2525 1257 2566 equites]
1285 2526 1421 2566 Equites
1437 2527 1523 2559 socii.

956 2578 966 2598 1
994 2570 1160 2600 Fortunae
1175 2571 1345 2609 Equestri]
1373 2570 1447 2600 Hoc
1466 2581 1577 2609 cogno-

909 2622 982 2642 men
1017 2611 1096 2642 mire
1129 2611 1319 2652 interpretes
1349 2612 1450 2650 torsit,
1480 2624 1578 2652 quum

908 2655 995 2694 apud
1035 2654 1138 2686 Tacit.
1174 2655 1258 2685 Ami.
1289 2655 1332 2687 iii.
1366 2663 1413 2694 71.
1452 2656 1577 2686 nullum

911 2697 1073 2727 Fortunae
1095 2698 1265 2728 delubrum
1287 2698 1344 2728 tali
1367 2702 1578 2737 cognomento

909 2745 984 2770 ante
997 2740 1162 2770 Tiberium
1175 2740 1385 2780 imperantem
1398 2741 1493 2771 fuisse
1504 2741 1579 2779 legi—

910 2793 992 2813 mus,
1038 2783 1100 2813 Sed
1115 2784 1199 2813 hunc
1214 2784 1331 2813 nodum
1345 2783 1389 2813 ita
1402 2783 1579 2822 expediunt

911 2825 1150 2856 l‹'1·cinsh‹÷mius
1162 2826 1292 2865 aliique,
1305 2826 1425 2855 scilicet
1441 2826 1580 2865 potuisse

910 2868 1087 2907 antiquitus
1108 2872 1301 2899 exstructam
1320 2868 1414 2899 fuisse
1436 2869 1491 2899 tali
1509 2880 1579 2907 cog-

911 2915 1063 2941 nomento
1073 2912 1279 2948 aedem,m‹›x
1292 2910 1439 2941 incendio
1452 2912 1579 2951 perisse,

1224 2966 1250 2991 11
1274 2952 1301 2992 h
1325 2956 1348 2992 2
