<?xml version="1.0" encoding="UTF-8"?>
<!DOCTYPE html PUBLIC "-//W3C//DTD XHTML 1.0 Transitional//EN"
    "http://www.w3.org/TR/xhtml1/DTD/xhtml1-transitional.dtd">
<html xmlns="http://www.w3.org/1999/xhtml" xml:lang="en" lang="en">
 <head>
  <title>
</title>
<meta http-equiv="Content-Type" content="text/html;charset=utf-8" />
  <meta name='ocr-system' content='tesseract 3.04.00' />
  <meta name='ocr-capabilities' content='ocr_page ocr_carea ocr_par ocr_line ocrx_word'/>
</head>
<body>
  <div class='ocr_page' id='page_1' title='image "./historiarumli03livyuoft_0436.png"; bbox 0 0 1960 3218; ppageno 0'>
   <div class='ocr_carea' id='block_1_1' title="bbox 150 243 350 326">
    <p class='ocr_par' dir='ltr' id='par_1_1' title="bbox 150 243 350 326">
     <span class='ocr_line' id='line_1_1' title="bbox 152 243 348 285; baseline -0.005 -9"><span class='ocrx_word' id='word_1_1' title='bbox 152 244 196 276; x_wconf 92' lang='lat' dir='ltr'>U.</span> <span class='ocrx_word' id='word_1_2' title='bbox 218 245 256 276; x_wconf 82' lang='lat' dir='ltr'>O.</span> <span class='ocrx_word' id='word_1_3' title='bbox 276 243 348 285; x_wconf 83' lang='lat'>568.</span> 
     </span>
     <span class='ocr_line' id='line_1_2' title="bbox 150 288 350 326; baseline -0.005 -7"><span class='ocrx_word' id='word_1_4' title='bbox 150 288 191 319; x_wconf 86' lang='lat' dir='ltr'>A.</span> <span class='ocrx_word' id='word_1_5' title='bbox 216 288 254 319; x_wconf 88' lang='lat' dir='ltr'>C.</span> <span class='ocrx_word' id='word_1_6' title='bbox 280 288 350 326; x_wconf 81' lang='lat'>184.</span> 
     </span>
    </p>
   </div>
   <div class='ocr_carea' id='block_1_2' title="bbox 220 1733 287 1770">
    <p class='ocr_par' dir='ltr' id='par_1_2' title="bbox 220 1733 287 1770">
     <span class='ocr_line' id='line_1_3' title="bbox 220 1733 287 1770; baseline 0 0"><span class='ocrx_word' id='word_1_7' title='bbox 220 1733 287 1770; x_wconf 84' lang='lat'>39.</span> 
     </span>
    </p>
   </div>
   <div class='ocr_carea' id='block_1_3' title="bbox 154 1787 356 1905">
    <p class='ocr_par' dir='ltr' id='par_1_3' title="bbox 154 1787 356 1905">
     <span class='ocr_line' id='line_1_4' title="bbox 154 1787 346 1819; baseline -0.01 0"><span class='ocrx_word' id='word_1_8' title='bbox 154 1787 346 1819; x_wconf 84' lang='lat' dir='ltr'>Contentio-</span> 
     </span>
     <span class='ocr_line' id='line_1_5' title="bbox 154 1831 356 1870; baseline 0.005 -10"><span class='ocrx_word' id='word_1_9' title='bbox 154 1841 211 1861; x_wconf 87' lang='lat' dir='ltr'>nes</span> <span class='ocrx_word' id='word_1_10' title='bbox 217 1831 256 1861; x_wconf 88' lang='lat' dir='ltr'>de</span> <span class='ocrx_word' id='word_1_11' title='bbox 268 1841 356 1870; x_wconf 82' lang='lat' dir='ltr'>prae-</span> 
     </span>
     <span class='ocr_line' id='line_1_6' title="bbox 154 1877 236 1905; baseline 0.012 -1"><span class='ocrx_word' id='word_1_12' title='bbox 154 1877 236 1905; x_wconf 82' lang='lat' dir='ltr'>tura.</span> 
     </span>
    </p>
   </div>
   <div class='ocr_carea' id='block_1_4' title="bbox 883 139 1253 182">
    <p class='ocr_par' dir='ltr' id='par_1_4' title="bbox 883 139 1253 182">
     <span class='ocr_line' id='line_1_7' title="bbox 883 139 1253 182; baseline -0.003 0"><span class='ocrx_word' id='word_1_13' title='bbox 883 139 1033 182; x_wconf 84' lang='grc' dir='ltr'><strong>ΤΙΤΙ</strong></span> <span class='ocrx_word' id='word_1_14' title='bbox 1072 139 1253 182; x_wconf 92' lang='lat' dir='ltr'>LIVII</span> 
     </span>
    </p>
   </div>
   <div class='ocr_carea' id='block_1_5' title="bbox 361 229 1798 2191">
    <p class='ocr_par' dir='ltr' id='par_1_5' title="bbox 361 229 1798 1715">
     <span class='ocr_line' id='line_1_8' title="bbox 361 229 1762 290; baseline -0.003 -16"><span class='ocrx_word' id='word_1_15' title='bbox 361 233 489 289; x_wconf 80' lang='lat' dir='ltr'>legati</span> <span class='ocrx_word' id='word_1_16' title='bbox 518 248 594 290; x_wconf 88' lang='lat' dir='ltr'>per</span> <span class='ocrx_word' id='word_1_17' title='bbox 614 232 657 274; x_wconf 90' lang='lat' dir='ltr'>id</span> <span class='ocrx_word' id='word_1_18' title='bbox 678 233 763 274; x_wconf 88' lang='lat' dir='ltr'>fere</span> <span class='ocrx_word' id='word_1_19' title='bbox 787 239 966 288; x_wconf 84' lang='lat' dir='ltr'>tempus,</span> <span class='ocrx_word' id='word_1_20' title='bbox 990 232 1040 273; x_wconf 89' lang='lat' dir='ltr'>L.</span> <span class='ocrx_word' id='word_1_21' title='bbox 1057 231 1278 273; x_wconf 89' lang='lat' dir='ltr'>Iuventius</span> <span class='ocrx_word' id='word_1_22' title='bbox 1300 230 1467 272; x_wconf 84' lang='lat' dir='ltr'>Thalna</span> <span class='ocrx_word' id='word_1_23' title='bbox 1488 239 1531 271; x_wconf 89' lang='lat' dir='ltr'>et</span> <span class='ocrx_word' id='word_1_24' title='bbox 1552 229 1602 271; x_wconf 89' lang='grc' dir='ltr'>Τ.</span> <span class='ocrx_word' id='word_1_25' title='bbox 1623 229 1762 278; x_wconf 81' lang='lat' dir='ltr'>Quin-</span> 
     </span>
     <span class='ocr_line' id='line_1_9' title="bbox 363 287 1762 346; baseline -0.004 -13"><span class='ocrx_word' id='word_1_26' title='bbox 363 291 502 333; x_wconf 89' lang='lat' dir='ltr'>ctilius</span> <span class='ocrx_word' id='word_1_27' title='bbox 526 290 674 340; x_wconf 82' lang='lat' dir='ltr'>Varus,</span> <span class='ocrx_word' id='word_1_28' title='bbox 697 298 928 332; x_wconf 87' lang='lat' dir='ltr'>venerunt:</span> <span class='ocrx_word' id='word_1_29' title='bbox 965 290 1051 346; x_wconf 90' lang='lat' dir='ltr'>qui,</span> <span class='ocrx_word' id='word_1_30' title='bbox 1081 298 1287 345; x_wconf 89' lang='lat' dir='ltr'>quantum</span> <span class='ocrx_word' id='word_1_31' title='bbox 1319 288 1477 329; x_wconf 89' lang='lat' dir='ltr'>bellum</span> <span class='ocrx_word' id='word_1_32' title='bbox 1508 288 1590 328; x_wconf 89' lang='lat' dir='ltr'>iam</span> <span class='ocrx_word' id='word_1_33' title='bbox 1620 287 1762 343; x_wconf 88' lang='lat' dir='ltr'>profli-</span> 
     </span>
     <span class='ocr_line' id='line_1_10' title="bbox 361 344 1760 405; baseline -0.004 -16"><span class='ocrx_word' id='word_1_34' title='bbox 361 358 509 405; x_wconf 84' lang='lat' dir='ltr'>gatum</span> <span class='ocrx_word' id='word_1_35' title='bbox 537 348 581 389; x_wconf 90' lang='lat' dir='ltr'>in</span> <span class='ocrx_word' id='word_1_36' title='bbox 604 348 812 404; x_wconf 84' lang='lat' dir='ltr'>Hispania</span> <span class='ocrx_word' id='word_1_37' title='bbox 831 356 952 397; x_wconf 88' lang='lat' dir='ltr'>esset,</span> <span class='ocrx_word' id='word_1_38' title='bbox 975 356 1122 388; x_wconf 89' lang='lat' dir='ltr'>senatu</span> <span class='ocrx_word' id='word_1_39' title='bbox 1145 347 1309 396; x_wconf 89' lang='lat' dir='ltr'>edocto,</span> <span class='ocrx_word' id='word_1_40' title='bbox 1331 345 1596 402; x_wconf 86' lang='lat' dir='ltr'>postularunt</span> <span class='ocrx_word' id='word_1_41' title='bbox 1623 344 1760 393; x_wconf 89' lang='lat' dir='ltr'>simul,</span> 
     </span>
     <span class='ocr_line' id='line_1_11' title="bbox 362 403 1763 463; baseline -0.004 -16"><span class='ocrx_word' id='word_1_42' title='bbox 362 416 410 448; x_wconf 87' lang='lat' dir='ltr'>ut</span> <span class='ocrx_word' id='word_1_43' title='bbox 431 422 507 463; x_wconf 89' lang='lat' dir='ltr'>pro</span> <span class='ocrx_word' id='word_1_44' title='bbox 529 407 653 447; x_wconf 87' lang='lat' dir='ltr'>rebus</span> <span class='ocrx_word' id='word_1_45' title='bbox 676 414 759 447; x_wconf 87' lang='lat' dir='ltr'>tam</span> <span class='ocrx_word' id='word_1_46' title='bbox 783 421 978 462; x_wconf 83' lang='lat' dir='ltr'>prospere</span> <span class='ocrx_word' id='word_1_47' title='bbox 1010 405 1136 461; x_wconf 82' lang='lat' dir='ltr'>gestis</span> <span class='ocrx_word' id='word_1_48' title='bbox 1158 405 1237 446; x_wconf 87' lang='lat' dir='ltr'>diis</span> <span class='ocrx_word' id='word_1_49' title='bbox 1262 403 1566 445; x_wconf 79' lang='lat' dir='ltr'>immortalibus</span> <span class='ocrx_word' id='word_1_50' title='bbox 1587 403 1763 443; x_wconf 89' lang='lat' dir='ltr'>habere-</span> 
     </span>
     <span class='ocr_line' id='line_1_12' title="bbox 364 459 1760 519; baseline -0.004 -14"><span class='ocrx_word' id='word_1_51' title='bbox 364 473 432 505; x_wconf 88' lang='lat' dir='ltr'>tur</span> <span class='ocrx_word' id='word_1_52' title='bbox 463 464 609 513; x_wconf 80' lang='lat' dir='ltr'>honos,</span> <span class='ocrx_word' id='word_1_53' title='bbox 643 472 686 505; x_wconf 87' lang='lat' dir='ltr'>et</span> <span class='ocrx_word' id='word_1_54' title='bbox 717 472 763 504; x_wconf 87' lang='lat' dir='ltr'>ut</span> <span class='ocrx_word' id='word_1_55' title='bbox 794 463 1053 519; x_wconf 86' lang='lat' dir='ltr'>praetoribus</span> <span class='ocrx_word' id='word_1_56' title='bbox 1084 463 1315 504; x_wconf 81' lang='lat' dir='ltr'>exercitum</span> <span class='ocrx_word' id='word_1_57' title='bbox 1348 461 1567 517; x_wconf 88' lang='lat' dir='ltr'>deportare</span> <span class='ocrx_word' id='word_1_58' title='bbox 1604 459 1760 500; x_wconf 87' lang='lat' dir='ltr'>liceret.</span> 
     </span>
     <span class='ocr_line' id='line_1_13' title="bbox 366 517 1764 578; baseline -0.004 -15"><span class='ocrx_word' id='word_1_59' title='bbox 366 522 628 578; x_wconf 83' lang='lat' dir='ltr'>Supplicatio</span> <span class='ocrx_word' id='word_1_60' title='bbox 659 522 704 562; x_wconf 92' lang='lat' dir='ltr'>in</span> <span class='ocrx_word' id='word_1_61' title='bbox 734 521 911 562; x_wconf 84' lang='lat' dir='ltr'><strong>biduum</strong></span> <span class='ocrx_word' id='word_1_62' title='bbox 934 521 1103 562; x_wconf 86' lang='lat' dir='ltr'>decreta</span> <span class='ocrx_word' id='word_1_63' title='bbox 1124 529 1197 561; x_wconf 87' lang='lat' dir='ltr'>est.</span> <span class='ocrx_word' id='word_1_64' title='bbox 1260 520 1328 560; x_wconf 92' lang='lat' dir='ltr'>De</span> <span class='ocrx_word' id='word_1_65' title='bbox 1355 519 1590 574; x_wconf 78' lang='lat' dir='ltr'>legionibus</span> <span class='ocrx_word' id='word_1_66' title='bbox 1611 517 1764 573; x_wconf 87' lang='lat' dir='ltr'>depor-</span> 
     </span>
     <span class='ocr_line' id='line_1_14' title="bbox 364 576 1764 635; baseline -0.004 -15"><span class='ocrx_word' id='word_1_67' title='bbox 364 579 515 629; x_wconf 78' lang='lat' dir='ltr'>tandis,</span> <span class='ocrx_word' id='word_1_68' title='bbox 531 595 664 635; x_wconf 90' lang='lat' dir='ltr'>quum</span> <span class='ocrx_word' id='word_1_69' title='bbox 681 579 733 620; x_wconf 90' lang='lat' dir='ltr'>de</span> <span class='ocrx_word' id='word_1_70' title='bbox 756 578 974 620; x_wconf 89' lang='lat' dir='ltr'>consulum</span> <span class='ocrx_word' id='word_1_71' title='bbox 997 587 1322 634; x_wconf 87' lang='lat' dir='ltr'>praetorumque</span> <span class='ocrx_word' id='word_1_72' title='bbox 1344 576 1598 617; x_wconf 79' lang='lat' dir='ltr'>exercitibus</span> <span class='ocrx_word' id='word_1_73' title='bbox 1620 589 1764 631; x_wconf 89' lang='lat' dir='ltr'>agere-</span> 
     </span>
     <span class='ocr_line' id='line_1_15' title="bbox 363 633 1765 692; baseline -0.004 -14"><span class='ocrx_word' id='word_1_74' title='bbox 363 646 444 687; x_wconf 91' lang='lat' dir='ltr'>tur,</span> <span class='ocrx_word' id='word_1_75' title='bbox 467 652 554 678; x_wconf 90' lang='lat' dir='ltr'>rem</span> <span class='ocrx_word' id='word_1_76' title='bbox 578 637 782 692; x_wconf 82' lang='lat' dir='ltr'>integram</span> <span class='ocrx_word' id='word_1_77' title='bbox 805 636 948 677; x_wconf 88' lang='lat' dir='ltr'>referri</span> <span class='ocrx_word' id='word_1_78' title='bbox 970 636 1192 676; x_wconf 85' lang='lat' dir='ltr'>iusserunt.</span> <span class='ocrx_word' id='word_1_79' title='bbox 1256 634 1418 675; x_wconf 86' lang='lat' dir='ltr'>Paucos</span> <span class='ocrx_word' id='word_1_80' title='bbox 1438 642 1533 690; x_wconf 89' lang='lat' dir='ltr'>post</span> <span class='ocrx_word' id='word_1_81' title='bbox 1553 633 1643 674; x_wconf 84' lang='lat' dir='ltr'>dies</span> <span class='ocrx_word' id='word_1_82' title='bbox 1664 647 1765 673; x_wconf 92' lang='lat' dir='ltr'>con—</span> 
     </span>
     <span class='ocr_line' id='line_1_16' title="bbox 363 690 1765 750; baseline -0.003 -15"><span class='ocrx_word' id='word_1_83' title='bbox 363 694 523 735; x_wconf 88' lang='lat' dir='ltr'>sulibus</span> <span class='ocrx_word' id='word_1_84' title='bbox 560 695 603 734; x_wconf 92' lang='lat' dir='ltr'>in</span> <span class='ocrx_word' id='word_1_85' title='bbox 642 694 821 750; x_wconf 80' lang='lat' dir='ltr'>Ligures</span> <span class='ocrx_word' id='word_1_86' title='bbox 853 693 976 734; x_wconf 85' lang='lat' dir='ltr'>binae</span> <span class='ocrx_word' id='word_1_87' title='bbox 1010 693 1210 748; x_wconf 82' lang='lat' dir='ltr'>legiones,</span> <span class='ocrx_word' id='word_1_88' title='bbox 1244 707 1346 748; x_wconf 88' lang='lat' dir='ltr'>quas</span> <span class='ocrx_word' id='word_1_89' title='bbox 1379 691 1461 746; x_wconf 90' lang='lat' dir='ltr'>Ap.</span> <span class='ocrx_word' id='word_1_90' title='bbox 1484 690 1689 732; x_wconf 87' lang='lat' dir='ltr'>Claudius</span> <span class='ocrx_word' id='word_1_91' title='bbox 1722 698 1765 731; x_wconf 87' lang='lat' dir='ltr'>et</span> 
     </span>
     <span class='ocr_line' id='line_1_17' title="bbox 365 748 1765 808; baseline -0.003 -16"><span class='ocrx_word' id='word_1_92' title='bbox 365 751 427 793; x_wconf 91' lang='lat' dir='ltr'>M.</span> <span class='ocrx_word' id='word_1_93' title='bbox 448 751 722 808; x_wconf 83' lang='lat' dir='ltr'>Sempronius</span> <span class='ocrx_word' id='word_1_94' title='bbox 753 751 998 800; x_wconf 83' lang='lat' dir='ltr'>habuerant,</span> <span class='ocrx_word' id='word_1_95' title='bbox 1022 750 1214 791; x_wconf 85' lang='lat' dir='ltr'>decretae</span> <span class='ocrx_word' id='word_1_96' title='bbox 1240 758 1349 790; x_wconf 90' lang='lat' dir='ltr'>sunt.</span> <span class='ocrx_word' id='word_1_97' title='bbox 1412 749 1481 789; x_wconf 92' lang='lat' dir='ltr'>De</span> <span class='ocrx_word' id='word_1_98' title='bbox 1511 748 1765 790; x_wconf 80' lang='lat' dir='ltr'>exercitibus</span> 
     </span>
     <span class='ocr_line' id='line_1_18' title="bbox 365 807 1765 866; baseline -0.003 -16"><span class='ocrx_word' id='word_1_99' title='bbox 365 809 720 866; x_wconf 84' lang='lat' dir='ltr'>Hispaniensibus</span> <span class='ocrx_word' id='word_1_100' title='bbox 748 824 902 865; x_wconf 87' lang='lat' dir='ltr'>magna</span> <span class='ocrx_word' id='word_1_101' title='bbox 923 808 1139 849; x_wconf 87' lang='lat' dir='ltr'>contentio</span> <span class='ocrx_word' id='word_1_102' title='bbox 1160 807 1240 848; x_wconf 88' lang='lat' dir='ltr'>fuit</span> <span class='ocrx_word' id='word_1_103' title='bbox 1261 807 1371 848; x_wconf 87' lang='lat' dir='ltr'>inter</span> <span class='ocrx_word' id='word_1_104' title='bbox 1392 821 1523 848; x_wconf 90' lang='lat' dir='ltr'>novos</span> <span class='ocrx_word' id='word_1_105' title='bbox 1554 814 1765 862; x_wconf 87' lang='lat' dir='ltr'>praetores</span> 
     </span>
     <span class='ocr_line' id='line_1_19' title="bbox 364 863 1796 922; baseline -0.003 -14"><span class='ocrx_word' id='word_1_106' title='bbox 364 876 407 908; x_wconf 93' lang='lat' dir='ltr'>et</span> <span class='ocrx_word' id='word_1_107' title='bbox 447 868 603 908; x_wconf 88' lang='lat' dir='ltr'>amicos</span> <span class='ocrx_word' id='word_1_108' title='bbox 644 866 894 916; x_wconf 85' lang='lat' dir='ltr'>absentium,</span> <span class='ocrx_word' id='word_1_109' title='bbox 941 865 1164 922; x_wconf 88' lang='lat' dir='ltr'>Calpurnii</span> <span class='ocrx_word' id='word_1_110' title='bbox 1205 865 1496 920; x_wconf 76' lang='lat' dir='ltr'>Quinctiique.</span> <span class='ocrx_word' id='word_1_111' title='bbox 1572 863 1763 918; x_wconf 87' lang='lat' dir='ltr'>Utraque</span> <span class='ocrx_word' id='word_1_112' title='bbox 1780 875 1796 908; x_wconf 92' lang='lat'><strong>7</strong></span> 
     </span>
     <span class='ocr_line' id='line_1_20' title="bbox 363 920 1797 980; baseline -0.004 -14"><span class='ocrx_word' id='word_1_113' title='bbox 363 940 488 966; x_wconf 84' lang='lat' dir='ltr'>causa</span> <span class='ocrx_word' id='word_1_114' title='bbox 523 925 712 966; x_wconf 90' lang='lat' dir='ltr'>tribunos</span> <span class='ocrx_word' id='word_1_115' title='bbox 745 924 892 980; x_wconf 90' lang='lat' dir='ltr'>plebis,</span> <span class='ocrx_word' id='word_1_116' title='bbox 924 931 1103 980; x_wconf 88' lang='lat' dir='ltr'>utraque</span> <span class='ocrx_word' id='word_1_117' title='bbox 1135 922 1326 964; x_wconf 85' lang='lat' dir='ltr'>consules</span> <span class='ocrx_word' id='word_1_118' title='bbox 1361 922 1551 963; x_wconf 89' lang='lat' dir='ltr'>habebat.</span> <span class='ocrx_word' id='word_1_119' title='bbox 1616 920 1689 970; x_wconf 93' lang='lat' dir='ltr'>Hi,</span> <span class='ocrx_word' id='word_1_120' title='bbox 1721 929 1797 961; x_wconf 87' lang='lat' dir='ltr'>se8</span> 
     </span>
     <span class='ocr_line' id='line_1_21' title="bbox 363 980 1767 1037; baseline -0.002 -16"><span class='ocrx_word' id='word_1_121' title='bbox 363 982 663 1024; x_wconf 87' lang='lat' dir='ltr'>intercessuros</span> <span class='ocrx_word' id='word_1_122' title='bbox 689 981 1064 1031; x_wconf 88' lang='lat' dir='ltr'>senatusconsulto,</span> <span class='ocrx_word' id='word_1_123' title='bbox 1087 981 1121 1022; x_wconf 87' lang='lat' dir='ltr'>si</span> <span class='ocrx_word' id='word_1_124' title='bbox 1146 980 1428 1037; x_wconf 84' lang='lat' dir='ltr'>deportandos</span> <span class='ocrx_word' id='word_1_125' title='bbox 1449 987 1671 1021; x_wconf 84' lang='lat' dir='ltr'>censerent</span> <span class='ocrx_word' id='word_1_126' title='bbox 1692 993 1767 1019; x_wconf 88' lang='lat' dir='ltr'>ex-</span> 
     </span>
     <span class='ocr_line' id='line_1_22' title="bbox 364 1035 1766 1090; baseline -0.004 -9"><span class='ocrx_word' id='word_1_127' title='bbox 364 1041 531 1090; x_wconf 88' lang='lat' dir='ltr'>ercitus,</span> <span class='ocrx_word' id='word_1_128' title='bbox 564 1040 897 1089; x_wconf 81' lang='lat' dir='ltr'>denuntiabant3</span> <span class='ocrx_word' id='word_1_129' title='bbox 930 1039 1004 1089; x_wconf 89' lang='lat' dir='ltr'>illi,</span> <span class='ocrx_word' id='word_1_130' title='bbox 1035 1039 1068 1080; x_wconf 92' lang='lat' dir='ltr'>si</span> <span class='ocrx_word' id='word_1_131' title='bbox 1099 1039 1205 1080; x_wconf 89' lang='lat' dir='ltr'>haec</span> <span class='ocrx_word' id='word_1_132' title='bbox 1236 1037 1478 1079; x_wconf 86' lang='lat' dir='ltr'>intercessio</span> <span class='ocrx_word' id='word_1_133' title='bbox 1508 1037 1640 1085; x_wconf 88' lang='lat' dir='ltr'>fieret,</span> <span class='ocrx_word' id='word_1_134' title='bbox 1670 1035 1766 1077; x_wconf 93' lang='lat' dir='ltr'>nul-</span> 
     </span>
     <span class='ocr_line' id='line_1_23' title="bbox 363 1094 1766 1153; baseline -0.002 -15"><span class='ocrx_word' id='word_1_135' title='bbox 363 1097 446 1138; x_wconf 87' lang='lat' dir='ltr'>lam</span> <span class='ocrx_word' id='word_1_136' title='bbox 469 1113 557 1139; x_wconf 87' lang='lat' dir='ltr'>rem</span> <span class='ocrx_word' id='word_1_137' title='bbox 579 1098 702 1138; x_wconf 90' lang='lat' dir='ltr'>aliam</span> <span class='ocrx_word' id='word_1_138' title='bbox 724 1113 766 1139; x_wconf 92' lang='lat' dir='ltr'>se</span> <span class='ocrx_word' id='word_1_139' title='bbox 789 1097 961 1138; x_wconf 84' lang='lat' dir='ltr'>decerni</span> <span class='ocrx_word' id='word_1_140' title='bbox 982 1112 1184 1153; x_wconf 85' lang='lat' dir='ltr'>passuros.</span> <span class='ocrx_word' id='word_1_141' title='bbox 1240 1096 1365 1137; x_wconf 90' lang='lat' dir='ltr'>Victa</span> <span class='ocrx_word' id='word_1_142' title='bbox 1386 1105 1596 1152; x_wconf 85' lang='lat' dir='ltr'>postremo</span> <span class='ocrx_word' id='word_1_143' title='bbox 1617 1094 1766 1135; x_wconf 88' lang='lat' dir='ltr'>absen-</span> 
     </span>
     <span class='ocr_line' id='line_1_24' title="bbox 364 1153 1766 1211; baseline -0.003 -15"><span class='ocrx_word' id='word_1_144' title='bbox 364 1156 471 1196; x_wconf 85' lang='lat' dir='ltr'>tium</span> <span class='ocrx_word' id='word_1_145' title='bbox 502 1155 636 1211; x_wconf 84' lang='lat' dir='ltr'>gratia</span> <span class='ocrx_word' id='word_1_146' title='bbox 657 1163 731 1205; x_wconf 83' lang='lat' dir='ltr'>est,</span> <span class='ocrx_word' id='word_1_147' title='bbox 754 1163 797 1196; x_wconf 89' lang='lat' dir='ltr'>et</span> <span class='ocrx_word' id='word_1_148' title='bbox 818 1154 1226 1196; x_wconf 88' lang='lat' dir='ltr'>senatusconsultum</span> <span class='ocrx_word' id='word_1_149' title='bbox 1249 1154 1419 1203; x_wconf 83' lang='lat' dir='ltr'>factum,</span> <span class='ocrx_word' id='word_1_150' title='bbox 1444 1159 1455 1177; x_wconf 89' lang='lat'>‘</span> <span class='ocrx_word' id='word_1_151' title='bbox 1473 1153 1535 1194; x_wconf 94' lang='lat' dir='ltr'>Ut</span> <span class='ocrx_word' id='word_1_152' title='bbox 1555 1160 1766 1209; x_wconf 86' lang='lat' dir='ltr'>praetores</span> 
     </span>
     <span class='ocr_line' id='line_1_25' title="bbox 365 1209 1767 1269; baseline -0.004 -15"><span class='ocrx_word' id='word_1_153' title='bbox 365 1219 376 1236; x_wconf 89' lang='lat'>‘</span> <span class='ocrx_word' id='word_1_154' title='bbox 393 1222 594 1269; x_wconf 88' lang='lat' dir='ltr'>quattuor</span> <span class='ocrx_word' id='word_1_155' title='bbox 621 1213 753 1254; x_wconf 90' lang='lat' dir='ltr'>millia</span> <span class='ocrx_word' id='word_1_156' title='bbox 773 1213 965 1269; x_wconf 90' lang='lat' dir='ltr'>peditum</span> <span class='ocrx_word' id='word_1_157' title='bbox 989 1212 1280 1253; x_wconf 85' lang='lat' dir='ltr'>Romanorum</span> <span class='ocrx_word' id='word_1_158' title='bbox 1302 1211 1542 1260; x_wconf 84' lang='lat' dir='ltr'>scriberent,</span> <span class='ocrx_word' id='word_1_159' title='bbox 1566 1209 1767 1266; x_wconf 86' lang='lat' dir='ltr'>quadrin-</span> 
     </span>
     <span class='ocr_line' id='line_1_26' title="bbox 365 1267 1766 1327; baseline -0.004 -15"><span class='ocrx_word' id='word_1_160' title='bbox 365 1277 376 1294; x_wconf 88' lang='lat'>‘</span> <span class='ocrx_word' id='word_1_161' title='bbox 392 1280 541 1327; x_wconf 84' lang='lat' dir='ltr'>gentos</span> <span class='ocrx_word' id='word_1_162' title='bbox 563 1271 740 1327; x_wconf 85' lang='lat' dir='ltr'>equites,</span> <span class='ocrx_word' id='word_1_163' title='bbox 761 1280 803 1311; x_wconf 91' lang='lat' dir='ltr'>et</span> <span class='ocrx_word' id='word_1_164' title='bbox 819 1271 1008 1326; x_wconf 89' lang='lat' dir='ltr'>quinque</span> <span class='ocrx_word' id='word_1_165' title='bbox 1031 1270 1162 1310; x_wconf 79' lang='lat' dir='ltr'>millia</span> <span class='ocrx_word' id='word_1_166' title='bbox 1183 1270 1389 1311; x_wconf 88' lang='lat' dir='ltr'>sociorum</span> <span class='ocrx_word' id='word_1_167' title='bbox 1411 1269 1604 1325; x_wconf 88' lang='lat' dir='ltr'>peditum</span> <span class='ocrx_word' id='word_1_168' title='bbox 1622 1267 1766 1308; x_wconf 86' lang='lat' dir='ltr'>Latini</span> 
     </span>
     <span class='ocr_line' id='line_1_27' title="bbox 365 1325 1765 1384; baseline -0.003 -15"><span class='ocrx_word' id='word_1_169' title='bbox 365 1329 589 1379; x_wconf 82' lang='lat' dir='ltr'>‘nominis,</span> <span class='ocrx_word' id='word_1_170' title='bbox 622 1329 878 1384; x_wconf 86' lang='lat' dir='ltr'>quingentos</span> <span class='ocrx_word' id='word_1_171' title='bbox 912 1328 1088 1384; x_wconf 90' lang='lat' dir='ltr'>equites,</span> <span class='ocrx_word' id='word_1_172' title='bbox 1122 1343 1227 1383; x_wconf 88' lang='lat' dir='ltr'>quos</span> <span class='ocrx_word' id='word_1_173' title='bbox 1260 1342 1402 1368; x_wconf 87' lang='lat' dir='ltr'>secum</span> <span class='ocrx_word' id='word_1_174' title='bbox 1437 1326 1481 1366; x_wconf 92' lang='lat' dir='ltr'>in</span> <span class='ocrx_word' id='word_1_175' title='bbox 1514 1325 1765 1381; x_wconf 87' lang='lat' dir='ltr'>Hispaniam</span> 
     </span>
     <span class='ocr_line' id='line_1_28' title="bbox 366 1383 1798 1442; baseline -0.003 -15"><span class='ocrx_word' id='word_1_176' title='bbox 366 1391 620 1442; x_wconf 85' lang='lat' dir='ltr'>‘portarent.</span> <span class='ocrx_word' id='word_1_177' title='bbox 695 1385 839 1434; x_wconf 81' lang='lat' dir='ltr'>Quum</span> <span class='ocrx_word' id='word_1_178' title='bbox 878 1401 946 1426; x_wconf 88' lang='lat' dir='ltr'>eas</span> <span class='ocrx_word' id='word_1_179' title='bbox 983 1385 1169 1440; x_wconf 83' lang='lat' dir='ltr'>legiones</span> <span class='ocrx_word' id='word_1_180' title='bbox 1203 1393 1403 1440; x_wconf 87' lang='lat' dir='ltr'>quattuor</span> <span class='ocrx_word' id='word_1_181' title='bbox 1435 1383 1798 1439; x_wconf 85' lang='lat' dir='ltr'>descripsissent,9</span> 
     </span>
     <span class='ocr_line' id='line_1_29' title="bbox 365 1439 1766 1500; baseline -0.003 -16"><span class='ocrx_word' id='word_1_182' title='bbox 365 1449 377 1467; x_wconf 87' lang='lat'>‘</span> <span class='ocrx_word' id='word_1_183' title='bbox 393 1444 508 1500; x_wconf 85' lang='lat' dir='ltr'>quod</span> <span class='ocrx_word' id='word_1_184' title='bbox 530 1443 636 1499; x_wconf 88' lang='lat' dir='ltr'>plus,</span> <span class='ocrx_word' id='word_1_185' title='bbox 660 1459 787 1500; x_wconf 89' lang='lat' dir='ltr'>quam</span> <span class='ocrx_word' id='word_1_186' title='bbox 809 1443 940 1499; x_wconf 88' lang='lat' dir='ltr'>quina</span> <span class='ocrx_word' id='word_1_187' title='bbox 961 1443 1090 1484; x_wconf 87' lang='lat' dir='ltr'>millia</span> <span class='ocrx_word' id='word_1_188' title='bbox 1113 1442 1317 1498; x_wconf 87' lang='lat' dir='ltr'>peditum,</span> <span class='ocrx_word' id='word_1_189' title='bbox 1341 1441 1499 1483; x_wconf 90' lang='lat' dir='ltr'>treceni</span> <span class='ocrx_word' id='word_1_190' title='bbox 1522 1440 1697 1496; x_wconf 88' lang='lat' dir='ltr'>equites,</span> <span class='ocrx_word' id='word_1_191' title='bbox 1721 1439 1766 1480; x_wconf 92' lang='lat' dir='ltr'>in</span> 
     </span>
     <span class='ocr_line' id='line_1_30' title="bbox 365 1497 1765 1557; baseline -0.004 -15"><span class='ocrx_word' id='word_1_192' title='bbox 365 1501 568 1557; x_wconf 86' lang='lat' dir='ltr'>‘singulis</span> <span class='ocrx_word' id='word_1_193' title='bbox 600 1501 837 1556; x_wconf 79' lang='lat' dir='ltr'>legionibus</span> <span class='ocrx_word' id='word_1_194' title='bbox 874 1509 995 1550; x_wconf 89' lang='lat' dir='ltr'>esset,</span> <span class='ocrx_word' id='word_1_195' title='bbox 1028 1500 1311 1542; x_wconf 86' lang='lat' dir='ltr'>dimitterent:</span> <span class='ocrx_word' id='word_1_196' title='bbox 1355 1514 1425 1540; x_wconf 90' lang='lat' dir='ltr'>eos</span> <span class='ocrx_word' id='word_1_197' title='bbox 1460 1498 1658 1554; x_wconf 89' lang='lat' dir='ltr'>primum,</span> <span class='ocrx_word' id='word_1_198' title='bbox 1691 1497 1765 1553; x_wconf 88' lang='lat' dir='ltr'>qui</span> 
     </span>
     <span class='ocr_line' id='line_1_31' title="bbox 366 1554 1764 1614; baseline -0.003 -14"><span class='ocrx_word' id='word_1_199' title='bbox 366 1560 569 1600; x_wconf 79' lang='lat' dir='ltr'>‘emerita</span> <span class='ocrx_word' id='word_1_200' title='bbox 605 1559 814 1614; x_wconf 88' lang='lat' dir='ltr'>stipendia</span> <span class='ocrx_word' id='word_1_201' title='bbox 849 1558 1076 1606; x_wconf 81' lang='lat' dir='ltr'>haberent3</span> <span class='ocrx_word' id='word_1_202' title='bbox 1110 1557 1278 1607; x_wconf 89' lang='lat' dir='ltr'>deinde,</span> <span class='ocrx_word' id='word_1_203' title='bbox 1312 1565 1359 1598; x_wconf 82' lang='lat' dir='ltr'>ut</span> <span class='ocrx_word' id='word_1_204' title='bbox 1391 1556 1594 1611; x_wconf 88' lang='lat' dir='ltr'>cuiusque</span> <span class='ocrx_word' id='word_1_205' title='bbox 1628 1554 1764 1596; x_wconf 88' lang='lat' dir='ltr'>fortis-</span> 
     </span>
     <span class='ocr_line' id='line_1_32' title="bbox 367 1612 1767 1672; baseline -0.004 -15"><span class='ocrx_word' id='word_1_206' title='bbox 367 1617 500 1657; x_wconf 87' lang='lat' dir='ltr'>‘sima</span> <span class='ocrx_word' id='word_1_207' title='bbox 535 1631 662 1672; x_wconf 89' lang='lat' dir='ltr'>opera</span> <span class='ocrx_word' id='word_1_208' title='bbox 695 1615 952 1672; x_wconf 84' lang='lat' dir='ltr'>Calpurnius</span> <span class='ocrx_word' id='word_1_209' title='bbox 985 1624 1027 1656; x_wconf 85' lang='lat' dir='ltr'>et</span> <span class='ocrx_word' id='word_1_210' title='bbox 1064 1615 1292 1663; x_wconf 77' lang='lat' dir='ltr'>Quinctius</span> <span class='ocrx_word' id='word_1_211' title='bbox 1324 1614 1369 1655; x_wconf 91' lang='lat' dir='ltr'>in</span> <span class='ocrx_word' id='word_1_212' title='bbox 1405 1613 1566 1669; x_wconf 88' lang='lat' dir='ltr'>proelio</span> <span class='ocrx_word' id='word_1_213' title='bbox 1602 1612 1666 1653; x_wconf 90' lang='lat' dir='ltr'>usi</span> <span class='ocrx_word' id='word_1_214' title='bbox 1702 1627 1767 1653; x_wconf 91' lang='lat' dir='ltr'>es-</span> 
     </span>
     <span class='ocr_line' id='line_1_33' title="bbox 369 1674 516 1715; baseline -0.007 0"><span class='ocrx_word' id='word_1_215' title='bbox 369 1679 380 1698; x_wconf 78' lang='lat'><strong><em>⁶</em></strong></span> <span class='ocrx_word' id='word_1_216' title='bbox 397 1674 516 1715; x_wconf 88' lang='lat' dir='ltr'>sent.’</span> 
     </span>
    </p>

    <p class='ocr_par' dir='ltr' id='par_1_6' title="bbox 366 1728 1795 2191">
     <span class='ocr_line' id='line_1_34' title="bbox 428 1728 1767 1784; baseline -0.003 -12"><span class='ocrx_word' id='word_1_217' title='bbox 428 1731 523 1772; x_wconf 91' lang='lat' dir='ltr'>Hac</span> <span class='ocrx_word' id='word_1_218' title='bbox 554 1731 699 1772; x_wconf 86' lang='lat' dir='ltr'>sedata</span> <span class='ocrx_word' id='word_1_219' title='bbox 730 1730 1013 1779; x_wconf 89' lang='lat' dir='ltr'>contentione,</span> <span class='ocrx_word' id='word_1_220' title='bbox 1046 1730 1126 1771; x_wconf 86' lang='lat' dir='ltr'>alia</span> <span class='ocrx_word' id='word_1_221' title='bbox 1156 1729 1336 1771; x_wconf 89' lang='lat' dir='ltr'>subinde</span> <span class='ocrx_word' id='word_1_222' title='bbox 1361 1728 1411 1770; x_wconf 86' lang='lat' dir='ltr'>C.</span> <span class='ocrx_word' id='word_1_223' title='bbox 1432 1728 1617 1770; x_wconf 89' lang='lat' dir='ltr'>Decimii</span> <span class='ocrx_word' id='word_1_224' title='bbox 1647 1743 1767 1784; x_wconf 88' lang='lat' dir='ltr'>prae-</span> 
     </span>
     <span class='ocr_line' id='line_1_35' title="bbox 370 1786 1766 1842; baseline -0.003 -12"><span class='ocrx_word' id='word_1_225' title='bbox 370 1789 470 1830; x_wconf 91' lang='lat' dir='ltr'>toris</span> <span class='ocrx_word' id='word_1_226' title='bbox 497 1798 631 1830; x_wconf 89' lang='lat' dir='ltr'>morte</span> <span class='ocrx_word' id='word_1_227' title='bbox 660 1797 807 1830; x_wconf 80' lang='lat' dir='ltr'>exorta</span> <span class='ocrx_word' id='word_1_228' title='bbox 831 1796 904 1828; x_wconf 90' lang='lat' dir='ltr'>est.</span> <span class='ocrx_word' id='word_1_229' title='bbox 971 1787 1052 1828; x_wconf 89' lang='lat' dir='ltr'>Cn.</span> <span class='ocrx_word' id='word_1_230' title='bbox 1073 1788 1253 1828; x_wconf 80' lang='lat' dir='ltr'>Sicinius</span> <span class='ocrx_word' id='word_1_231' title='bbox 1274 1795 1317 1828; x_wconf 89' lang='lat' dir='ltr'>et</span> <span class='ocrx_word' id='word_1_232' title='bbox 1339 1787 1388 1827; x_wconf 93' lang='lat' dir='ltr'>L.</span> <span class='ocrx_word' id='word_1_233' title='bbox 1405 1786 1578 1842; x_wconf 88' lang='lat' dir='ltr'>Pupius,</span> <span class='ocrx_word' id='word_1_234' title='bbox 1602 1786 1675 1841; x_wconf 93' lang='lat' dir='ltr'>qui</span> <span class='ocrx_word' id='word_1_235' title='bbox 1697 1800 1766 1826; x_wconf 89' lang='lat' dir='ltr'>ae-</span> 
     </span>
     <span class='ocr_line' id='line_1_36' title="bbox 369 1842 1767 1902; baseline -0.002 -15"><span class='ocrx_word' id='word_1_236' title='bbox 369 1847 474 1888; x_wconf 88' lang='lat' dir='ltr'>diles</span> <span class='ocrx_word' id='word_1_237' title='bbox 495 1846 689 1902; x_wconf 86' lang='lat' dir='ltr'>proximo</span> <span class='ocrx_word' id='word_1_238' title='bbox 710 1861 821 1886; x_wconf 87' lang='lat' dir='ltr'>anno</span> <span class='ocrx_word' id='word_1_239' title='bbox 842 1845 1020 1894; x_wconf 86' lang='lat' dir='ltr'>fuerant,</span> <span class='ocrx_word' id='word_1_240' title='bbox 1043 1854 1085 1886; x_wconf 84' lang='lat' dir='ltr'>et</span> <span class='ocrx_word' id='word_1_241' title='bbox 1108 1844 1158 1886; x_wconf 87' lang='lat' dir='ltr'>C.</span> <span class='ocrx_word' id='word_1_242' title='bbox 1175 1844 1369 1885; x_wconf 90' lang='lat' dir='ltr'>Valerius</span> <span class='ocrx_word' id='word_1_243' title='bbox 1390 1845 1544 1884; x_wconf 89' lang='lat' dir='ltr'>flamen</span> <span class='ocrx_word' id='word_1_244' title='bbox 1566 1842 1701 1884; x_wconf 89' lang='lat' dir='ltr'>Dialis</span> <span class='ocrx_word' id='word_1_245' title='bbox 1723 1852 1767 1884; x_wconf 85' lang='lat' dir='ltr'>et</span> 
     </span>
     <span class='ocr_line' id='line_1_37' title="bbox 372 1901 1764 1958; baseline -0.003 -13"><span class='ocrx_word' id='word_1_246' title='bbox 372 1904 425 1953; x_wconf 80' lang='lat' dir='ltr'>Q.</span> <span class='ocrx_word' id='word_1_247' title='bbox 443 1904 615 1945; x_wconf 85' lang='lat' dir='ltr'>Fulvius</span> <span class='ocrx_word' id='word_1_248' title='bbox 637 1903 809 1944; x_wconf 86' lang='lat' dir='ltr'>Flaccus</span> <span class='ocrx_word' id='word_1_249' title='bbox 830 1903 846 1955; x_wconf 81' lang='grc'><em>&lt;</em></span> <span class='ocrx_word' id='word_1_250' title='bbox 852 1903 898 1952; x_wconf 92' lang='lat' dir='ltr'>is,</span> <span class='ocrx_word' id='word_1_251' title='bbox 922 1902 1021 1958; x_wconf 88' lang='lat' dir='ltr'>quia</span> <span class='ocrx_word' id='word_1_252' title='bbox 1049 1902 1195 1944; x_wconf 86' lang='lat' dir='ltr'>aedilis</span> <span class='ocrx_word' id='word_1_253' title='bbox 1220 1902 1375 1943; x_wconf 92' lang='lat' dir='ltr'>curulis</span> <span class='ocrx_word' id='word_1_254' title='bbox 1400 1901 1641 1957; x_wconf 86' lang='lat' dir='ltr'>designatus</span> <span class='ocrx_word' id='word_1_255' title='bbox 1662 1908 1764 1950; x_wconf 87' lang='lat' dir='ltr'>erat,</span> 
     </span>
     <span class='ocr_line' id='line_1_38' title="bbox 367 1958 1767 2017; baseline -0.003 -14"><span class='ocrx_word' id='word_1_256' title='bbox 367 1962 456 2003; x_wconf 90' lang='lat' dir='ltr'>sine</span> <span class='ocrx_word' id='word_1_257' title='bbox 489 1970 586 2017; x_wconf 85' lang='lat' dir='ltr'>toga</span> <span class='ocrx_word' id='word_1_258' title='bbox 616 1960 809 2010; x_wconf 87' lang='lat' dir='ltr'>eandida,</span> <span class='ocrx_word' id='word_1_259' title='bbox 842 1960 915 2001; x_wconf 86' lang='lat' dir='ltr'>sed</span> <span class='ocrx_word' id='word_1_260' title='bbox 947 1960 1130 2001; x_wconf 82' lang='lat' dir='ltr'>maxima</span> <span class='ocrx_word' id='word_1_261' title='bbox 1165 1975 1217 2001; x_wconf 84' lang='lat' dir='ltr'>ex</span> <span class='ocrx_word' id='word_1_262' title='bbox 1249 1960 1443 2000; x_wconf 88' lang='lat' dir='ltr'>omnibus</span> <span class='ocrx_word' id='word_1_263' title='bbox 1475 1958 1767 2013; x_wconf 77' lang='lat' dir='ltr'>contentione)</span> 
     </span>
     <span class='ocr_line' id='line_1_39' title="bbox 366 2016 1795 2076; baseline -0.002 -16"><span class='ocrx_word' id='word_1_264' title='bbox 366 2020 589 2076; x_wconf 88' lang='lat' dir='ltr'>petebant:</span> <span class='ocrx_word' id='word_1_265' title='bbox 626 2029 923 2073; x_wconf 86' lang='lat' dir='ltr'>certamenque</span> <span class='ocrx_word' id='word_1_266' title='bbox 946 2018 984 2058; x_wconf 91' lang='lat' dir='ltr'>ei</span> <span class='ocrx_word' id='word_1_267' title='bbox 1006 2033 1102 2059; x_wconf 92' lang='lat' dir='ltr'>cum</span> <span class='ocrx_word' id='word_1_268' title='bbox 1124 2018 1293 2058; x_wconf 89' lang='lat' dir='ltr'>flamine</span> <span class='ocrx_word' id='word_1_269' title='bbox 1316 2027 1416 2058; x_wconf 85' lang='lat' dir='ltr'>erat.</span> <span class='ocrx_word' id='word_1_270' title='bbox 1466 2016 1523 2057; x_wconf 88' lang='lat' dir='ltr'>Et</span> <span class='ocrx_word' id='word_1_271' title='bbox 1543 2025 1766 2072; x_wconf 89' lang='lat' dir='ltr'>postquam</span> <span class='ocrx_word' id='word_1_272' title='bbox 1783 2035 1795 2056; x_wconf 94' lang='lat'>1</span> 
     </span>
     <span class='ocr_line' id='line_1_40' title="bbox 366 2074 1767 2133; baseline -0.003 -15"><span class='ocrx_word' id='word_1_273' title='bbox 366 2078 502 2133; x_wconf 88' lang='lat' dir='ltr'>primo</span> <span class='ocrx_word' id='word_1_274' title='bbox 524 2092 718 2132; x_wconf 87' lang='lat' dir='ltr'>aequare,</span> <span class='ocrx_word' id='word_1_275' title='bbox 741 2091 841 2117; x_wconf 81' lang='lat' dir='ltr'>mox</span> <span class='ocrx_word' id='word_1_276' title='bbox 862 2090 1057 2132; x_wconf 86' lang='lat' dir='ltr'>superare</span> <span class='ocrx_word' id='word_1_277' title='bbox 1080 2075 1206 2116; x_wconf 88' lang='lat' dir='ltr'>etiam</span> <span class='ocrx_word' id='word_1_278' title='bbox 1229 2084 1291 2116; x_wconf 88' lang='lat' dir='ltr'>est</span> <span class='ocrx_word' id='word_1_279' title='bbox 1312 2075 1435 2124; x_wconf 88' lang='lat' dir='ltr'>visus,</span> <span class='ocrx_word' id='word_1_280' title='bbox 1458 2089 1552 2130; x_wconf 86' lang='lat' dir='ltr'>pars</span> <span class='ocrx_word' id='word_1_281' title='bbox 1577 2074 1767 2115; x_wconf 89' lang='lat' dir='ltr'>tribuno-</span> 
     </span>
     <span class='ocr_line' id='line_1_41' title="bbox 367 2131 1767 2191; baseline -0.002 -16"><span class='ocrx_word' id='word_1_282' title='bbox 367 2150 460 2176; x_wconf 88' lang='lat' dir='ltr'>rum</span> <span class='ocrx_word' id='word_1_283' title='bbox 482 2135 615 2191; x_wconf 88' lang='lat' dir='ltr'>plebis</span> <span class='ocrx_word' id='word_1_284' title='bbox 636 2149 803 2190; x_wconf 83' lang='lat' dir='ltr'>negare,</span> <span class='ocrx_word' id='word_1_285' title='bbox 822 2134 1027 2174; x_wconf 87' lang='lat' dir='ltr'>rationem</span> <span class='ocrx_word' id='word_1_286' title='bbox 1044 2133 1134 2175; x_wconf 89' lang='lat' dir='ltr'>eius</span> <span class='ocrx_word' id='word_1_287' title='bbox 1154 2133 1392 2174; x_wconf 88' lang='lat' dir='ltr'>habendam</span> <span class='ocrx_word' id='word_1_288' title='bbox 1410 2147 1511 2182; x_wconf 88' lang='lat' dir='ltr'>esse,</span> <span class='ocrx_word' id='word_1_289' title='bbox 1530 2131 1644 2188; x_wconf 87' lang='lat' dir='ltr'>quod</span> <span class='ocrx_word' id='word_1_290' title='bbox 1661 2131 1767 2172; x_wconf 88' lang='lat' dir='ltr'>duos</span> 
     </span>
    </p>
   </div>
   <div class='ocr_carea' id='block_1_6' title="bbox 359 146 443 184">
    <p class='ocr_par' dir='ltr' id='par_1_7' title="bbox 359 146 443 184">
     <span class='ocr_line' id='line_1_42' title="bbox 359 146 443 184; baseline 0 0"><span class='ocrx_word' id='word_1_291' title='bbox 359 146 443 184; x_wconf 79' lang='lat'>414</span> 
     </span>
    </p>
   </div>
   <div class='ocr_carea' id='block_1_7' title="bbox 1091 2260 1769 2505">
    <p class='ocr_par' dir='ltr' id='par_1_8' title="bbox 1091 2260 1769 2505">
     <span class='ocr_line' id='line_1_43' title="bbox 1092 2260 1766 2293; baseline -0.004 0"><span class='ocrx_word' id='word_1_292' title='bbox 1092 2264 1177 2293; x_wconf 84' lang='lat' dir='ltr'>solos</span> <span class='ocrx_word' id='word_1_293' title='bbox 1204 2263 1380 2292; x_wconf 81' lang='lat' dir='ltr'>Romanos.</span> <span class='ocrx_word' id='word_1_294' title='bbox 1439 2261 1522 2292; x_wconf 83' lang='lat' dir='ltr'>Socii</span> <span class='ocrx_word' id='word_1_295' title='bbox 1551 2261 1636 2291; x_wconf 86' lang='lat' dir='ltr'>enim</span> <span class='ocrx_word' id='word_1_296' title='bbox 1663 2260 1696 2290; x_wconf 90' lang='lat' dir='ltr'>in</span> <span class='ocrx_word' id='word_1_297' title='bbox 1723 2260 1766 2290; x_wconf 89' lang='lat' dir='ltr'>le-</span> 
     </span>
     <span class='ocr_line' id='line_1_44' title="bbox 1091 2304 1766 2345; baseline -0.004 -10"><span class='ocrx_word' id='word_1_298' title='bbox 1091 2305 1201 2345; x_wconf 83' lang='lat' dir='ltr'>giones</span> <span class='ocrx_word' id='word_1_299' title='bbox 1216 2315 1281 2335; x_wconf 92' lang='lat' dir='ltr'>non</span> <span class='ocrx_word' id='word_1_300' title='bbox 1297 2304 1566 2335; x_wconf 74' lang='lat' dir='ltr'>describelmntur.</span> <span class='ocrx_word' id='word_1_301' title='bbox 1613 2304 1766 2334; x_wconf 84' lang='lat' dir='ltr'>Ceterum</span> 
     </span>
     <span class='ocr_line' id='line_1_45' title="bbox 1093 2345 1767 2384; baseline -0.006 -6"><span class='ocrx_word' id='word_1_302' title='bbox 1093 2348 1177 2378; x_wconf 84' lang='lat' dir='ltr'>circa</span> <span class='ocrx_word' id='word_1_303' title='bbox 1225 2348 1308 2377; x_wconf 79' lang='lat' dir='ltr'>hanc</span> <span class='ocrx_word' id='word_1_304' title='bbox 1353 2346 1613 2377; x_wconf 82' lang='lat' dir='ltr'>emendationem</span> <span class='ocrx_word' id='word_1_305' title='bbox 1658 2345 1767 2384; x_wconf 79' lang='lat' dir='ltr'>aliqua</span> 
     </span>
     <span class='ocr_line' id='line_1_46' title="bbox 1093 2388 1765 2427; baseline -0.006 -7"><span class='ocrx_word' id='word_1_306' title='bbox 1093 2390 1271 2420; x_wconf 84' lang='lat' dir='ltr'>etiamnum</span> <span class='ocrx_word' id='word_1_307' title='bbox 1300 2389 1473 2419; x_wconf 86' lang='lat' dir='ltr'>difficultas</span> <span class='ocrx_word' id='word_1_308' title='bbox 1499 2390 1653 2418; x_wconf 79' lang='lat' dir='ltr'>remanet.</span> <span class='ocrx_word' id='word_1_309' title='bbox 1699 2388 1765 2427; x_wconf 86' lang='lat' dir='ltr'>Ap-</span> 
     </span>
     <span class='ocr_line' id='line_1_47' title="bbox 1094 2429 1766 2472; baseline -0.003 -9"><span class='ocrx_word' id='word_1_310' title='bbox 1094 2436 1184 2472; x_wconf 81' lang='lat' dir='ltr'>paret</span> <span class='ocrx_word' id='word_1_311' title='bbox 1207 2432 1292 2462; x_wconf 90' lang='lat' dir='ltr'>enim</span> <span class='ocrx_word' id='word_1_312' title='bbox 1318 2441 1404 2470; x_wconf 84' lang='lat' dir='ltr'>supr.</span> <span class='ocrx_word' id='word_1_313' title='bbox 1431 2440 1480 2469; x_wconf 84' lang='lat'>30.</span> <span class='ocrx_word' id='word_1_314' title='bbox 1506 2434 1538 2460; x_wconf 83' lang='lat' dir='ltr'>ct</span> <span class='ocrx_word' id='word_1_315' title='bbox 1560 2429 1691 2460; x_wconf 81' lang='lat' dir='ltr'>xxxviii.</span> <span class='ocrx_word' id='word_1_316' title='bbox 1715 2429 1766 2468; x_wconf 84' lang='lat'>36.</span> 
     </span>
     <span class='ocr_line' id='line_1_48' title="bbox 1092 2472 1769 2505; baseline -0.004 0"><span class='ocrx_word' id='word_1_317' title='bbox 1092 2476 1157 2505; x_wconf 90' lang='lat' dir='ltr'>imo</span> <span class='ocrx_word' id='word_1_318' title='bbox 1179 2478 1210 2505; x_wconf 84' lang='lat' dir='ltr'>et</span> <span class='ocrx_word' id='word_1_319' title='bbox 1231 2485 1270 2504; x_wconf 81' lang='lat' dir='ltr'>ex</span> <span class='ocrx_word' id='word_1_320' title='bbox 1295 2473 1381 2503; x_wconf 89' lang='lat' dir='ltr'>omni</span> <span class='ocrx_word' id='word_1_321' title='bbox 1407 2477 1489 2503; x_wconf 79' lang='lat' dir='ltr'>retro</span> <span class='ocrx_word' id='word_1_322' title='bbox 1514 2472 1610 2502; x_wconf 83' lang='lat' dir='ltr'>huius</span> <span class='ocrx_word' id='word_1_323' title='bbox 1629 2473 1769 2503; x_wconf 82' lang='lat' dir='ltr'>decados</span> 
     </span>
    </p>
   </div>
   <div class='ocr_carea' id='block_1_8' title="bbox 368 2263 1048 2515">
    <p class='ocr_par' dir='ltr' id='par_1_9' title="bbox 368 2263 1047 2464">
     <span class='ocr_line' id='line_1_49' title="bbox 413 2263 1046 2304; baseline -0.003 -9"><span class='ocrx_word' id='word_1_324' title='bbox 413 2270 429 2303; x_wconf 82' lang='lat'><strong>7</strong></span> <span class='ocrx_word' id='word_1_325' title='bbox 458 2266 603 2304; x_wconf 72' lang='lat' dir='ltr'>Utraque</span> <span class='ocrx_word' id='word_1_326' title='bbox 626 2264 743 2301; x_wconf 77' lang='lat' dir='ltr'>cansa]</span> <span class='ocrx_word' id='word_1_327' title='bbox 775 2263 896 2293; x_wconf 75' lang='lat' dir='ltr'>Divisis</span> <span class='ocrx_word' id='word_1_328' title='bbox 920 2266 1046 2293; x_wconf 80' lang='lat' dir='ltr'>senten-</span> 
     </span>
     <span class='ocr_line' id='line_1_50' title="bbox 368 2306 1047 2337; baseline -0.001 0"><span class='ocrx_word' id='word_1_329' title='bbox 368 2306 420 2337; x_wconf 77' lang='lat' dir='ltr'>tiis</span> <span class='ocrx_word' id='word_1_330' title='bbox 444 2307 526 2337; x_wconf 86' lang='lat' dir='ltr'>alter</span> <span class='ocrx_word' id='word_1_331' title='bbox 550 2306 720 2336; x_wconf 87' lang='lat' dir='ltr'>consulum</span> <span class='ocrx_word' id='word_1_332' title='bbox 745 2306 839 2336; x_wconf 84' lang='lat' dir='ltr'>alteri</span> <span class='ocrx_word' id='word_1_333' title='bbox 866 2316 981 2336; x_wconf 78' lang='lat' dir='ltr'>causae</span> <span class='ocrx_word' id='word_1_334' title='bbox 1002 2306 1047 2336; x_wconf 85' lang='lat' dir='ltr'>fa-</span> 
     </span>
     <span class='ocr_line' id='line_1_51' title="bbox 370 2349 1047 2385; baseline -0.001 -6"><span class='ocrx_word' id='word_1_335' title='bbox 370 2351 486 2385; x_wconf 83' lang='lat' dir='ltr'>vebat;</span> <span class='ocrx_word' id='word_1_336' title='bbox 510 2359 568 2379; x_wconf 87' lang='lat' dir='ltr'>nec</span> <span class='ocrx_word' id='word_1_337' title='bbox 592 2349 698 2378; x_wconf 90' lang='lat' dir='ltr'>minus</span> <span class='ocrx_word' id='word_1_338' title='bbox 721 2349 924 2378; x_wconf 87' lang='lat' dir='ltr'>tribunorum</span> <span class='ocrx_word' id='word_1_339' title='bbox 951 2349 1047 2378; x_wconf 89' lang='lat' dir='ltr'>colle-</span> 
     </span>
     <span class='ocr_line' id='line_1_52' title="bbox 368 2391 1047 2431; baseline -0.001 -10"><span class='ocrx_word' id='word_1_340' title='bbox 368 2392 455 2431; x_wconf 82' lang='lat' dir='ltr'>gium</span> <span class='ocrx_word' id='word_1_341' title='bbox 472 2392 555 2421; x_wconf 82' lang='lat' dir='ltr'>inter</span> <span class='ocrx_word' id='word_1_342' title='bbox 570 2395 740 2430; x_wconf 81' lang='lat' dir='ltr'>utramque</span> <span class='ocrx_word' id='word_1_343' title='bbox 758 2402 887 2422; x_wconf 77' lang='lat' dir='ltr'>causam</span> <span class='ocrx_word' id='word_1_344' title='bbox 908 2391 1047 2421; x_wconf 81' lang='lat' dir='ltr'>divisum</span> 
     </span>
     <span class='ocr_line' id='line_1_53' title="bbox 370 2434 583 2464; baseline 0.005 -1"><span class='ocrx_word' id='word_1_345' title='bbox 370 2438 447 2464; x_wconf 76' lang='lat' dir='ltr'>emt.</span> <span class='ocrx_word' id='word_1_346' title='bbox 474 2434 583 2464; x_wconf 73' lang='lat' dir='ltr'>Doun.</span> 
     </span>
    </p>

    <p class='ocr_par' dir='ltr' id='par_1_10' title="bbox 413 2475 1048 2515">
     <span class='ocr_line' id='line_1_54' title="bbox 413 2475 1048 2515; baseline 0 -9"><span class='ocrx_word' id='word_1_347' title='bbox 413 2477 432 2505; x_wconf 89' lang='lat'>8</span> <span class='ocrx_word' id='word_1_348' title='bbox 455 2478 515 2513; x_wconf 77' lang='lat' dir='ltr'>Ili,</span> <span class='ocrx_word' id='word_1_349' title='bbox 547 2487 580 2506; x_wconf 78' lang='lat' dir='ltr'>se</span> <span class='ocrx_word' id='word_1_350' title='bbox 613 2477 858 2514; x_wconf 57' lang='lat' dir='ltr'>intercessuros]</span> <span class='ocrx_word' id='word_1_351' title='bbox 896 2475 1048 2515; x_wconf 80' lang='lat' dir='ltr'>Intellige</span> 
     </span>
    </p>
   </div>
   <div class='ocr_carea' id='block_1_9' title="bbox 370 2518 1049 2940">
    <p class='ocr_par' dir='ltr' id='par_1_11' title="bbox 370 2518 1048 2633">
     <span class='ocr_line' id='line_1_55' title="bbox 371 2518 1048 2558; baseline 0 -10"><span class='ocrx_word' id='word_1_352' title='bbox 371 2528 426 2548; x_wconf 86' lang='lat' dir='ltr'>cos</span> <span class='ocrx_word' id='word_1_353' title='bbox 453 2518 505 2557; x_wconf 84' lang='lat' dir='ltr'>qui</span> <span class='ocrx_word' id='word_1_354' title='bbox 535 2519 686 2548; x_wconf 70' lang='lat' dir='ltr'>favebant</span> <span class='ocrx_word' id='word_1_355' title='bbox 715 2519 806 2548; x_wconf 83' lang='lat' dir='ltr'>novis</span> <span class='ocrx_word' id='word_1_356' title='bbox 837 2518 1048 2558; x_wconf 79' lang='lat' dir='ltr'>praetoribus,</span> 
     </span>
     <span class='ocr_line' id='line_1_56' title="bbox 370 2561 1048 2597; baseline 0 -7"><span class='ocrx_word' id='word_1_357' title='bbox 370 2564 439 2591; x_wconf 81' lang='lat' dir='ltr'>tum</span> <span class='ocrx_word' id='word_1_358' title='bbox 461 2561 617 2597; x_wconf 75' lang='lat' dir='ltr'>tribunos,</span> <span class='ocrx_word' id='word_1_359' title='bbox 635 2565 704 2591; x_wconf 87' lang='lat' dir='ltr'>tum</span> <span class='ocrx_word' id='word_1_360' title='bbox 726 2562 865 2592; x_wconf 80' lang='lat' dir='ltr'>altorum</span> <span class='ocrx_word' id='word_1_361' title='bbox 890 2572 910 2591; x_wconf 76' lang='lat' dir='ltr'>a</span> <span class='ocrx_word' id='word_1_362' title='bbox 935 2571 1048 2590; x_wconf 76' lang='lat' dir='ltr'>consu-</span> 
     </span>
     <span class='ocr_line' id='line_1_57' title="bbox 371 2603 464 2633; baseline 0 0"><span class='ocrx_word' id='word_1_363' title='bbox 371 2603 464 2633; x_wconf 89' lang='lat' dir='ltr'>libus.</span> 
     </span>
    </p>

    <p class='ocr_par' dir='ltr' id='par_1_12' title="bbox 372 2646 1049 2940">
     <span class='ocr_line' id='line_1_58' title="bbox 416 2646 1047 2686; baseline 0.002 -12"><span class='ocrx_word' id='word_1_364' title='bbox 416 2655 435 2686; x_wconf 87' lang='lat'>9</span> <span class='ocrx_word' id='word_1_365' title='bbox 461 2646 566 2682; x_wconf 75' lang='lat' dir='ltr'>Quum</span> <span class='ocrx_word' id='word_1_366' title='bbox 588 2656 642 2675; x_wconf 75' lang='lat' dir='ltr'>eus</span> <span class='ocrx_word' id='word_1_367' title='bbox 663 2646 801 2684; x_wconf 67' lang='lat' dir='ltr'>leyiones</span> <span class='ocrx_word' id='word_1_368' title='bbox 822 2650 974 2685; x_wconf 76' lang='lat' dir='ltr'>quattuor</span> <span class='ocrx_word' id='word_1_369' title='bbox 997 2646 1047 2675; x_wconf 78' lang='lat' dir='ltr'>(Ie-</span> 
     </span>
     <span class='ocr_line' id='line_1_59' title="bbox 373 2687 1046 2727; baseline -0.003 -9"><span class='ocrx_word' id='word_1_370' title='bbox 373 2689 590 2727; x_wconf 71' lang='lat' dir='ltr'>scripsissent]</span> <span class='ocrx_word' id='word_1_371' title='bbox 620 2688 725 2717; x_wconf 72' lang='lat' dir='ltr'>Recte</span> <span class='ocrx_word' id='word_1_372' title='bbox 750 2689 897 2717; x_wconf 83' lang='lat' dir='ltr'>observat</span> <span class='ocrx_word' id='word_1_373' title='bbox 922 2687 1046 2717; x_wconf 75' lang='lat' dir='ltr'>Grono-</span> 
     </span>
     <span class='ocr_line' id='line_1_60' title="bbox 375 2729 1046 2768; baseline -0.003 -8"><span class='ocrx_word' id='word_1_374' title='bbox 375 2730 445 2761; x_wconf 89' lang='lat' dir='ltr'>vius</span> <span class='ocrx_word' id='word_1_375' title='bbox 469 2740 509 2760; x_wconf 86' lang='lat' dir='ltr'>ex</span> <span class='ocrx_word' id='word_1_376' title='bbox 534 2730 663 2759; x_wconf 78' lang='lat' dir='ltr'>tantillo</span> <span class='ocrx_word' id='word_1_377' title='bbox 688 2740 822 2759; x_wconf 80' lang='lat' dir='ltr'>numero</span> <span class='ocrx_word' id='word_1_378' title='bbox 847 2729 913 2759; x_wconf 81' lang='lat' dir='ltr'>ficri</span> <span class='ocrx_word' id='word_1_379' title='bbox 937 2729 1046 2768; x_wconf 85' lang='lat' dir='ltr'>ncqui-</span> 
     </span>
     <span class='ocr_line' id='line_1_61' title="bbox 375 2772 1047 2812; baseline -0.004 -8"><span class='ocrx_word' id='word_1_380' title='bbox 375 2773 455 2804; x_wconf 84' lang='lat' dir='ltr'>visse</span> <span class='ocrx_word' id='word_1_381' title='bbox 471 2776 624 2812; x_wconf 83' lang='lat' dir='ltr'>quattuor</span> <span class='ocrx_word' id='word_1_382' title='bbox 640 2772 790 2811; x_wconf 77' lang='lat' dir='ltr'>legiones.</span> <span class='ocrx_word' id='word_1_383' title='bbox 839 2773 919 2802; x_wconf 79' lang='lat' dir='ltr'>Ideo</span> <span class='ocrx_word' id='word_1_384' title='bbox 941 2782 1047 2801; x_wconf 80' lang='lat' dir='ltr'>emcn-</span> 
     </span>
     <span class='ocr_line' id='line_1_62' title="bbox 373 2815 1049 2855; baseline -0.004 -9"><span class='ocrx_word' id='word_1_385' title='bbox 373 2816 449 2846; x_wconf 80' lang='lat' dir='ltr'>dat:</span> <span class='ocrx_word' id='word_1_386' title='bbox 477 2826 575 2855; x_wconf 77' lang='lat' dir='ltr'>quum</span> <span class='ocrx_word' id='word_1_387' title='bbox 598 2826 648 2846; x_wconf 72' lang='lat' dir='ltr'>eos</span> <span class='ocrx_word' id='word_1_388' title='bbox 671 2817 707 2845; x_wconf 79' lang='lat' dir='ltr'>in</span> <span class='ocrx_word' id='word_1_389' title='bbox 725 2819 877 2855; x_wconf 70' lang='lat' dir='ltr'>quattuor</span> <span class='ocrx_word' id='word_1_390' title='bbox 900 2815 1049 2853; x_wconf 68' lang='lat' dir='ltr'>leyiones,</span> 
     </span>
     <span class='ocr_line' id='line_1_63' title="bbox 373 2857 1046 2897; baseline -0.003 -9"><span class='ocrx_word' id='word_1_391' title='bbox 373 2868 455 2897; x_wconf 82' lang='lat' dir='ltr'>quae</span> <span class='ocrx_word' id='word_1_392' title='bbox 487 2858 551 2888; x_wconf 79' lang='lat' dir='ltr'>iam</span> <span class='ocrx_word' id='word_1_393' title='bbox 585 2861 653 2887; x_wconf 88' lang='lat' dir='ltr'>tum</span> <span class='ocrx_word' id='word_1_394' title='bbox 686 2861 777 2887; x_wconf 81' lang='lat' dir='ltr'>erant</span> <span class='ocrx_word' id='word_1_395' title='bbox 808 2857 838 2887; x_wconf 89' lang='lat' dir='ltr'>in</span> <span class='ocrx_word' id='word_1_396' title='bbox 873 2857 1046 2896; x_wconf 73' lang='lat' dir='ltr'>Hispania,</span> 
     </span>
     <span class='ocr_line' id='line_1_64' title="bbox 372 2899 1047 2940; baseline -0.003 -10"><span class='ocrx_word' id='word_1_397' title='bbox 372 2902 621 2940; x_wconf 69' lang='lat' dir='ltr'>descripsissem.</span> <span class='ocrx_word' id='word_1_398' title='bbox 666 2901 732 2931; x_wconf 85' lang='lat' dir='ltr'>Eos</span> <span class='ocrx_word' id='word_1_399' title='bbox 762 2903 871 2930; x_wconf 80' lang='lat' dir='ltr'>autem</span> <span class='ocrx_word' id='word_1_400' title='bbox 904 2899 1047 2938; x_wconf 81' lang='lat' dir='ltr'>intellige</span> 
     </span>
    </p>
   </div>
   <div class='ocr_carea' id='block_1_10' title="bbox 1091 2515 1767 2929">
    <p class='ocr_par' dir='ltr' id='par_1_13' title="bbox 1091 2515 1767 2812">
     <span class='ocr_line' id='line_1_65' title="bbox 1093 2515 1767 2555; baseline -0.001 -8"><span class='ocrx_word' id='word_1_401' title='bbox 1093 2517 1236 2553; x_wconf 78' lang='lat' dir='ltr'>historia,</span> <span class='ocrx_word' id='word_1_402' title='bbox 1252 2517 1331 2546; x_wconf 81' lang='lat' dir='ltr'>duas</span> <span class='ocrx_word' id='word_1_403' title='bbox 1346 2519 1472 2545; x_wconf 75' lang='lat' dir='ltr'>tantum</span> <span class='ocrx_word' id='word_1_404' title='bbox 1493 2515 1525 2545; x_wconf 88' lang='lat' dir='ltr'>in</span> <span class='ocrx_word' id='word_1_405' title='bbox 1545 2515 1707 2555; x_wconf 83' lang='lat' dir='ltr'>IIispania</span> <span class='ocrx_word' id='word_1_406' title='bbox 1722 2516 1767 2546; x_wconf 86' lang='lat' dir='ltr'>le-</span> 
     </span>
     <span class='ocr_line' id='line_1_66' title="bbox 1092 2557 1765 2597; baseline 0 -9"><span class='ocrx_word' id='word_1_407' title='bbox 1092 2559 1202 2597; x_wconf 75' lang='lat' dir='ltr'>giones</span> <span class='ocrx_word' id='word_1_408' title='bbox 1222 2559 1329 2595; x_wconf 76' lang='lat' dir='ltr'>fuisse,</span> <span class='ocrx_word' id='word_1_409' title='bbox 1346 2569 1409 2587; x_wconf 86' lang='lat' dir='ltr'>non</span> <span class='ocrx_word' id='word_1_410' title='bbox 1426 2561 1586 2596; x_wconf 77' lang='lat' dir='ltr'>quattuor.</span> <span class='ocrx_word' id='word_1_411' title='bbox 1633 2558 1697 2588; x_wconf 79' lang='lat' dir='ltr'>Sed</span> <span class='ocrx_word' id='word_1_412' title='bbox 1718 2557 1765 2588; x_wconf 87' lang='lat' dir='ltr'>ni-</span> 
     </span>
     <span class='ocr_line' id='line_1_67' title="bbox 1092 2601 1765 2637; baseline 0 -6"><span class='ocrx_word' id='word_1_413' title='bbox 1092 2601 1209 2632; x_wconf 85' lang='lat' dir='ltr'>mirum</span> <span class='ocrx_word' id='word_1_414' title='bbox 1235 2601 1287 2631; x_wconf 89' lang='lat' dir='ltr'>hic</span> <span class='ocrx_word' id='word_1_415' title='bbox 1312 2611 1360 2630; x_wconf 84' lang='lat' dir='ltr'>res</span> <span class='ocrx_word' id='word_1_416' title='bbox 1385 2605 1540 2637; x_wconf 76' lang='lat' dir='ltr'>mutatur,</span> <span class='ocrx_word' id='word_1_417' title='bbox 1560 2604 1592 2630; x_wconf 84' lang='lat' dir='ltr'>ct</span> <span class='ocrx_word' id='word_1_418' title='bbox 1614 2601 1697 2631; x_wconf 78' lang='lat' dir='ltr'>duae</span> <span class='ocrx_word' id='word_1_419' title='bbox 1722 2601 1765 2631; x_wconf 87' lang='lat' dir='ltr'>le-</span> 
     </span>
     <span class='ocr_line' id='line_1_68' title="bbox 1091 2643 1765 2683; baseline 0 -10"><span class='ocrx_word' id='word_1_420' title='bbox 1091 2644 1201 2683; x_wconf 80' lang='lat' dir='ltr'>giones</span> <span class='ocrx_word' id='word_1_421' title='bbox 1225 2643 1356 2682; x_wconf 81' lang='lat' dir='ltr'>singulis</span> <span class='ocrx_word' id='word_1_422' title='bbox 1381 2643 1411 2673; x_wconf 91' lang='lat' dir='ltr'>in</span> <span class='ocrx_word' id='word_1_423' title='bbox 1430 2643 1591 2683; x_wconf 82' lang='lat' dir='ltr'>Hispania</span> <span class='ocrx_word' id='word_1_424' title='bbox 1615 2643 1765 2682; x_wconf 82' lang='lat' dir='ltr'>praetori-</span> 
     </span>
     <span class='ocr_line' id='line_1_69' title="bbox 1093 2686 1765 2725; baseline 0.001 -10"><span class='ocrx_word' id='word_1_425' title='bbox 1093 2687 1152 2716; x_wconf 87' lang='lat' dir='ltr'>bus</span> <span class='ocrx_word' id='word_1_426' title='bbox 1168 2687 1401 2716; x_wconf 73' lang='lat' dir='ltr'>‹lccermmturz</span> <span class='ocrx_word' id='word_1_427' title='bbox 1423 2686 1521 2725; x_wconf 86' lang='lat' dir='ltr'>idque</span> <span class='ocrx_word' id='word_1_428' title='bbox 1537 2690 1568 2716; x_wconf 82' lang='lat' dir='ltr'>ct</span> <span class='ocrx_word' id='word_1_429' title='bbox 1584 2686 1616 2715; x_wconf 87' lang='lat' dir='ltr'>in</span> <span class='ocrx_word' id='word_1_430' title='bbox 1633 2696 1765 2725; x_wconf 81' lang='lat' dir='ltr'>sequen-</span> 
     </span>
     <span class='ocr_line' id='line_1_70' title="bbox 1091 2728 1766 2759; baseline 0.001 -2"><span class='ocrx_word' id='word_1_431' title='bbox 1091 2729 1177 2758; x_wconf 82' lang='lat' dir='ltr'>tibus</span> <span class='ocrx_word' id='word_1_432' title='bbox 1214 2728 1306 2758; x_wconf 76' lang='lat' dir='ltr'>annis</span> <span class='ocrx_word' id='word_1_433' title='bbox 1343 2732 1503 2758; x_wconf 75' lang='lat' dir='ltr'>servatum</span> <span class='ocrx_word' id='word_1_434' title='bbox 1539 2739 1607 2759; x_wconf 87' lang='lat' dir='ltr'>csse</span> <span class='ocrx_word' id='word_1_435' title='bbox 1641 2731 1766 2759; x_wconf 80' lang='lat' dir='ltr'>constat</span> 
     </span>
     <span class='ocr_line' id='line_1_71' title="bbox 1093 2770 1690 2812; baseline 0.002 -11"><span class='ocrx_word' id='word_1_436' title='bbox 1093 2781 1177 2810; x_wconf 85' lang='lat' dir='ltr'>supr.</span> <span class='ocrx_word' id='word_1_437' title='bbox 1196 2772 1239 2800; x_wconf 83' lang='lat' dir='ltr'>xl.</span> <span class='ocrx_word' id='word_1_438' title='bbox 1258 2780 1308 2809; x_wconf 78' lang='lat'>32.</span> <span class='ocrx_word' id='word_1_439' title='bbox 1327 2770 1375 2810; x_wconf 78' lang='lat'>36.</span> <span class='ocrx_word' id='word_1_440' title='bbox 1394 2781 1443 2809; x_wconf 81' lang='lat'>40.</span> <span class='ocrx_word' id='word_1_441' title='bbox 1461 2775 1493 2801; x_wconf 87' lang='lat' dir='ltr'>et</span> <span class='ocrx_word' id='word_1_442' title='bbox 1509 2781 1559 2812; x_wconf 74' lang='lat'>49,</span> <span class='ocrx_word' id='word_1_443' title='bbox 1584 2771 1690 2802; x_wconf 63' lang='lat' dir='ltr'>szv.</span> 
     </span>
    </p>

    <p class='ocr_par' dir='ltr' id='par_1_14' title="bbox 1091 2812 1766 2929">
     <span class='ocr_line' id='line_1_72' title="bbox 1142 2812 1766 2853; baseline 0 -10"><span class='ocrx_word' id='word_1_444' title='bbox 1142 2823 1150 2843; x_wconf 87' lang='lat'><em>1</em></span> <span class='ocrx_word' id='word_1_445' title='bbox 1180 2815 1259 2843; x_wconf 77' lang='lat' dir='ltr'>Cum</span> <span class='ocrx_word' id='word_1_446' title='bbox 1275 2815 1413 2852; x_wconf 67' lang='lat' dir='ltr'>stamine</span> <span class='ocrx_word' id='word_1_447' title='bbox 1437 2815 1523 2851; x_wconf 74' lang='lat' dir='ltr'>erat]</span> <span class='ocrx_word' id='word_1_448' title='bbox 1551 2824 1592 2844; x_wconf 81' lang='lat' dir='ltr'>sc.</span> <span class='ocrx_word' id='word_1_449' title='bbox 1618 2812 1766 2853; x_wconf 83' lang='lat' dir='ltr'>Reliquis</span> 
     </span>
     <span class='ocr_line' id='line_1_73' title="bbox 1091 2856 1764 2895; baseline 0 -9"><span class='ocrx_word' id='word_1_450' title='bbox 1091 2857 1217 2886; x_wconf 82' lang='lat' dir='ltr'>duobus</span> <span class='ocrx_word' id='word_1_451' title='bbox 1242 2856 1506 2895; x_wconf 80' lang='lat' dir='ltr'>competitoribus</span> <span class='ocrx_word' id='word_1_452' title='bbox 1531 2866 1550 2886; x_wconf 83' lang='lat' dir='ltr'>a</span> <span class='ocrx_word' id='word_1_453' title='bbox 1572 2866 1629 2895; x_wconf 87' lang='lat' dir='ltr'>spe</span> <span class='ocrx_word' id='word_1_454' title='bbox 1648 2856 1764 2895; x_wconf 84' lang='lat' dir='ltr'>adipis-</span> 
     </span>
     <span class='ocr_line' id='line_1_74' title="bbox 1092 2898 1615 2929; baseline 0 0"><span class='ocrx_word' id='word_1_455' title='bbox 1092 2898 1185 2929; x_wconf 78' lang='lat' dir='ltr'>cendi</span> <span class='ocrx_word' id='word_1_456' title='bbox 1203 2899 1331 2929; x_wconf 85' lang='lat' dir='ltr'>honoris</span> <span class='ocrx_word' id='word_1_457' title='bbox 1347 2898 1456 2929; x_wconf 83' lang='lat' dir='ltr'>statim</span> <span class='ocrx_word' id='word_1_458' title='bbox 1473 2898 1615 2929; x_wconf 80' lang='lat' dir='ltr'>deiectis.</span> 
     </span>
    </p>
   </div>
  </div>
 </body>
</html>
