1960 3218
549 165 676 207 LIB.
710 163 952 206 XXXVII.
1000 164 1146 206 CAP.
1186 167 1249 206 15.
1521 159 1601 206 277

201 273 328 301 nemo
355 258 552 300 adversus
582 257 681 307 ibat,
713 256 841 298 classe
873 256 1018 305 divisa,
1051 270 1146 312 pars
1177 255 1221 296 in
1250 254 1335 296 salo
1364 254 1417 295 ad
1446 254 1597 295 ostium
1617 262 1661 293 U.
1679 261 1717 293 C.
1741 261 1812 302 56²·

232 326 346 358 ortus
378 317 422 357 in
454 315 614 357 ancoris
644 315 786 364 stetit3
819 329 913 370 pars
946 315 989 354 in
1023 322 1176 355 terram
1210 312 1363 353 milites
1388 313 1595 368 exposuit.
1613 305 1652 337 A.
1676 306 1715 337 C.
1741 314 1810 345 ¹90·

201 331 254 416 {n
272 390 355 424 eos,
373 374 455 415 iam
472 374 687 426 ingentem
706 372 905 429 praedam
922 372 1003 413 late
1020 371 1277 427 depopulato
1295 385 1394 426 agro
1411 379 1596 426 agentes,

202 432 475 473 Andronicus
511 430 707 480 Macedo,
746 431 819 486 qui
856 430 901 470 in
936 429 1144 486 praesidio
1184 428 1344 484 Ephesi
1380 437 1480 476 erat,
1515 428 1597 468 iam

202 490 421 531 moenibus
471 489 858 545 appropinquantes
904 488 1171 543 eruptionem
1214 486 1325 535 feeit,
1362 494 1596 540 exutosque

202 563 354 603 magna
373 555 490 602 parte
520 546 698 603 praedae
728 546 781 587 ad
808 560 921 586 mare
951 560 998 586 ac
1030 559 1156 585 naves
1183 543 1359 599 redegit.
1422 543 1599 583 Postero

202 604 283 654 die,
307 604 471 645 insidiis
499 604 640 645 medio
661 604 790 644 ferme
820 604 910 644 viae
939 603 1097 659 positis,
1121 601 1174 642 ad
1203 600 1459 642 eliciendum
1481 608 1600 641 extra

201 663 369 703 moenia
386 661 683 711 Macedonem,
703 661 887 702 Romani
909 661 962 702 ad
984 661 1130 701 urbem
1152 659 1318 716 agmine
1341 658 1452 699 iere:
1483 657 1597 707 inde,

203 735 335 776 quum
371 735 421 761 ea
456 720 545 776 ipsa
580 719 773 776 suspicio,
811 735 864 760 ne
902 718 995 774 quis
1032 718 1179 767 exiret,
1214 716 1496 765 deterruisset,
1534 730 1599 756 re-

202 778 373 819 dierunt
400 777 453 818 ad
480 793 633 818 naves:
668 787 722 827 et,
746 786 855 818 terra
885 776 1074 832 marique
1100 775 1359 831 fugientibus
1386 782 1599 814 certamen

201 835 402 886 hostibus,
429 835 613 884 Samum,
636 835 750 876 unde
772 846 955 883 venerat,
979 834 1118 874 classis
1138 832 1302 889 repetit.
1366 831 1472 872 Inde
1495 830 1600 872 duas

202 893 410 934 sociorum
442 909 493 934 ex
522 892 656 942 Italia,
680 893 783 934 duas
812 892 1000 933 Rhodias
1036 891 1224 932 triremes
1257 905 1354 931 cum
1386 888 1599 945 praefecto

204 951 401 1007 Epicrate
427 950 596 991 Rhodio
626 951 679 991 ad
699 951 853 991 fretum
879 949 1180 1005 Cephalleniae
1204 948 1410 989 tuendum
1433 955 1600 1003 praetor

203 1009 326 1049 misit.
390 1007 595 1049 Infestum
633 1008 677 1049 id
718 1007 937 1049 latrocinio
976 1006 1338 1048 Lacedaemonius
1376 1004 1599 1061 Hybristas

204 1081 299 1107 cum
342 1066 560 1107 iuventute
600 1065 909 1121 Cephallenum
947 1065 1150 1106 faciebat:
1199 1063 1472 1118 clausumque
1516 1061 1599 1102 iam

203 1138 317 1164 mare
340 1124 642 1164 commeatibus
665 1123 821 1164 Italicis
842 1131 941 1163 erat.

261 1181 424 1222 Piraeei
448 1181 497 1222 L.
519 1181 704 1222 Aemilio
728 1180 908 1236 Regillo,
932 1179 1174 1221 succedenti
1207 1179 1259 1220 ad
1290 1177 1437 1219 navale
1463 1177 1599 1233 impe·
1677 1178 1742 1216 14.

203 1238 326 1288 rium,
365 1238 581 1294 Epicrates
615 1239 819 1280 occurrit:
859 1239 946 1294 qui,
981 1237 1125 1278 audita
1160 1236 1277 1277 clade
1316 1235 1595 1284 Rhodiorum,
1611 1233 1771 1283 Aemilius

203 1310 333 1352 quum
367 1296 454 1352 ipse
476 1296 579 1336 duas
608 1305 771 1337 tantum
793 1296 1119 1351 quinqueremes
1140 1294 1325 1343 haberet,
1352 1293 1596 1348 Epicratem
1612 1277 1813 1358 Ξῗὲῖζῗρζᾶ

201 1369 299 1394 cum
314 1363 512 1409 quattuor
533 1355 707 1395 navibus
724 1354 767 1393 in
787 1354 931 1394 Asiam
950 1368 1090 1394 secum
1110 1352 1290 1393 reduxit.
1344 1350 1596 1391 Prosecutae
1611 1363 1694 1393 rium
1711 1372 1780 1392 sue-

170 1411 328 1460 9etiam
351 1421 517 1467 apertae
542 1411 870 1452 Atheniensium
892 1426 1017 1452 naves
1038 1420 1146 1451 sunt.
1199 1410 1370 1465 Aegaeo
1392 1408 1496 1449 mari
1518 1418 1600 1448 tra·
1613 1406 1709 1437 cedit.

202 1469 300 1510 iecit
325 1469 495 1510 Chium.
561 1469 723 1510 Eodem
755 1469 1048 1510 Timasicrates
1081 1467 1276 1509 Rhodius
1309 1481 1406 1507 cum
1438 1465 1600 1506 duabus

203 1527 537 1583 quadriremibus
559 1528 609 1568 ab
635 1528 759 1568 Samo
781 1536 904 1568 nocte
927 1527 1180 1582 intempesta
1200 1525 1338 1566 venit:
1372 1524 1601 1565 deductus-

203 1599 286 1640 que
323 1585 375 1625 ad
410 1585 656 1634 Aemilium,
690 1585 886 1641 praesidii
923 1599 1046 1625 causa
1082 1599 1124 1625 se
1162 1583 1347 1631 missum,
1382 1582 1452 1632 ait,
1485 1580 1601 1637 quod

202 1657 294 1683 eam
316 1657 430 1684 oram
452 1643 576 1683 maris
597 1643 787 1684 infestam
811 1643 1009 1683 onerariis
1030 1642 1167 1696 regiae
1190 1655 1317 1682 naves
1339 1638 1601 1681 excursioni-

202 1700 279 1741 bus
304 1701 458 1741 crebris
487 1701 538 1742 ab
560 1700 841 1757 Hellesponto
873 1710 999 1756 atque
1025 1696 1180 1755 Abydo
1202 1699 1398 1740 facerent.
1463 1697 1502 1738 T
1505 1696 1601 1737 raii-

201 1758 330 1799 cienti
362 1758 547 1799 Aemilio
579 1774 602 1799 a
629 1759 739 1800 Chio
765 1758 937 1800 Samum
963 1758 1070 1798 duae
1095 1757 1289 1798 Rhodiae
1312 1755 1601 1812 quadriremes

202 1815 349 1857 missae
372 1817 535 1857 obviam
558 1817 609 1857 ab
631 1816 768 1865 Livio,
786 1826 829 1857 et
849 1831 923 1857 rex
943 1816 1157 1856 Eumenes
1179 1830 1275 1856 cum
1297 1814 1459 1854 duabus
1476 1812 1602 1868 quin-

203 1874 472 1929 queremibus
503 1875 694 1915 occurrit.
762 1874 932 1915 Samum
964 1883 1188 1930 postquam
1218 1880 1393 1913 ventum
1425 1880 1500 1920 est,
1533 1885 1601 1911 ac-
1614 1880 1796 1912 Consilium

202 1940 325 1987 cepta
355 1933 406 1973 ab
438 1932 560 1973 Livio
592 1932 732 1981 classe,
766 1942 808 1973 et
839 1931 1053 1980 sacrificio,
1086 1940 1134 1972 ut
1168 1930 1330 1979 assolet,
1362 1930 1440 1970 rite
1477 1929 1599 1978 facto,
1613 1925 1761 1955 advocat.

205 1989 414 2030 Aemilius
441 1990 662 2030 eonsilium
693 1990 922 2031 advocavit.
987 1989 1051 2029 Ibi
1077 1988 1126 2030 C.
1145 1988 1304 2037 Livius,
1327 1987 1381 2043 (is
1403 1987 1516 2028 enirn
1539 1995 1602 2027 est

204 2047 362 2102 primus
392 2055 561 2103 rogatus
586 2048 859 2101 sententiam)
883 2053 893 2070 ί
911 2046 1143 2087 Neminem
1171 2045 1337 2086 fidelius
1359 2045 1457 2085 dare
1480 2058 1599 2100 posse

207 2104 477 2153 ‘consilium‚’
498 2104 618 2154 dixit,
644 2111 654 2128 ‘
672 2120 796 2161 quam
820 2120 930 2153 eum,
955 2104 1027 2160 qui
1050 2104 1093 2144 id
1115 2103 1233 2144 alteri
1255 2102 1462 2151 suaderet,
1486 2100 1602 2157 quod

207 2161 333 2217 ‘ipse‚
356 2162 389 2202 si
411 2162 453 2202 in
477 2162 625 2203 eodem
648 2162 740 2204 loco
761 2171 881 2212 esset,
904 2162 1088 2203 facturus
1109 2162 1244 2202 fuerit.
1311 2160 1364 2201 Se
1394 2160 1439 2200 in
1461 2159 1601 2200 animo

207 2224 218 2242 ‘
231 2218 438 2269 habuisse,
462 2228 549 2260 tota
571 2219 697 2261 classe
722 2220 938 2276 Ephesum
960 2229 1118 2275 petere,
1141 2227 1184 2260 ct
1211 2218 1419 2259 onerarias
1448 2217 1601 2258 ducere

207 2282 218 2300 ‘
232 2276 363 2318 multa
384 2278 554 2318 saburra
574 2287 772 2333 gravatas,
796 2287 922 2333 atque
955 2292 1023 2318 eas
1054 2277 1097 2317 in
1128 2276 1317 2317 faucibus
1338 2285 1483 2331 portus
1504 2289 1602 2330 sup-

179 2348 190 2369 1
207 2339 218 2357 ‘
230 2334 422 2390 primore.
488 2335 542 2376 Et
564 2350 613 2376 eo
636 2335 807 2376 minoris
829 2335 1063 2376 molimenti
1085 2350 1134 2375 ca
1155 2334 1334 2374 claustra
1355 2348 1455 2382 esse,
1471 2331 1601 2388 quod,

207 2393 275 2432 ‘in
311 2392 496 2433 fluminis
531 2393 717 2442 modum,
756 2393 942 2447 longum,
977 2402 1019 2433 et
1052 2400 1290 2447 angustum,
1323 2400 1365 2432 et
1399 2390 1602 2431 vadosum

207 2450 383 2490 ‘ostium
415 2459 560 2506 portus
588 2451 650 2491 sit.
715 2450 779 2492 Ita
801 2451 1097 2506 adempturum
1120 2446 1161 2490 se
1184 2449 1308 2490 maris
1329 2463 1451 2489 usum
1475 2447 1603 2488 hosti-

208 2507 309 2547 ‘bus
330 2508 469 2557 fuisse,
493 2508 771 2564 inutilemque
795 2508 967 2549 classem
989 2507 1222 2549 facturum.’
1284 2506 1404 2547 Nulli
1435 2521 1485 2547 ea
1514 2504 1602 2561 pla·
1685 2503 1748 2541 15·

208 2578 299 2605 cere
333 2566 551 2607 sententia.
616 2566 830 2607 Eumenes
863 2582 938 2607 rex
969 2565 1188 2621 quaesivit,
1217 2563 1363 2612 ‘Quid
1401 2563 1603 2604 tandem?

181 2627 220 2654 2‘
239 2621 307 2662 ubi
330 2622 528 2664 demersis
559 2624 733 2664 navibus
764 2624 996 2664 frenassent
1017 2623 1196 2664 claustra
1223 2622 1360 2671 maris,
1384 2631 1525 2662 utrum
1554 2620 1604 2660 li-

256 2776 275 2807 9
303 2767 439 2796 Traiecti
470 2768 601 2805 filiium]
651 2768 780 2797 Nomen
820 2768 881 2797 loci
927 2767 957 2798 ‹li
976 2771 1007 2797 et
1024 2766 1143 2797 obstrui
1168 2767 1229 2796 hoc
1246 2766 1342 2796 modo
1360 2769 1471 2805 postus
1488 2764 1605 2795 ostium

209 2809 323 2839 Chium
356 2809 558 2839 coniecturae
585 2810 709 2840 aneri
737 2811 883 2848 debetur,
927 2820 1029 2850 posse.
1056 2811 1162 2840 Ciu-zv.

209 2862 305 2892 quam
323 2851 503 2882 (Erevierius
519 2852 749 2892 comprobavit.
972 2862 987 2882 2
1013 2853 1165 2882 (flam-tra
1181 2852 1296 2889 maris]
1339 2851 1492 2881 Clauslra
1512 2849 1605 2878 intel-

256 2904 266 2924 1
295 2896 345 2925 Eo
371 2896 502 2924 minoris
524 2897 694 2925 molimenti
718 2906 756 2925 ea
779 2897 882 2925 clam-
927 2895 980 2933 ligi
1003 2905 1099 2934 saepe
1116 2895 1234 2924 debent
1257 2893 1424 2933 angustiae
1447 2891 1606 2928 adituum,

209 2942 261 2968 tra
277 2939 358 2976 esse]
386 2937 436 2967 Eo
452 2937 574 2968 minore
590 2937 781 2968 difficultate
797 2939 881 2968 elau-
928 2937 993 2968 sive
1028 2941 1202 2974 terrestrem
1235 2940 1270 2967 ut
1305 2946 1392 2975 supr.
1423 2934 1522 2964 xxxii.
1556 2943 1605 2964 τι.
