<?xml version="1.0" encoding="UTF-8"?>
<!DOCTYPE html PUBLIC "-//W3C//DTD XHTML 1.0 Transitional//EN"
    "http://www.w3.org/TR/xhtml1/DTD/xhtml1-transitional.dtd">
<html xmlns="http://www.w3.org/1999/xhtml" xml:lang="en" lang="en">
 <head>
  <title>
</title>
<meta http-equiv="Content-Type" content="text/html;charset=utf-8" />
  <meta name='ocr-system' content='tesseract 3.04.00' />
  <meta name='ocr-capabilities' content='ocr_page ocr_carea ocr_par ocr_line ocrx_word'/>
</head>
<body>
  <div class='ocr_page' id='page_1' title='image "./historiarumli03livyuoft_0050.png"; bbox 0 0 1960 3218; ppageno 0'>
   <div class='ocr_carea' id='block_1_1' title="bbox 133 222 330 297">
    <p class='ocr_par' dir='ltr' id='par_1_1' title="bbox 133 222 330 297">
     <span class='ocr_line' id='line_1_1' title="bbox 135 222 330 262; baseline -0.005 -8"><span class='ocrx_word' id='word_1_1' title='bbox 135 223 180 254; x_wconf 91' lang='lat' dir='ltr'>U.</span> <span class='ocrx_word' id='word_1_2' title='bbox 197 222 236 254; x_wconf 79' lang='lat' dir='ltr'>C.</span> <span class='ocrx_word' id='word_1_3' title='bbox 259 229 330 262; x_wconf 80' lang='lat'>552-</span> 
     </span>
     <span class='ocr_line' id='line_1_2' title="bbox 133 266 330 297; baseline 0 -1"><span class='ocrx_word' id='word_1_4' title='bbox 133 267 174 297; x_wconf 91' lang='lat' dir='ltr'>A.</span> <span class='ocrx_word' id='word_1_5' title='bbox 199 266 237 297; x_wconf 89' lang='lat' dir='ltr'>C.</span> <span class='ocrx_word' id='word_1_6' title='bbox 260 275 330 297; x_wconf 83' lang='lat'>200.</span> 
     </span>
    </p>
   </div>
   <div class='ocr_carea' id='block_1_2' title="bbox 202 2391 271 2429">
    <p class='ocr_par' dir='ltr' id='par_1_2' title="bbox 202 2391 271 2429">
     <span class='ocr_line' id='line_1_3' title="bbox 202 2391 271 2429; baseline 0.014 -1"><span class='ocrx_word' id='word_1_7' title='bbox 202 2391 271 2429; x_wconf 86' lang='lat'>46.</span> 
     </span>
    </p>
   </div>
   <div class='ocr_carea' id='block_1_3' title="bbox 138 2446 337 2648">
    <p class='ocr_par' dir='ltr' id='par_1_3' title="bbox 138 2446 337 2648">
     <span class='ocr_line' id='line_1_4' title="bbox 139 2446 304 2485; baseline 0 -10"><span class='ocrx_word' id='word_1_8' title='bbox 139 2446 304 2485; x_wconf 84' lang='lat' dir='ltr'>Colloqui-</span> 
     </span>
     <span class='ocr_line' id='line_1_5' title="bbox 139 2489 337 2518; baseline 0.005 -1"><span class='ocrx_word' id='word_1_9' title='bbox 139 2498 193 2517; x_wconf 87' lang='lat' dir='ltr'>um</span> <span class='ocrx_word' id='word_1_10' title='bbox 208 2489 337 2518; x_wconf 84' lang='lat' dir='ltr'>Aetolo-</span> 
     </span>
     <span class='ocr_line' id='line_1_6' title="bbox 139 2540 299 2560; baseline 0.013 -2"><span class='ocrx_word' id='word_1_11' title='bbox 139 2540 209 2559; x_wconf 85' lang='lat' dir='ltr'>rum</span> <span class='ocrx_word' id='word_1_12' title='bbox 227 2541 299 2560; x_wconf 88' lang='lat' dir='ltr'>cum</span> 
     </span>
     <span class='ocr_line' id='line_1_7' title="bbox 139 2573 300 2603; baseline 0.012 -2"><span class='ocrx_word' id='word_1_13' title='bbox 139 2573 251 2602; x_wconf 84' lang='lat' dir='ltr'>Attalo</span> <span class='ocrx_word' id='word_1_14' title='bbox 268 2577 300 2603; x_wconf 85' lang='lat' dir='ltr'>et</span> 
     </span>
     <span class='ocr_line' id='line_1_8' title="bbox 138 2614 306 2648; baseline 0.018 -4"><span class='ocrx_word' id='word_1_15' title='bbox 138 2614 306 2648; x_wconf 76' lang='lat' dir='ltr'>Romanis.</span> 
     </span>
    </p>
   </div>
   <div class='ocr_carea' id='block_1_4' title="bbox 341 119 1229 165">
    <p class='ocr_par' dir='ltr' id='par_1_4' title="bbox 341 119 1229 165">
     <span class='ocr_line' id='line_1_9' title="bbox 341 119 1229 165; baseline -0.005 0"><span class='ocrx_word' id='word_1_16' title='bbox 341 128 398 165; x_wconf 88' lang='lat'>40</span> <span class='ocrx_word' id='word_1_17' title='bbox 863 120 1011 163; x_wconf 91' lang='lat' dir='ltr'>TITI</span> <span class='ocrx_word' id='word_1_18' title='bbox 1047 119 1229 162; x_wconf 90' lang='lat' dir='ltr'>LIVII</span> 
     </span>
    </p>
   </div>
   <div class='ocr_carea' id='block_1_5' title="bbox 344 209 1779 2620">
    <p class='ocr_par' dir='ltr' id='par_1_5' title="bbox 344 209 1743 779">
     <span class='ocr_line' id='line_1_10' title="bbox 344 209 1740 270; baseline -0.005 -13"><span class='ocrx_word' id='word_1_19' title='bbox 344 230 437 257; x_wconf 85' lang='lat' dir='ltr'>arce</span> <span class='ocrx_word' id='word_1_20' title='bbox 467 228 597 270; x_wconf 91' lang='lat' dir='ltr'>quum</span> <span class='ocrx_word' id='word_1_21' title='bbox 628 212 806 255; x_wconf 87' lang='lat' dir='ltr'><strong>biduum</strong></span> <span class='ocrx_word' id='word_1_22' title='bbox 834 212 915 254; x_wconf 92' lang='lat' dir='ltr'>loci</span> <span class='ocrx_word' id='word_1_23' title='bbox 944 227 987 253; x_wconf 88' lang='lat' dir='ltr'>se</span> <span class='ocrx_word' id='word_1_24' title='bbox 1016 212 1160 269; x_wconf 82' lang='lat' dir='ltr'>magis,</span> <span class='ocrx_word' id='word_1_25' title='bbox 1183 225 1310 267; x_wconf 88' lang='lat' dir='ltr'>quam</span> <span class='ocrx_word' id='word_1_26' title='bbox 1338 224 1562 259; x_wconf 87' lang='lat' dir='ltr'>armorum,</span> <span class='ocrx_word' id='word_1_27' title='bbox 1584 209 1740 251; x_wconf 86' lang='lat' dir='ltr'>fiducia</span> 
     </span>
     <span class='ocr_line' id='line_1_11' title="bbox 344 267 1740 326; baseline -0.005 -12"><span class='ocrx_word' id='word_1_28' title='bbox 344 272 591 321; x_wconf 87' lang='lat' dir='ltr'>tenuissent,</span> <span class='ocrx_word' id='word_1_29' title='bbox 614 271 737 312; x_wconf 89' lang='lat' dir='ltr'>tertio</span> <span class='ocrx_word' id='word_1_30' title='bbox 758 270 826 311; x_wconf 90' lang='lat' dir='ltr'>die</span> <span class='ocrx_word' id='word_1_31' title='bbox 848 270 960 326; x_wconf 87' lang='lat' dir='ltr'>pacti</span> <span class='ocrx_word' id='word_1_32' title='bbox 988 270 1068 325; x_wconf 90' lang='lat' dir='ltr'>ipsi</span> <span class='ocrx_word' id='word_1_33' title='bbox 1095 268 1448 325; x_wconf 83' lang='lat' dir='ltr'>praesidiumque,</span> <span class='ocrx_word' id='word_1_34' title='bbox 1470 275 1518 308; x_wconf 89' lang='lat' dir='ltr'>ut</span> <span class='ocrx_word' id='word_1_35' title='bbox 1538 282 1635 308; x_wconf 90' lang='lat' dir='ltr'>cum</span> <span class='ocrx_word' id='word_1_36' title='bbox 1655 267 1740 308; x_wconf 88' lang='lat' dir='ltr'>sin-</span> 
     </span>
     <span class='ocr_line' id='line_1_12' title="bbox 345 325 1740 388; baseline -0.005 -17"><span class='ocrx_word' id='word_1_37' title='bbox 345 330 454 388; x_wconf 81' lang='lat' dir='ltr'>gulis</span> <span class='ocrx_word' id='word_1_38' title='bbox 474 328 735 371; x_wconf 89' lang='lat' dir='ltr'>vestimentis</span> <span class='ocrx_word' id='word_1_39' title='bbox 760 327 934 368; x_wconf 88' lang='lat' dir='ltr'>Delium</span> <span class='ocrx_word' id='word_1_40' title='bbox 961 326 1162 368; x_wconf 83' lang='lat' dir='ltr'>Boeotiae</span> <span class='ocrx_word' id='word_1_41' title='bbox 1189 325 1569 373; x_wconf 80' lang='lat' dir='ltr'>transveherentur,</span> <span class='ocrx_word' id='word_1_42' title='bbox 1592 325 1740 365; x_wconf 90' lang='lat' dir='ltr'>urbem</span> 
     </span>
     <span class='ocr_line' id='line_1_13' title="bbox 346 381 1743 443; baseline -0.006 -14"><span class='ocrx_word' id='word_1_43' title='bbox 346 402 571 443; x_wconf 82' lang='lat' dir='ltr'>arcemque</span> <span class='ocrx_word' id='word_1_44' title='bbox 603 385 879 427; x_wconf 88' lang='lat' dir='ltr'>tradiderunt.</span> <span class='ocrx_word' id='word_1_45' title='bbox 944 384 1008 425; x_wconf 83' lang='lat' dir='ltr'>Ea</span> <span class='ocrx_word' id='word_1_46' title='bbox 1039 385 1089 425; x_wconf 91' lang='lat' dir='ltr'>ab</span> <span class='ocrx_word' id='word_1_47' title='bbox 1118 384 1322 425; x_wconf 85' lang='lat' dir='ltr'>Romanis</span> <span class='ocrx_word' id='word_1_48' title='bbox 1352 382 1441 438; x_wconf 80' lang='lat' dir='ltr'>regi</span> <span class='ocrx_word' id='word_1_49' title='bbox 1463 381 1609 423; x_wconf 89' lang='lat' dir='ltr'>Attalo</span> <span class='ocrx_word' id='word_1_50' title='bbox 1640 396 1743 422; x_wconf 88' lang='lat' dir='ltr'>con-</span> 
     </span>
     <span class='ocr_line' id='line_1_14' title="bbox 346 438 1742 500; baseline -0.006 -13"><span class='ocrx_word' id='word_1_51' title='bbox 346 460 485 487; x_wconf 85' lang='lat' dir='ltr'>cessa:</span> <span class='ocrx_word' id='word_1_52' title='bbox 518 443 717 500; x_wconf 82' lang='lat' dir='ltr'>praedam</span> <span class='ocrx_word' id='word_1_53' title='bbox 746 450 1075 498; x_wconf 85' lang='lat' dir='ltr'>ornamentaque</span> <span class='ocrx_word' id='word_1_54' title='bbox 1104 442 1218 482; x_wconf 89' lang='lat' dir='ltr'>urbis</span> <span class='ocrx_word' id='word_1_55' title='bbox 1248 441 1327 496; x_wconf 92' lang='lat' dir='ltr'>ipsi</span> <span class='ocrx_word' id='word_1_56' title='bbox 1355 447 1596 481; x_wconf 79' lang='lat' dir='ltr'>avexerunt.</span> <span class='ocrx_word' id='word_1_57' title='bbox 1660 438 1742 479; x_wconf 86' lang='lat' dir='ltr'>At-</span> 
     </span>
     <span class='ocr_line' id='line_1_15' title="bbox 347 496 1741 551; baseline -0.005 -8"><span class='ocrx_word' id='word_1_58' title='bbox 347 503 467 551; x_wconf 80' lang='lat' dir='ltr'>talus,</span> <span class='ocrx_word' id='word_1_59' title='bbox 501 516 554 542; x_wconf 91' lang='lat' dir='ltr'>ne</span> <span class='ocrx_word' id='word_1_60' title='bbox 588 501 793 542; x_wconf 82' lang='lat' dir='ltr'>desertam</span> <span class='ocrx_word' id='word_1_61' title='bbox 827 500 1002 540; x_wconf 86' lang='lat' dir='ltr'>haberet</span> <span class='ocrx_word' id='word_1_62' title='bbox 1033 499 1225 548; x_wconf 88' lang='lat' dir='ltr'>insulam,</span> <span class='ocrx_word' id='word_1_63' title='bbox 1260 507 1302 539; x_wconf 90' lang='lat' dir='ltr'>et</span> <span class='ocrx_word' id='word_1_64' title='bbox 1335 497 1623 538; x_wconf 84' lang='lat' dir='ltr'>Macedonum</span> <span class='ocrx_word' id='word_1_65' title='bbox 1654 496 1741 537; x_wconf 90' lang='lat' dir='ltr'>fere</span> 
     </span>
     <span class='ocr_line' id='line_1_16' title="bbox 348 554 1739 613; baseline -0.004 -13"><span class='ocrx_word' id='word_1_66' title='bbox 348 559 555 607; x_wconf 77' lang='lat' dir='ltr'>omnibus,</span> <span class='ocrx_word' id='word_1_67' title='bbox 578 568 621 599; x_wconf 91' lang='lat' dir='ltr'>et</span> <span class='ocrx_word' id='word_1_68' title='bbox 641 557 892 613; x_wconf 88' lang='lat' dir='ltr'>quibusdam</span> <span class='ocrx_word' id='word_1_69' title='bbox 912 557 1185 605; x_wconf 79' lang='lat' dir='ltr'>Andriorum,</span> <span class='ocrx_word' id='word_1_70' title='bbox 1203 566 1250 597; x_wconf 89' lang='lat' dir='ltr'>ut</span> <span class='ocrx_word' id='word_1_71' title='bbox 1271 564 1501 603; x_wconf 86' lang='lat' dir='ltr'>manerent,</span> <span class='ocrx_word' id='word_1_72' title='bbox 1523 554 1739 610; x_wconf 82' lang='lat' dir='ltr'>persuasit.</span> 
     </span>
     <span class='ocr_line' id='line_1_17' title="bbox 348 612 1742 670; baseline -0.005 -12"><span class='ocrx_word' id='word_1_73' title='bbox 348 617 502 658; x_wconf 85' lang='lat' dir='ltr'>Postea</span> <span class='ocrx_word' id='word_1_74' title='bbox 523 625 565 656; x_wconf 88' lang='lat' dir='ltr'>et</span> <span class='ocrx_word' id='word_1_75' title='bbox 586 616 636 656; x_wconf 88' lang='lat' dir='ltr'>ab</span> <span class='ocrx_word' id='word_1_76' title='bbox 659 615 798 663; x_wconf 88' lang='lat' dir='ltr'>Delio,</span> <span class='ocrx_word' id='word_1_77' title='bbox 822 615 895 670; x_wconf 89' lang='lat' dir='ltr'>qui</span> <span class='ocrx_word' id='word_1_78' title='bbox 917 629 968 655; x_wconf 88' lang='lat' dir='ltr'>ex</span> <span class='ocrx_word' id='word_1_79' title='bbox 991 623 1114 670; x_wconf 87' lang='lat' dir='ltr'>pacto</span> <span class='ocrx_word' id='word_1_80' title='bbox 1136 613 1356 655; x_wconf 81' lang='lat' dir='ltr'>transvecti</span> <span class='ocrx_word' id='word_1_81' title='bbox 1379 628 1429 653; x_wconf 90' lang='lat' dir='ltr'>eo</span> <span class='ocrx_word' id='word_1_82' title='bbox 1450 612 1628 660; x_wconf 87' lang='lat' dir='ltr'>fuerant,</span> <span class='ocrx_word' id='word_1_83' title='bbox 1646 626 1742 666; x_wconf 88' lang='lat' dir='ltr'>pro-</span> 
     </span>
     <span class='ocr_line' id='line_1_18' title="bbox 348 667 1743 728; baseline -0.004 -14"><span class='ocrx_word' id='word_1_84' title='bbox 348 674 482 715; x_wconf 85' lang='lat' dir='ltr'>missis</span> <span class='ocrx_word' id='word_1_85' title='bbox 512 673 632 727; x_wconf 74' lang='lat' dir='ltr'>regis,</span> <span class='ocrx_word' id='word_1_86' title='bbox 663 687 793 728; x_wconf 87' lang='lat' dir='ltr'>quum</span> <span class='ocrx_word' id='word_1_87' title='bbox 825 672 1081 713; x_wconf 86' lang='lat' dir='ltr'>desiderium</span> <span class='ocrx_word' id='word_1_88' title='bbox 1110 686 1278 727; x_wconf 89' lang='lat' dir='ltr'>quoque</span> <span class='ocrx_word' id='word_1_89' title='bbox 1310 670 1467 726; x_wconf 84' lang='lat' dir='ltr'>patriae</span> <span class='ocrx_word' id='word_1_90' title='bbox 1495 669 1656 710; x_wconf 86' lang='lat' dir='ltr'>facilius</span> <span class='ocrx_word' id='word_1_91' title='bbox 1689 667 1743 709; x_wconf 89' lang='lat' dir='ltr'>ad</span> 
     </span>
     <span class='ocr_line' id='line_1_19' title="bbox 349 729 1260 779; baseline -0.003 -7"><span class='ocrx_word' id='word_1_92' title='bbox 349 730 608 772; x_wconf 88' lang='lat' dir='ltr'>credendum</span> <span class='ocrx_word' id='word_1_93' title='bbox 630 730 851 770; x_wconf 83' lang='lat' dir='ltr'>inclinaret</span> <span class='ocrx_word' id='word_1_94' title='bbox 871 730 1044 779; x_wconf 87' lang='lat' dir='ltr'>animos,</span> <span class='ocrx_word' id='word_1_95' title='bbox 1067 729 1260 770; x_wconf 87' lang='lat' dir='ltr'>revocati.</span> 
     </span>
    </p>

    <p class='ocr_par' dir='ltr' id='par_1_6' title="bbox 348 784 1779 2390">
     <span class='ocr_line' id='line_1_20' title="bbox 408 784 1744 843; baseline -0.004 -14"><span class='ocrx_word' id='word_1_96' title='bbox 408 789 479 829; x_wconf 87' lang='lat' dir='ltr'>Ab</span> <span class='ocrx_word' id='word_1_97' title='bbox 504 787 652 828; x_wconf 78' lang='lat' dir='ltr'>Andro</span> <span class='ocrx_word' id='word_1_98' title='bbox 681 786 901 843; x_wconf 76' lang='lat' dir='ltr'>Cythnum</span> <span class='ocrx_word' id='word_1_99' title='bbox 933 787 1199 827; x_wconf 85' lang='lat' dir='ltr'>traiecerunt.</span> <span class='ocrx_word' id='word_1_100' title='bbox 1261 785 1327 827; x_wconf 88' lang='lat' dir='ltr'>Ibi</span> <span class='ocrx_word' id='word_1_101' title='bbox 1358 784 1447 826; x_wconf 90' lang='lat' dir='ltr'>dies</span> <span class='ocrx_word' id='word_1_102' title='bbox 1477 784 1638 839; x_wconf 86' lang='lat' dir='ltr'>aliquot</span> <span class='ocrx_word' id='word_1_103' title='bbox 1669 798 1744 839; x_wconf 85' lang='lat' dir='ltr'>op-</span> 
     </span>
     <span class='ocr_line' id='line_1_21' title="bbox 349 842 1742 901; baseline -0.004 -15"><span class='ocrx_word' id='word_1_104' title='bbox 349 845 578 901; x_wconf 78' lang='lat' dir='ltr'>pugnanda</span> <span class='ocrx_word' id='word_1_105' title='bbox 598 845 700 885; x_wconf 91' lang='lat' dir='ltr'>urbe</span> <span class='ocrx_word' id='word_1_106' title='bbox 723 844 1006 899; x_wconf 86' lang='lat' dir='ltr'>nequicquam</span> <span class='ocrx_word' id='word_1_107' title='bbox 1033 843 1270 899; x_wconf 82' lang='lat' dir='ltr'>absumpti:</span> <span class='ocrx_word' id='word_1_108' title='bbox 1305 852 1358 892; x_wconf 85' lang='lat' dir='ltr'>et,</span> <span class='ocrx_word' id='word_1_109' title='bbox 1382 843 1482 898; x_wconf 87' lang='lat' dir='ltr'>quia</span> <span class='ocrx_word' id='word_1_110' title='bbox 1502 842 1572 883; x_wconf 85' lang='lat' dir='ltr'>vix</span> <span class='ocrx_word' id='word_1_111' title='bbox 1593 856 1742 897; x_wconf 85' lang='lat' dir='ltr'>operae</span> 
     </span>
     <span class='ocr_line' id='line_1_22' title="bbox 349 899 1743 958; baseline -0.004 -15"><span class='ocrx_word' id='word_1_112' title='bbox 349 903 531 958; x_wconf 88' lang='lat' dir='ltr'>pretium</span> <span class='ocrx_word' id='word_1_113' title='bbox 561 912 659 951; x_wconf 83' lang='lat' dir='ltr'>erat,</span> <span class='ocrx_word' id='word_1_114' title='bbox 690 902 934 942; x_wconf 87' lang='lat' dir='ltr'>abscessere.</span> <span class='ocrx_word' id='word_1_115' title='bbox 998 902 1071 942; x_wconf 79' lang='lat' dir='ltr'>Ad</span> <span class='ocrx_word' id='word_1_116' title='bbox 1092 901 1256 942; x_wconf 86' lang='lat' dir='ltr'>Prasias</span> <span class='ocrx_word' id='word_1_117' title='bbox 1277 900 1552 955; x_wconf 90' lang='lat' dir='ltr'>(continentis</span> <span class='ocrx_word' id='word_1_118' title='bbox 1575 899 1743 939; x_wconf 84' lang='lat' dir='ltr'>Atticae</span> 
     </span>
     <span class='ocr_line' id='line_1_23' title="bbox 348 957 1745 1014; baseline -0.003 -14"><span class='ocrx_word' id='word_1_119' title='bbox 348 961 384 1000; x_wconf 89' lang='lat' dir='ltr'>is</span> <span class='ocrx_word' id='word_1_120' title='bbox 416 959 532 1000; x_wconf 90' lang='lat' dir='ltr'>locus</span> <span class='ocrx_word' id='word_1_121' title='bbox 568 960 650 1013; x_wconf 88' lang='lat' dir='ltr'>est)</span> <span class='ocrx_word' id='word_1_122' title='bbox 686 959 920 999; x_wconf 81' lang='lat' dir='ltr'>Issaeorum</span> <span class='ocrx_word' id='word_1_123' title='bbox 956 959 1105 1014; x_wconf 79' lang='lat' dir='ltr'>viginti</span> <span class='ocrx_word' id='word_1_124' title='bbox 1140 958 1268 998; x_wconf 90' lang='lat' dir='ltr'>lembi</span> <span class='ocrx_word' id='word_1_125' title='bbox 1302 957 1420 998; x_wconf 88' lang='lat' dir='ltr'>classi</span> <span class='ocrx_word' id='word_1_126' title='bbox 1454 957 1745 997; x_wconf 82' lang='lat' dir='ltr'>Romanorum</span> 
     </span>
     <span class='ocr_line' id='line_1_24' title="bbox 350 1014 1742 1072; baseline -0.002 -15"><span class='ocrx_word' id='word_1_127' title='bbox 350 1017 538 1057; x_wconf 89' lang='lat' dir='ltr'>adiuncti</span> <span class='ocrx_word' id='word_1_128' title='bbox 560 1025 668 1056; x_wconf 88' lang='lat' dir='ltr'>sunt.</span> <span class='ocrx_word' id='word_1_129' title='bbox 732 1015 769 1056; x_wconf 91' lang='lat' dir='ltr'>Ii</span> <span class='ocrx_word' id='word_1_130' title='bbox 791 1016 903 1056; x_wconf 89' lang='lat' dir='ltr'>missi</span> <span class='ocrx_word' id='word_1_131' title='bbox 925 1016 978 1056; x_wconf 90' lang='lat' dir='ltr'>ad</span> <span class='ocrx_word' id='word_1_132' title='bbox 999 1015 1262 1072; x_wconf 86' lang='lat' dir='ltr'>populandos</span> <span class='ocrx_word' id='word_1_133' title='bbox 1286 1014 1576 1070; x_wconf 83' lang='lat' dir='ltr'>Carystiorum</span> <span class='ocrx_word' id='word_1_134' title='bbox 1597 1028 1742 1069; x_wconf 82' lang='lat' dir='ltr'>agros:</span> 
     </span>
     <span class='ocr_line' id='line_1_25' title="bbox 350 1071 1747 1127; baseline -0.002 -13"><span class='ocrx_word' id='word_1_135' title='bbox 350 1083 490 1114; x_wconf 89' lang='lat' dir='ltr'>cetera</span> <span class='ocrx_word' id='word_1_136' title='bbox 510 1073 649 1114; x_wconf 89' lang='lat' dir='ltr'>classis</span> <span class='ocrx_word' id='word_1_137' title='bbox 673 1072 937 1122; x_wconf 76' lang='lat' dir='ltr'>Geraestum,</span> <span class='ocrx_word' id='word_1_138' title='bbox 960 1073 1145 1114; x_wconf 88' lang='lat' dir='ltr'>nobilem</span> <span class='ocrx_word' id='word_1_139' title='bbox 1169 1072 1367 1114; x_wconf 84' lang='lat' dir='ltr'>Euboeae</span> <span class='ocrx_word' id='word_1_140' title='bbox 1393 1081 1575 1127; x_wconf 86' lang='lat' dir='ltr'>portum,</span> <span class='ocrx_word' id='word_1_141' title='bbox 1598 1071 1700 1111; x_wconf 91' lang='lat' dir='ltr'>dum</span> <span class='ocrx_word' id='word_1_142' title='bbox 1722 1085 1747 1112; x_wconf 89' lang='lat' dir='ltr'>a</span> 
     </span>
     <span class='ocr_line' id='line_1_26' title="bbox 353 1128 1747 1187; baseline -0.002 -16"><span class='ocrx_word' id='word_1_143' title='bbox 353 1130 533 1187; x_wconf 71' lang='lat' dir='ltr'>Carysto</span> <span class='ocrx_word' id='word_1_144' title='bbox 555 1130 682 1171; x_wconf 84' lang='lat' dir='ltr'>Issaei</span> <span class='ocrx_word' id='word_1_145' title='bbox 703 1130 901 1179; x_wconf 83' lang='lat' dir='ltr'>redirent,</span> <span class='ocrx_word' id='word_1_146' title='bbox 925 1130 1072 1171; x_wconf 87' lang='lat' dir='ltr'>tenuit.</span> <span class='ocrx_word' id='word_1_147' title='bbox 1122 1129 1228 1170; x_wconf 91' lang='lat' dir='ltr'>Inde</span> <span class='ocrx_word' id='word_1_148' title='bbox 1251 1144 1408 1178; x_wconf 86' lang='grc'>01111163,</span> <span class='ocrx_word' id='word_1_149' title='bbox 1426 1129 1528 1169; x_wconf 78' lang='lat' dir='ltr'>velis</span> <span class='ocrx_word' id='word_1_150' title='bbox 1549 1129 1593 1169; x_wconf 89' lang='lat' dir='ltr'>in</span> <span class='ocrx_word' id='word_1_151' title='bbox 1614 1128 1747 1169; x_wconf 90' lang='lat' dir='ltr'>altum</span> 
     </span>
     <span class='ocr_line' id='line_1_27' title="bbox 349 1185 1747 1243; baseline -0.001 -15"><span class='ocrx_word' id='word_1_152' title='bbox 349 1188 469 1237; x_wconf 89' lang='lat' dir='ltr'>datis,</span> <span class='ocrx_word' id='word_1_153' title='bbox 506 1188 631 1228; x_wconf 87' lang='lat' dir='ltr'>maris</span> <span class='ocrx_word' id='word_1_154' title='bbox 672 1187 811 1228; x_wconf 88' lang='lat' dir='ltr'>medio</span> <span class='ocrx_word' id='word_1_155' title='bbox 852 1197 1018 1243; x_wconf 85' lang='lat' dir='ltr'>praeter</span> <span class='ocrx_word' id='word_1_156' title='bbox 1057 1187 1234 1243; x_wconf 76' lang='lat' dir='ltr'>Scyrum</span> <span class='ocrx_word' id='word_1_157' title='bbox 1276 1186 1454 1227; x_wconf 88' lang='lat' dir='ltr'>insulam</span> <span class='ocrx_word' id='word_1_158' title='bbox 1491 1185 1610 1227; x_wconf 85' lang='lat' dir='ltr'>Icum</span> <span class='ocrx_word' id='word_1_159' title='bbox 1651 1200 1747 1241; x_wconf 90' lang='lat' dir='ltr'>per-</span> 
     </span>
     <span class='ocr_line' id='line_1_28' title="bbox 349 1243 1753 1300; baseline -0.002 -14"><span class='ocrx_word' id='word_1_160' title='bbox 349 1260 514 1286; x_wconf 86' lang='lat' dir='ltr'>venere.</span> <span class='ocrx_word' id='word_1_161' title='bbox 578 1244 644 1285; x_wconf 80' lang='lat' dir='ltr'>Ibi</span> <span class='ocrx_word' id='word_1_162' title='bbox 683 1259 838 1300; x_wconf 86' lang='lat' dir='ltr'>paucos</span> <span class='ocrx_word' id='word_1_163' title='bbox 874 1244 976 1294; x_wconf 77' lang='lat' dir='ltr'>dies,</span> <span class='ocrx_word' id='word_1_164' title='bbox 1014 1246 1224 1286; x_wconf 88' lang='lat' dir='ltr'>saeviente</span> <span class='ocrx_word' id='word_1_165' title='bbox 1263 1244 1410 1294; x_wconf 86' lang='lat' dir='ltr'>Borea,</span> <span class='ocrx_word' id='word_1_166' title='bbox 1448 1243 1628 1292; x_wconf 79' lang='lat' dir='ltr'>retenti3</span> <span class='ocrx_word' id='word_1_167' title='bbox 1672 1243 1753 1284; x_wconf 16' lang='lat' dir='ltr'>ubit</span> 
     </span>
     <span class='ocr_line' id='line_1_29' title="bbox 349 1301 1747 1358; baseline -0.001 -16"><span class='ocrx_word' id='word_1_168' title='bbox 349 1302 485 1358; x_wconf 88' lang='lat' dir='ltr'>prima</span> <span class='ocrx_word' id='word_1_169' title='bbox 514 1301 792 1357; x_wconf 90' lang='lat' dir='ltr'>tranquillitas</span> <span class='ocrx_word' id='word_1_170' title='bbox 820 1302 918 1342; x_wconf 91' lang='lat' dir='ltr'>data</span> <span class='ocrx_word' id='word_1_171' title='bbox 948 1310 1022 1351; x_wconf 90' lang='lat' dir='ltr'>est,</span> <span class='ocrx_word' id='word_1_172' title='bbox 1055 1301 1271 1343; x_wconf 83' lang='lat' dir='ltr'>Sciathum</span> <span class='ocrx_word' id='word_1_173' title='bbox 1304 1301 1518 1350; x_wconf 86' lang='lat' dir='ltr'>traiecere,</span> <span class='ocrx_word' id='word_1_174' title='bbox 1544 1308 1747 1342; x_wconf 82' lang='lat' dir='ltr'>vastatam</span> 
     </span>
     <span class='ocr_line' id='line_1_30' title="bbox 350 1357 1747 1415; baseline -0.001 -16"><span class='ocrx_word' id='word_1_175' title='bbox 350 1360 498 1400; x_wconf 87' lang='lat' dir='ltr'>urbem</span> <span class='ocrx_word' id='word_1_176' title='bbox 531 1359 821 1415; x_wconf 85' lang='lat' dir='ltr'>direptamque</span> <span class='ocrx_word' id='word_1_177' title='bbox 855 1374 991 1415; x_wconf 86' lang='lat' dir='ltr'>nuper</span> <span class='ocrx_word' id='word_1_178' title='bbox 1023 1375 1047 1400; x_wconf 90' lang='lat' dir='ltr'>a</span> <span class='ocrx_word' id='word_1_179' title='bbox 1078 1359 1289 1415; x_wconf 82' lang='lat' dir='ltr'>Philippo.</span> <span class='ocrx_word' id='word_1_180' title='bbox 1352 1358 1436 1399; x_wconf 87' lang='lat' dir='ltr'>Per</span> <span class='ocrx_word' id='word_1_181' title='bbox 1468 1373 1587 1414; x_wconf 82' lang='lat' dir='ltr'>agros</span> <span class='ocrx_word' id='word_1_182' title='bbox 1618 1357 1747 1414; x_wconf 87' lang='lat' dir='ltr'>palati</span> 
     </span>
     <span class='ocr_line' id='line_1_31' title="bbox 350 1415 1746 1472; baseline 0 -16"><span class='ocrx_word' id='word_1_183' title='bbox 350 1416 503 1457; x_wconf 88' lang='lat' dir='ltr'>milites</span> <span class='ocrx_word' id='word_1_184' title='bbox 529 1416 800 1466; x_wconf 85' lang='lat' dir='ltr'>frumentum,</span> <span class='ocrx_word' id='word_1_185' title='bbox 824 1424 867 1457; x_wconf 87' lang='lat' dir='ltr'>et</span> <span class='ocrx_word' id='word_1_186' title='bbox 894 1417 927 1457; x_wconf 88' lang='lat' dir='ltr'>si</span> <span class='ocrx_word' id='word_1_187' title='bbox 953 1432 1038 1472; x_wconf 86' lang='lat' dir='ltr'>qua</span> <span class='ocrx_word' id='word_1_188' title='bbox 1064 1416 1144 1458; x_wconf 88' lang='lat' dir='ltr'>alia</span> <span class='ocrx_word' id='word_1_189' title='bbox 1172 1417 1265 1457; x_wconf 89' lang='lat' dir='ltr'>usui</span> <span class='ocrx_word' id='word_1_190' title='bbox 1294 1431 1381 1457; x_wconf 87' lang='lat' dir='ltr'>esse</span> <span class='ocrx_word' id='word_1_191' title='bbox 1410 1416 1463 1456; x_wconf 88' lang='lat' dir='ltr'>ad</span> <span class='ocrx_word' id='word_1_192' title='bbox 1490 1415 1746 1457; x_wconf 83' lang='lat' dir='ltr'>vescendum</span> 
     </span>
     <span class='ocr_line' id='line_1_32' title="bbox 350 1473 1744 1529; baseline -0.001 -15"><span class='ocrx_word' id='word_1_193' title='bbox 350 1482 557 1529; x_wconf 88' lang='lat' dir='ltr'>poterant,</span> <span class='ocrx_word' id='word_1_194' title='bbox 580 1473 633 1514; x_wconf 90' lang='lat' dir='ltr'>ad</span> <span class='ocrx_word' id='word_1_195' title='bbox 659 1489 787 1514; x_wconf 88' lang='lat' dir='ltr'>naves</span> <span class='ocrx_word' id='word_1_196' title='bbox 813 1473 1004 1515; x_wconf 86' lang='lat' dir='ltr'>retulere.</span> <span class='ocrx_word' id='word_1_197' title='bbox 1067 1473 1254 1515; x_wconf 81' lang='lat' dir='ltr'>Praedae</span> <span class='ocrx_word' id='word_1_198' title='bbox 1283 1489 1360 1514; x_wconf 88' lang='lat' dir='ltr'>nec</span> <span class='ocrx_word' id='word_1_199' title='bbox 1390 1483 1478 1514; x_wconf 83' lang='lat' dir='ltr'>erat</span> <span class='ocrx_word' id='word_1_200' title='bbox 1503 1474 1744 1529; x_wconf 86' lang='lat' dir='ltr'>quicquam,</span> 
     </span>
     <span class='ocr_line' id='line_1_33' title="bbox 351 1530 1746 1587; baseline 0 -17"><span class='ocrx_word' id='word_1_201' title='bbox 351 1545 430 1571; x_wconf 91' lang='lat' dir='ltr'>nec</span> <span class='ocrx_word' id='word_1_202' title='bbox 466 1540 704 1572; x_wconf 88' lang='lat' dir='ltr'>meruerant</span> <span class='ocrx_word' id='word_1_203' title='bbox 743 1530 909 1581; x_wconf 84' lang='lat' dir='ltr'>Graeci,</span> <span class='ocrx_word' id='word_1_204' title='bbox 948 1546 1023 1572; x_wconf 87' lang='lat' dir='ltr'>cur</span> <span class='ocrx_word' id='word_1_205' title='bbox 1062 1531 1355 1587; x_wconf 86' lang='lat' dir='ltr'>diriperentur.</span> <span class='ocrx_word' id='word_1_206' title='bbox 1418 1530 1525 1571; x_wconf 87' lang='lat' dir='ltr'>Inde</span> <span class='ocrx_word' id='word_1_207' title='bbox 1566 1530 1746 1571; x_wconf 88' lang='lat' dir='ltr'>Cassan-</span> 
     </span>
     <span class='ocr_line' id='line_1_34' title="bbox 351 1587 1779 1644; baseline 0.001 -17"><span class='ocrx_word' id='word_1_208' title='bbox 351 1587 496 1628; x_wconf 87' lang='lat' dir='ltr'>dream</span> <span class='ocrx_word' id='word_1_209' title='bbox 536 1596 739 1644; x_wconf 88' lang='lat' dir='ltr'>petentes,</span> <span class='ocrx_word' id='word_1_210' title='bbox 777 1588 912 1643; x_wconf 89' lang='lat' dir='ltr'>primo</span> <span class='ocrx_word' id='word_1_211' title='bbox 953 1588 1006 1629; x_wconf 85' lang='lat' dir='ltr'>ad</span> <span class='ocrx_word' id='word_1_212' title='bbox 1043 1588 1238 1638; x_wconf 87' lang='lat' dir='ltr'>Mendin,</span> <span class='ocrx_word' id='word_1_213' title='bbox 1276 1588 1531 1629; x_wconf 86' lang='lat' dir='ltr'>maritimum</span> <span class='ocrx_word' id='word_1_214' title='bbox 1568 1588 1779 1634; x_wconf 80' lang='lat' dir='ltr'>civitatis6</span> 
     </span>
     <span class='ocr_line' id='line_1_35' title="bbox 352 1645 1744 1702; baseline 0.001 -17"><span class='ocrx_word' id='word_1_215' title='bbox 352 1645 442 1686; x_wconf 89' lang='lat' dir='ltr'>eius</span> <span class='ocrx_word' id='word_1_216' title='bbox 471 1645 624 1694; x_wconf 85' lang='lat' dir='ltr'>vicum,</span> <span class='ocrx_word' id='word_1_217' title='bbox 655 1654 841 1687; x_wconf 89' lang='lat' dir='ltr'>tenuere.</span> <span class='ocrx_word' id='word_1_218' title='bbox 904 1645 1011 1686; x_wconf 85' lang='lat' dir='ltr'>Inde</span> <span class='ocrx_word' id='word_1_219' title='bbox 1043 1661 1188 1702; x_wconf 84' lang='lat' dir='ltr'>quum,</span> <span class='ocrx_word' id='word_1_220' title='bbox 1218 1654 1412 1702; x_wconf 88' lang='lat' dir='ltr'>superato</span> <span class='ocrx_word' id='word_1_221' title='bbox 1443 1645 1744 1701; x_wconf 86' lang='lat' dir='ltr'>promontorio,</span> 
     </span>
     <span class='ocr_line' id='line_1_36' title="bbox 351 1702 1747 1759; baseline 0.001 -17"><span class='ocrx_word' id='word_1_222' title='bbox 351 1702 404 1742; x_wconf 88' lang='lat' dir='ltr'>ad</span> <span class='ocrx_word' id='word_1_223' title='bbox 440 1702 529 1758; x_wconf 89' lang='lat' dir='ltr'>ipsa</span> <span class='ocrx_word' id='word_1_224' title='bbox 563 1703 730 1743; x_wconf 86' lang='lat' dir='ltr'>moenia</span> <span class='ocrx_word' id='word_1_225' title='bbox 764 1703 877 1743; x_wconf 87' lang='lat' dir='ltr'>urbis</span> <span class='ocrx_word' id='word_1_226' title='bbox 908 1703 1188 1759; x_wconf 79' lang='lat' dir='ltr'>circumagere</span> <span class='ocrx_word' id='word_1_227' title='bbox 1221 1703 1393 1744; x_wconf 86' lang='lat' dir='ltr'>classem</span> <span class='ocrx_word' id='word_1_228' title='bbox 1424 1703 1593 1752; x_wconf 73' lang='lat' dir='ltr'>vellent,</span> <span class='ocrx_word' id='word_1_229' title='bbox 1626 1718 1747 1744; x_wconf 87' lang='lat' dir='ltr'>saeva</span> 
     </span>
     <span class='ocr_line' id='line_1_37' title="bbox 351 1761 1747 1816; baseline 0.001 -17"><span class='ocrx_word' id='word_1_230' title='bbox 351 1769 493 1800; x_wconf 83' lang='lat' dir='ltr'>coorta</span> <span class='ocrx_word' id='word_1_231' title='bbox 523 1768 784 1815; x_wconf 87' lang='lat' dir='ltr'>tempestate,</span> <span class='ocrx_word' id='word_1_232' title='bbox 815 1775 945 1816; x_wconf 86' lang='lat' dir='ltr'>prope</span> <span class='ocrx_word' id='word_1_233' title='bbox 977 1761 1114 1802; x_wconf 91' lang='lat' dir='ltr'>obruti</span> <span class='ocrx_word' id='word_1_234' title='bbox 1145 1761 1354 1809; x_wconf 81' lang='lat' dir='ltr'>fiuctibus,</span> <span class='ocrx_word' id='word_1_235' title='bbox 1377 1761 1566 1816; x_wconf 85' lang='lat' dir='ltr'>dispersi,</span> <span class='ocrx_word' id='word_1_236' title='bbox 1593 1775 1747 1816; x_wconf 82' lang='lat' dir='ltr'>magna</span> 
     </span>
     <span class='ocr_line' id='line_1_38' title="bbox 351 1817 1745 1873; baseline 0.001 -17"><span class='ocrx_word' id='word_1_237' title='bbox 351 1831 405 1856; x_wconf 85' lang='lat' dir='ltr'>ex</span> <span class='ocrx_word' id='word_1_238' title='bbox 425 1826 543 1871; x_wconf 86' lang='lat' dir='ltr'>parte</span> <span class='ocrx_word' id='word_1_239' title='bbox 566 1817 725 1857; x_wconf 86' lang='lat' dir='ltr'>amissis</span> <span class='ocrx_word' id='word_1_240' title='bbox 745 1818 1025 1867; x_wconf 79' lang='lat' dir='ltr'>armamentis,</span> <span class='ocrx_word' id='word_1_241' title='bbox 1048 1818 1092 1858; x_wconf 89' lang='lat' dir='ltr'>in</span> <span class='ocrx_word' id='word_1_242' title='bbox 1114 1827 1266 1859; x_wconf 87' lang='lat' dir='ltr'>terram</span> <span class='ocrx_word' id='word_1_243' title='bbox 1288 1819 1537 1873; x_wconf 79' lang='lat' dir='ltr'>effugerunt.</span> <span class='ocrx_word' id='word_1_244' title='bbox 1604 1817 1745 1859; x_wconf 90' lang='lat' dir='ltr'>Omen</span> 
     </span>
     <span class='ocr_line' id='line_1_39' title="bbox 352 1874 1742 1930; baseline 0.002 -17"><span class='ocrx_word' id='word_1_245' title='bbox 352 1888 521 1929; x_wconf 90' lang='lat' dir='ltr'>quoque</span> <span class='ocrx_word' id='word_1_246' title='bbox 543 1889 592 1914; x_wconf 86' lang='lat' dir='ltr'>ea</span> <span class='ocrx_word' id='word_1_247' title='bbox 613 1874 821 1914; x_wconf 83' lang='lat' dir='ltr'>maritima</span> <span class='ocrx_word' id='word_1_248' title='bbox 842 1884 1065 1930; x_wconf 88' lang='lat' dir='ltr'>tempestas</span> <span class='ocrx_word' id='word_1_249' title='bbox 1086 1875 1139 1916; x_wconf 89' lang='lat' dir='ltr'>ad</span> <span class='ocrx_word' id='word_1_250' title='bbox 1164 1891 1253 1917; x_wconf 89' lang='lat' dir='ltr'>rem</span> <span class='ocrx_word' id='word_1_251' title='bbox 1275 1884 1382 1916; x_wconf 90' lang='lat' dir='ltr'>terra</span> <span class='ocrx_word' id='word_1_252' title='bbox 1402 1875 1631 1930; x_wconf 81' lang='lat' dir='ltr'>gerendam</span> <span class='ocrx_word' id='word_1_253' title='bbox 1650 1875 1742 1916; x_wconf 85' lang='lat' dir='ltr'>fuit.</span> 
     </span>
     <span class='ocr_line' id='line_1_40' title="bbox 351 1929 1745 1997; baseline 0.003 -27"><span class='ocrx_word' id='word_1_254' title='bbox 351 1929 478 1979; x_wconf 87' lang='lat' dir='ltr'>Nam,</span> <span class='ocrx_word' id='word_1_255' title='bbox 511 1930 696 1971; x_wconf 89' lang='lat' dir='ltr'>collectis</span> <span class='ocrx_word' id='word_1_256' title='bbox 726 1932 771 1971; x_wconf 87' lang='lat' dir='ltr'>in</span> <span class='ocrx_word' id='word_1_257' title='bbox 801 1947 934 1972; x_wconf 90' lang='lat' dir='ltr'>unum</span> <span class='ocrx_word' id='word_1_258' title='bbox 964 1933 1152 1982; x_wconf 84' lang='lat' dir='ltr'>navibus,</span> <span class='ocrx_word' id='word_1_259' title='bbox 1185 1933 1469 1997; x_wconf 80' lang='lat' dir='ltr'>expositisque</span> <span class='ocrx_word' id='word_1_260' title='bbox 1501 1933 1643 1989; x_wconf 90' lang='lat' dir='ltr'>copiis,</span> <span class='ocrx_word' id='word_1_261' title='bbox 1673 1948 1745 1989; x_wconf 81' lang='lat' dir='ltr'>ag-</span> 
     </span>
     <span class='ocr_line' id='line_1_41' title="bbox 349 1988 1745 2046; baseline 0.003 -19"><span class='ocrx_word' id='word_1_262' title='bbox 349 1988 478 2041; x_wconf 83' lang='lat' dir='ltr'>gressi</span> <span class='ocrx_word' id='word_1_263' title='bbox 506 1988 666 2037; x_wconf 89' lang='lat' dir='ltr'>urbem,</span> <span class='ocrx_word' id='word_1_264' title='bbox 693 2003 790 2029; x_wconf 91' lang='lat' dir='ltr'>cum</span> <span class='ocrx_word' id='word_1_265' title='bbox 818 1989 960 2030; x_wconf 89' lang='lat' dir='ltr'>multis</span> <span class='ocrx_word' id='word_1_266' title='bbox 989 1989 1232 2031; x_wconf 88' lang='lat' dir='ltr'>vulneribus</span> <span class='ocrx_word' id='word_1_267' title='bbox 1262 1990 1430 2046; x_wconf 79' lang='lat' dir='ltr'>repulsi,</span> <span class='ocrx_word' id='word_1_268' title='bbox 1463 1992 1525 2045; x_wconf 88' lang='lat' dir='ltr'>(et</span> <span class='ocrx_word' id='word_1_269' title='bbox 1555 2000 1644 2031; x_wconf 88' lang='lat' dir='ltr'>erat</span> <span class='ocrx_word' id='word_1_270' title='bbox 1674 2006 1745 2031; x_wconf 91' lang='lat' dir='ltr'>va-</span> 
     </span>
     <span class='ocr_line' id='line_1_42' title="bbox 349 2043 1745 2103; baseline 0.004 -19"><span class='ocrx_word' id='word_1_271' title='bbox 349 2043 484 2085; x_wconf 91' lang='lat' dir='ltr'>lidum</span> <span class='ocrx_word' id='word_1_272' title='bbox 521 2045 577 2085; x_wconf 89' lang='lat' dir='ltr'>ibi</span> <span class='ocrx_word' id='word_1_273' title='bbox 614 2045 776 2101; x_wconf 78' lang='lat' dir='ltr'>regium</span> <span class='ocrx_word' id='word_1_274' title='bbox 811 2046 1087 2103; x_wconf 87' lang='lat' dir='ltr'>praesidium)</span> <span class='ocrx_word' id='word_1_275' title='bbox 1122 2048 1239 2088; x_wconf 89' lang='lat' dir='ltr'>irrito</span> <span class='ocrx_word' id='word_1_276' title='bbox 1276 2048 1445 2103; x_wconf 89' lang='lat' dir='ltr'>incepto</span> <span class='ocrx_word' id='word_1_277' title='bbox 1481 2048 1655 2103; x_wconf 80' lang='lat' dir='ltr'>regressi</span> <span class='ocrx_word' id='word_1_278' title='bbox 1690 2048 1745 2090; x_wconf 83' lang='lat' dir='ltr'>ad</span> 
     </span>
     <span class='ocr_line' id='line_1_43' title="bbox 354 2100 1743 2161; baseline 0.004 -19"><span class='ocrx_word' id='word_1_279' title='bbox 354 2100 657 2143; x_wconf 87' lang='lat' dir='ltr'>Canastraeum</span> <span class='ocrx_word' id='word_1_280' title='bbox 688 2103 882 2145; x_wconf 87' lang='lat' dir='ltr'>Pallenes</span> <span class='ocrx_word' id='word_1_281' title='bbox 913 2104 1137 2146; x_wconf 81' lang='lat' dir='ltr'>traiecere:</span> <span class='ocrx_word' id='word_1_282' title='bbox 1178 2105 1290 2154; x_wconf 82' lang='lat' dir='ltr'>inde,</span> <span class='ocrx_word' id='word_1_283' title='bbox 1322 2114 1517 2161; x_wconf 86' lang='lat' dir='ltr'>superato</span> <span class='ocrx_word' id='word_1_284' title='bbox 1548 2106 1743 2147; x_wconf 90' lang='lat' dir='ltr'>Toronae</span> 
     </span>
     <span class='ocr_line' id='line_1_44' title="bbox 349 2160 1745 2219; baseline 0.004 -21"><span class='ocrx_word' id='word_1_285' title='bbox 349 2160 649 2213; x_wconf 89' lang='lat' dir='ltr'>promontorio,</span> <span class='ocrx_word' id='word_1_286' title='bbox 667 2160 911 2215; x_wconf 84' lang='lat' dir='ltr'>navigantes</span> <span class='ocrx_word' id='word_1_287' title='bbox 927 2161 1172 2203; x_wconf 84' lang='lat' dir='ltr'>Acanthum</span> <span class='ocrx_word' id='word_1_288' title='bbox 1190 2162 1359 2218; x_wconf 86' lang='lat' dir='ltr'>petiere.</span> <span class='ocrx_word' id='word_1_289' title='bbox 1408 2161 1475 2203; x_wconf 89' lang='lat' dir='ltr'>Ibi</span> <span class='ocrx_word' id='word_1_290' title='bbox 1491 2163 1627 2219; x_wconf 87' lang='lat' dir='ltr'>primo</span> <span class='ocrx_word' id='word_1_291' title='bbox 1644 2178 1745 2218; x_wconf 82' lang='lat' dir='ltr'>ager</span> 
     </span>
     <span class='ocr_line' id='line_1_45' title="bbox 350 2216 1744 2275; baseline 0.004 -20"><span class='ocrx_word' id='word_1_292' title='bbox 350 2224 548 2265; x_wconf 79' lang='lat' dir='ltr'>vastatus,</span> <span class='ocrx_word' id='word_1_293' title='bbox 570 2216 725 2257; x_wconf 86' lang='lat' dir='ltr'>deinde</span> <span class='ocrx_word' id='word_1_294' title='bbox 754 2218 843 2273; x_wconf 89' lang='lat' dir='ltr'>ipsa</span> <span class='ocrx_word' id='word_1_295' title='bbox 867 2218 965 2259; x_wconf 86' lang='lat' dir='ltr'>urbs</span> <span class='ocrx_word' id='word_1_296' title='bbox 992 2219 1034 2258; x_wconf 83' lang='lat' dir='ltr'>vi</span> <span class='ocrx_word' id='word_1_297' title='bbox 1061 2228 1184 2275; x_wconf 87' lang='lat' dir='ltr'>capta</span> <span class='ocrx_word' id='word_1_298' title='bbox 1208 2235 1255 2260; x_wconf 91' lang='lat' dir='ltr'>ac</span> <span class='ocrx_word' id='word_1_299' title='bbox 1280 2219 1455 2275; x_wconf 86' lang='lat' dir='ltr'>direpta.</span> <span class='ocrx_word' id='word_1_300' title='bbox 1519 2219 1613 2261; x_wconf 87' lang='lat' dir='ltr'>Nec</span> <span class='ocrx_word' id='word_1_301' title='bbox 1634 2220 1744 2261; x_wconf 86' lang='lat' dir='ltr'>ultra</span> 
     </span>
     <span class='ocr_line' id='line_1_46' title="bbox 349 2273 1741 2332; baseline 0.004 -20"><span class='ocrx_word' id='word_1_302' title='bbox 349 2274 555 2328; x_wconf 78' lang='lat' dir='ltr'>progressi</span> <span class='ocrx_word' id='word_1_303' title='bbox 577 2273 680 2327; x_wconf 86' lang='lat' dir='ltr'>(iam</span> <span class='ocrx_word' id='word_1_304' title='bbox 702 2274 815 2316; x_wconf 89' lang='grc'>6111111</span> <span class='ocrx_word' id='word_1_305' title='bbox 833 2283 875 2315; x_wconf 88' lang='lat' dir='ltr'>et</span> <span class='ocrx_word' id='word_1_306' title='bbox 891 2290 1036 2330; x_wconf 81' lang='lat' dir='ltr'>graves</span> <span class='ocrx_word' id='word_1_307' title='bbox 1053 2277 1209 2331; x_wconf 89' lang='lat' dir='ltr'>praeda</span> <span class='ocrx_word' id='word_1_308' title='bbox 1226 2292 1352 2317; x_wconf 84' lang='lat' dir='ltr'>naves</span> <span class='ocrx_word' id='word_1_309' title='bbox 1369 2277 1600 2332; x_wconf 88' lang='lat' dir='ltr'>habebant)</span> <span class='ocrx_word' id='word_1_310' title='bbox 1616 2286 1741 2326; x_wconf 90' lang='lat' dir='ltr'>retro,</span> 
     </span>
     <span class='ocr_line' id='line_1_47' title="bbox 351 2329 1739 2390; baseline 0.003 -19"><span class='ocrx_word' id='word_1_311' title='bbox 351 2329 463 2371; x_wconf 90' lang='lat' dir='ltr'>unde</span> <span class='ocrx_word' id='word_1_312' title='bbox 485 2338 699 2379; x_wconf 85' lang='lat' dir='ltr'>venerant,</span> <span class='ocrx_word' id='word_1_313' title='bbox 727 2330 958 2381; x_wconf 82' lang='lat' dir='ltr'>Sciathum,</span> <span class='ocrx_word' id='word_1_314' title='bbox 977 2341 1019 2372; x_wconf 87' lang='lat' dir='ltr'>et</span> <span class='ocrx_word' id='word_1_315' title='bbox 1036 2334 1086 2373; x_wconf 87' lang='lat' dir='ltr'>ab</span> <span class='ocrx_word' id='word_1_316' title='bbox 1107 2333 1276 2374; x_wconf 85' lang='lat' dir='ltr'>Sciatho</span> <span class='ocrx_word' id='word_1_317' title='bbox 1296 2333 1512 2374; x_wconf 83' lang='lat' dir='ltr'>Euboeam</span> <span class='ocrx_word' id='word_1_318' title='bbox 1531 2342 1739 2390; x_wconf 85' lang='lat' dir='ltr'>repetunt.</span> 
     </span>
    </p>

    <p class='ocr_par' dir='ltr' id='par_1_7' title="bbox 349 2385 1742 2620">
     <span class='ocr_line' id='line_1_48' title="bbox 408 2385 1742 2445; baseline 0.004 -19"><span class='ocrx_word' id='word_1_319' title='bbox 408 2385 471 2426; x_wconf 90' lang='lat' dir='ltr'>Ibi</span> <span class='ocrx_word' id='word_1_320' title='bbox 495 2387 640 2428; x_wconf 84' lang='lat' dir='ltr'>relicta</span> <span class='ocrx_word' id='word_1_321' title='bbox 661 2387 801 2437; x_wconf 90' lang='lat' dir='ltr'>classe,</span> <span class='ocrx_word' id='word_1_322' title='bbox 825 2388 972 2430; x_wconf 85' lang='lat' dir='ltr'>decem</span> <span class='ocrx_word' id='word_1_323' title='bbox 994 2390 1169 2430; x_wconf 84' lang='lat' dir='ltr'>navibus</span> <span class='ocrx_word' id='word_1_324' title='bbox 1194 2390 1401 2445; x_wconf 70' lang='lat' dir='ltr'>expeditis</span> <span class='ocrx_word' id='word_1_325' title='bbox 1429 2391 1567 2432; x_wconf 87' lang='lat' dir='ltr'>sinum</span> <span class='ocrx_word' id='word_1_326' title='bbox 1589 2391 1742 2432; x_wconf 84' lang='lat' dir='ltr'>Malia-</span> 
     </span>
     <span class='ocr_line' id='line_1_49' title="bbox 350 2443 1741 2502; baseline 0.006 -21"><span class='ocrx_word' id='word_1_327' title='bbox 350 2457 446 2482; x_wconf 87' lang='lat' dir='ltr'>cum</span> <span class='ocrx_word' id='word_1_328' title='bbox 479 2443 698 2493; x_wconf 86' lang='lat' dir='ltr'>intravcre,</span> <span class='ocrx_word' id='word_1_329' title='bbox 733 2445 787 2485; x_wconf 88' lang='lat' dir='ltr'>ad</span> <span class='ocrx_word' id='word_1_330' title='bbox 819 2445 1147 2502; x_wconf 90' lang='lat' dir='ltr'>colloquendum</span> <span class='ocrx_word' id='word_1_331' title='bbox 1180 2462 1276 2487; x_wconf 89' lang='lat' dir='ltr'>cum</span> <span class='ocrx_word' id='word_1_332' title='bbox 1307 2447 1470 2488; x_wconf 82' lang='lat' dir='ltr'>Aetolis</span> <span class='ocrx_word' id='word_1_333' title='bbox 1500 2448 1553 2489; x_wconf 91' lang='lat' dir='ltr'>de</span> <span class='ocrx_word' id='word_1_334' title='bbox 1581 2449 1741 2490; x_wconf 88' lang='lat' dir='ltr'>ratione</span> 
     </span>
     <span class='ocr_line' id='line_1_50' title="bbox 349 2500 1742 2596; baseline 0.006 -58"><span class='ocrx_word' id='word_1_335' title='bbox 349 2500 521 2596; x_wconf 43' lang='lat' dir='ltr'>§crcndi</span> <span class='ocrx_word' id='word_1_336' title='bbox 546 2500 654 2541; x_wconf 84' lang='lat' dir='ltr'>belli.</span> <span class='ocrx_word' id='word_1_337' title='bbox 721 2501 981 2558; x_wconf 86' lang='lat' dir='ltr'>Sipyrrhicas</span> <span class='ocrx_word' id='word_1_338' title='bbox 999 2503 1175 2544; x_wconf 85' lang='lat' dir='ltr'>Aetolus</span> <span class='ocrx_word' id='word_1_339' title='bbox 1196 2504 1390 2559; x_wconf 82' lang='lat' dir='ltr'>princeps</span> <span class='ocrx_word' id='word_1_340' title='bbox 1410 2504 1631 2560; x_wconf 77' lang='lat' dir='ltr'>legationis</span> <span class='ocrx_word' id='word_1_341' title='bbox 1652 2506 1742 2547; x_wconf 87' lang='lat' dir='ltr'>eius</span> 
     </span>
     <span class='ocr_line' id='line_1_51' title="bbox 369 2556 1740 2620; baseline 0.004 -21"><span class='ocrx_word' id='word_1_342' title='bbox 369 2556 440 2606; x_wconf 87' lang='lat' dir='ltr'>uit,</span> <span class='ocrx_word' id='word_1_343' title='bbox 464 2572 570 2612; x_wconf 89' lang='lat' dir='ltr'>quae</span> <span class='ocrx_word' id='word_1_344' title='bbox 599 2557 653 2598; x_wconf 88' lang='lat' dir='ltr'>ad</span> <span class='ocrx_word' id='word_1_345' title='bbox 680 2559 1030 2601; x_wconf 84' lang='lat' dir='ltr'>communicanda</span> <span class='ocrx_word' id='word_1_346' title='bbox 1054 2560 1227 2602; x_wconf 85' lang='lat' dir='ltr'>consilia</span> <span class='ocrx_word' id='word_1_347' title='bbox 1249 2560 1499 2605; x_wconf 80' lang='lat' dir='ltr'>Heracleam</span> <span class='ocrx_word' id='word_1_348' title='bbox 1525 2578 1621 2604; x_wconf 90' lang='lat' dir='ltr'>cum</span> <span class='ocrx_word' id='word_1_349' title='bbox 1642 2578 1740 2620; x_wconf 79' lang='lat' dir='ltr'>rege</span> 
     </span>
    </p>
   </div>
   <div class='ocr_carea' id='block_1_6' title="bbox 346 2697 1740 2907">
    <p class='ocr_par' dir='ltr' id='par_1_8' title="bbox 346 2697 1740 2907">
     <span class='ocr_line' id='line_1_52' title="bbox 394 2697 1738 2743; baseline 0.005 -16"><span class='ocrx_word' id='word_1_350' title='bbox 394 2697 414 2728; x_wconf 91' lang='lat'>6</span> <span class='ocrx_word' id='word_1_351' title='bbox 442 2699 553 2727; x_wconf 77' lang='lat' dir='ltr'>Primo</span> <span class='ocrx_word' id='word_1_352' title='bbox 579 2700 622 2728; x_wconf 78' lang='lat' dir='ltr'>ml</span> <span class='ocrx_word' id='word_1_353' title='bbox 647 2699 804 2737; x_wconf 69' lang='lat' dir='ltr'>Ilsetzditz]</span> <span class='ocrx_word' id='word_1_354' title='bbox 852 2701 1020 2737; x_wconf 66' lang='lat' dir='ltr'>sslendam,</span> <span class='ocrx_word' id='word_1_355' title='bbox 1065 2705 1345 2740; x_wconf 73' lang='lat' dir='ltr'>commemoretur,</span> <span class='ocrx_word' id='word_1_356' title='bbox 1381 2702 1552 2733; x_wconf 80' lang='lat' dir='ltr'>Bckkerus</span> <span class='ocrx_word' id='word_1_357' title='bbox 1588 2704 1738 2743; x_wconf 85' lang='lat' dir='ltr'>reposuit.</span> 
     </span>
     <span class='ocr_line' id='line_1_53' title="bbox 346 2740 1740 2783; baseline 0.006 -15"><span class='ocrx_word' id='word_1_358' title='bbox 346 2750 442 2778; x_wconf 84' lang='lat' dir='ltr'>quam</span> <span class='ocrx_word' id='word_1_359' title='bbox 458 2740 638 2770; x_wconf 70' lang='lat' dir='ltr'>Glareanus</span> <span class='ocrx_word' id='word_1_360' title='bbox 651 2742 923 2780; x_wconf 73' lang='lat' dir='ltr'>nmvult,utqnac</span> <span class='ocrx_word' id='word_1_361' title='bbox 936 2744 1019 2779; x_wconf 80' lang='lat' dir='ltr'>urbs,</span> <span class='ocrx_word' id='word_1_362' title='bbox 1066 2744 1341 2783; x_wconf 80' lang='lat' dir='ltr'>l’rucpositioncni</span> <span class='ocrx_word' id='word_1_363' title='bbox 1372 2747 1415 2775; x_wconf 76' lang='lat' dir='ltr'>(ul</span> <span class='ocrx_word' id='word_1_364' title='bbox 1443 2746 1624 2776; x_wconf 80' lang='lat' dir='ltr'>Glareanus</span> <span class='ocrx_word' id='word_1_365' title='bbox 1653 2747 1740 2777; x_wconf 83' lang='lat' dir='ltr'>dele·</span> 
     </span>
     <span class='ocr_line' id='line_1_54' title="bbox 346 2782 1739 2823; baseline 0.005 -11"><span class='ocrx_word' id='word_1_366' title='bbox 346 2782 432 2812; x_wconf 85' lang='lat' dir='ltr'>haud</span> <span class='ocrx_word' id='word_1_367' title='bbox 446 2783 556 2821; x_wconf 82' lang='lat' dir='ltr'>procul</span> <span class='ocrx_word' id='word_1_368' title='bbox 573 2783 727 2812; x_wconf 72' lang='lat' dir='ltr'>Potidaea</span> <span class='ocrx_word' id='word_1_369' title='bbox 740 2789 873 2819; x_wconf 70' lang='lat' dir='ltr'>remota,</span> <span class='ocrx_word' id='word_1_370' title='bbox 886 2790 918 2814; x_wconf 77' lang='lat' dir='ltr'>et</span> <span class='ocrx_word' id='word_1_371' title='bbox 936 2790 1020 2823; x_wconf 70' lang='lat' dir='ltr'>post-</span> <span class='ocrx_word' id='word_1_372' title='bbox 1065 2790 1131 2816; x_wconf 83' lang='lat' dir='ltr'>tam</span> <span class='ocrx_word' id='word_1_373' title='bbox 1157 2788 1294 2821; x_wconf 78' lang='lat' dir='ltr'>volebat,</span> <span class='ocrx_word' id='word_1_374' title='bbox 1310 2788 1365 2818; x_wconf 75' lang='lat' dir='ltr'>sod</span> <span class='ocrx_word' id='word_1_375' title='bbox 1382 2788 1564 2819; x_wconf 72' lang='lat' dir='ltr'>Gronovius</span> <span class='ocrx_word' id='word_1_376' title='bbox 1584 2789 1739 2819; x_wconf 85' lang='lat' dir='ltr'>defendit.</span> 
     </span>
     <span class='ocr_line' id='line_1_55' title="bbox 346 2826 1739 2871; baseline 0.007 -18"><span class='ocrx_word' id='word_1_377' title='bbox 346 2835 384 2854; x_wconf 82' lang='lat' dir='ltr'>ea</span> <span class='ocrx_word' id='word_1_378' title='bbox 414 2826 613 2855; x_wconf 69' lang='lat' dir='ltr'>Cassandrea</span> <span class='ocrx_word' id='word_1_379' title='bbox 644 2826 819 2861; x_wconf 70' lang='lat' dir='ltr'>nominata,</span> <span class='ocrx_word' id='word_1_380' title='bbox 846 2827 886 2856; x_wconf 87' lang='lat' dir='ltr'>ab</span> <span class='ocrx_word' id='word_1_381' title='bbox 919 2828 1021 2857; x_wconf 80' lang='lat' dir='ltr'>llero-</span> <span class='ocrx_word' id='word_1_382' title='bbox 1067 2829 1105 2858; x_wconf 80' lang='lat' dir='ltr'>cf.</span> <span class='ocrx_word' id='word_1_383' title='bbox 1131 2840 1218 2868; x_wconf 84' lang='lat' dir='ltr'>supr.</span> <span class='ocrx_word' id='word_1_384' title='bbox 1240 2830 1258 2861; x_wconf 93' lang='lat' dir='ltr'>i.</span> <span class='ocrx_word' id='word_1_385' title='bbox 1284 2832 1380 2861; x_wconf 70' lang='lat' dir='ltr'>1.‘·ad</span> <span class='ocrx_word' id='word_1_386' title='bbox 1401 2832 1593 2863; x_wconf 74' lang='lat' dir='ltr'>Laurentem</span> <span class='ocrx_word' id='word_1_387' title='bbox 1623 2841 1739 2871; x_wconf 70' lang='lat' dir='ltr'>(tyrum</span> 
     </span>
     <span class='ocr_line' id='line_1_56' title="bbox 346 2867 1215 2907; baseline 0.007 -11"><span class='ocrx_word' id='word_1_388' title='bbox 346 2867 422 2896; x_wconf 84' lang='lat' dir='ltr'>doto</span> <span class='ocrx_word' id='word_1_389' title='bbox 446 2867 495 2898; x_wconf 78' lang='lat' dir='ltr'>vii.</span> <span class='ocrx_word' id='word_1_390' title='bbox 523 2876 590 2905; x_wconf 81' lang='lat'>123.</span> <span class='ocrx_word' id='word_1_391' title='bbox 615 2871 646 2897; x_wconf 83' lang='lat' dir='ltr'>ct</span> <span class='ocrx_word' id='word_1_392' title='bbox 670 2867 863 2907; x_wconf 66' lang='lat' dir='ltr'>Thucydide</span> <span class='ocrx_word' id='word_1_393' title='bbox 887 2869 927 2899; x_wconf 80' lang='lat' dir='ltr'>iv.</span> <span class='ocrx_word' id='word_1_394' title='bbox 955 2879 1019 2907; x_wconf 77' lang='lat'>123.</span> <span class='ocrx_word' id='word_1_395' title='bbox 1067 2873 1215 2903; x_wconf 69' lang='lat' dir='ltr'>tenuisse.</span> 
     </span>
    </p>
   </div>
  </div>
 </body>
</html>
