1960 3218
395 177 476 214 2238
926 173 1072 216 TITI
1110 174 1290 217 LIVII

183 271 227 302 U.
245 272 283 303 C.
308 271 382 311 561.
393 263 493 318 quia
515 262 558 303 id
580 272 745 329 tempus
774 264 897 305 rebus
918 264 1114 320 gerendis
1136 265 1403 306 immaturum
1427 272 1527 313 erat,
1550 264 1593 304 in
1616 263 1792 306 hiberna

181 314 220 345 A·
245 316 283 346 C.
313 325 378 356 ¹91·
392 321 580 376 regressi,
603 321 811 377 principio
833 322 939 363 veris
960 322 1195 363 coniunctis
1217 322 1347 378 copiis
1368 322 1412 362 in
1435 321 1693 363 Thessaliam
1715 322 1790 364 de-

183 389 358 430 Philippus
392 378 658 420 scenderunt.
722 379 773 419 In
797 380 1035 420 Acarnania
1063 389 1150 420 tum
1175 380 1413 420 Antiochus
1435 388 1533 420 erat.
1599 379 1788 420 Adveni-

180 433 368 505 etisssselffius
392 444 522 486 entes,
546 436 769 493 Philippus
799 436 1025 478 Malloeam
1054 437 1347 487 Perrhaebiae,
1371 437 1554 478 Baebius
1582 436 1788 478 Phacium

180 485 225 547 ᾗ,
240 486 365 557 ἃῃῇῑῗὲι
392 503 454 534 est
490 509 719 551 aggressus,
753 510 837 551 quo
866 495 1000 551 primo
1033 510 1163 551 prope
1195 495 1357 551 impetu
1388 504 1521 551 capto,
1557 495 1786 536 Phaestum

181 561 274 591 urbes
293 561 378 601 capi-
391 551 539 593 eadem
562 551 773 593 celeritate
796 553 919 608 capit.
983 552 1089 594 Inde
1114 553 1313 594 Atracem
1332 568 1462 609 quum
1485 568 1526 594 se
1549 553 1785 609 recepisset,
1801 567 1818 589 2

181 607 248 634 unt.
393 610 587 666 Cyletias
604 610 703 651 hinc
721 619 763 651 et
786 610 966 651 Eritium
985 620 1179 666 occupat:
1213 611 1515 667 praesidiisque
1529 626 1604 666 per
1619 620 1788 667 recepta

391 667 547 723 oppida
583 667 806 724 dispositis,
840 668 1039 724 Philippo
1073 684 1211 709 rursus
1243 668 1449 710 obsidenti
1485 667 1712 709 Malloeam
1743 684 1785 709 se

391 725 622 781 coniungit.
679 724 765 766 Sub
783 725 1011 767 adventum
1032 726 1215 767 Romani
1230 726 1450 776 exereitus,
1466 741 1537 767 seu
1556 726 1608 766 ad
1626 734 1787 767 metum

389 783 555 832 virium,
580 798 653 824 seu
674 783 726 824 ad
748 799 864 839 spem
893 784 1052 833 veniae,
1076 799 1206 839 quum
1229 784 1489 825 dedidissent
1516 799 1629 833 sese;
1662 784 1716 825 ad
1737 799 1788 824 ea

390 840 632 896 recipienda
678 841 844 897 oppida,
888 857 994 897 quae
1038 842 1299 882 Athamanes
1340 850 1657 897 occupaverant,
1700 856 1786 882 uno

390 899 556 954 agmine
583 898 732 940 ierunt.
797 899 929 940 Erant.
957 907 1096 940 autem
1126 899 1242 949 haee,
1267 899 1511 954 Aeginium,
1536 899 1784 949 Ericinium,

393 955 595 1012 Gomphi,
622 956 774 1005 Silana,
799 956 961 1006 Tricca,
994 956 1220 1006 Meliboea,
1250 957 1458 997 Phaloria.
1522 955 1628 997 Inde
1658 956 1786 998 Pelli-

390 1028 556 1063 naeum,
580 1014 652 1055 ubi
674 1014 896 1070 Philippus
926 1014 1311 1071 Megalopolitanus
1332 1030 1427 1055 eum
1450 1014 1691 1070 quingentis
1712 1030 1786 1070 pe-

389 1071 547 1112 ditibus
564 1080 606 1112 et
619 1072 830 1128 equitibus
845 1072 1152 1129 quadraginta
1142 1087 1185 1112 111
1207 1073 1414 1128 praesidio
1432 1080 1531 1121 erat,
1550 1082 1592 1113 et
1608 1072 1786 1113 eiieum-

388 1129 545 1179 sidunt,
573 1138 626 1180 et,
650 1130 892 1186 priusquam
919 1140 1225 1186 oppugnarent
1248 1130 1422 1171 mittunt
1443 1129 1495 1170 ad
1524 1129 1784 1186 Philippum,

389 1187 463 1242 qui
501 1196 732 1237 monerent,
767 1203 820 1229 ne
855 1188 938 1228 vim
973 1188 1162 1228 ultimam
1200 1188 1381 1244 experiri
1415 1187 1551 1228 vellet.
1618 1186 1785 1236 Quibus

389 1244 459 1285 ille
488 1245 586 1286 satis
607 1246 798 1287 ferociter
823 1246 1051 1302 iespondit,
1076 1245 1140 1286 vel
1167 1245 1385 1295 Romanis,
1408 1245 1475 1286 vel
1505 1245 1715 1286 Thessalis
1740 1260 1783 1287 se

388 1302 645 1344 crediturum
667 1303 817 1345 fuisse:
852 1304 896 1344 in
919 1303 1107 1368 Philippi
1129 1318 1171 1344 se
1193 1312 1441 1359 potestatem
1465 1303 1784 1344 commissurum

389 1375 476 1401 non
501 1376 600 1402 esse.
663 1361 927 1417 Postquam
916 1361 1108 1417 apparuit
1129 1361 1169 1401 vi
1197 1361 1421 1426 agendum,
1446 1361 1545 1417 quia
1565 1360 1785 1402 videbatur

388 1426 430 1459 et
459 1418 704 1460 Limnaeam
732 1419 881 1460 eodem
914 1428 1101 1475 tempore
1133 1419 1366 1484 oppugnaii
1397 1434 1531 1474 posse,
1560 1433 1701 1473 regem
1731 1418 1785 1460 ad

389 1475 636 1517 Limnaeam
678 1477 737 1518 ile
778 1477 957 1533 placuit.
1013 1476 1111 1517 Bae
1107 1476 1195 1517 iius
1236 1476 1387 1518 restitit
1427 1477 1480 1517 ad
1521 1453 1783 1517 Pellinaeum

387 1534 733 1590 oppugnandum.

244 1600 307 1638 14
446 1591 530 1633 Pei
550 1608 620 1633 eos
648 1592 753 1633 forte
783 1592 872 1634 dies
901 1592 974 1634 M'.
995 1592 1156 1634 Acilius
1177 1592 1335 1643 consul,
1359 1607 1455 1633 eum
1482 1592 1631 1648 viginti
1659 1591 1785 1633 milli-

177 1655 236 1686 Μ
252 1655 376 1686 Acilius
389 1650 464 1690 bus
485 1650 688 1706 peditum,
707 1650 871 1691 duobus
892 1650 1075 1691 millibus
1096 1651 1300 1707 equitum,
1317 1650 1560 1706 quindecim
1583 1650 1783 1706 elephan-

176 1698 374 1771 ffflfflguhl
388 1707 452 1757 tis,
472 1708 574 1749 mari
597 1717 781 1757 truecto,
800 1708 1014 1764 pedestres
1031 1709 1170 1765 copias
1194 1708 1399 1749 Larissam
1423 1708 1576 1749 ducere
1598 1707 1782 1749 delectos

177 1784 357 1815 tratThes
387 1765 567 1806 militum
595 1766 784 1807 tribunos
812 1767 952 1807 iussit:
987 1766 1074 1822 ipse
1104 1782 1198 1807 cum
1230 1766 1420 1822 equitatu
1451 1766 1699 1807 Limnaeam
1729 1765 1783 1807 ad

176 1826 300 1857 saliam.
387 1822 630 1887 Philippum
665 1824 791 1865 venit.
856 1824 1058 1865 Adventu
1089 1823 1269 1865 consulis
1302 1823 1459 1864 deditio
1491 1824 1579 1863 sine
1611 1832 1783 1864 cuneta-

177 1878 258 1939 Εῑξίὃ
272 1890 322 1911 res
388 1881 501 1921 tione
533 1891 594 1922 est
624 1880 755 1922 facta:
800 1881 1085 1937 traditumque
1118 1881 1369 1937 praesidium
1404 1881 1578 1936 regium,
1612 1890 1653 1922 et
1685 1896 1781 1922 cum

176 1927 295 1961 gestae.
386 1938 435 1978 iis
460 1938 730 1980 Athamanes.
794 1939 864 1980 Ab
888 1939 1092 1980 Limnaea
1113 1938 1375 1979 Pellinaeum
1393 1938 1538 1979 consul
1557 1938 1783 1994 proficisci-

388 2004 464 2037 tur.
528 1996 593 2036 Ibi
615 1997 739 2053 primi
758 1997 1019 2038 Athamanes
1042 1996 1305 2037 tradiderunt
1322 2012 1424 2046 sese,
1444 1996 1598 2037 deinde
1616 2004 1657 2036 et
1680 1996 1782 2036 Phi-

386 2053 524 2109 lippus
542 2053 937 2110 Megalopolitanus.
994 2054 1091 2104 Cui,
1110 2054 1329 2095 decedenti
1347 2054 1398 2095 de
1414 2053 1633 2109 praesidio,
1649 2069 1782 2110 quum

385 2112 531 2152 obvius
553 2112 657 2153 forte
680 2112 824 2153 suisset
846 2112 1068 2168 Philippus
1090 2127 1176 2161 rex,
1196 2111 1249 2152 ad
1270 2111 1497 2152 ludibrium
1521 2126 1661 2167 legem
1683 2126 1781 2152 eum

385 2169 635 2210 conszz‘ilutui
667 2169 806 2211 iussit:
842 2170 928 2235 ipse
960 2185 1204 2226 congressus
1233 2169 1415 2218 fiatrem,
1445 2146 1592 2209 haude>
1584 2183 1682 2210 sane
1707 2168 1781 2209 de-

385 2242 482 2267 0010
519 2227 722 2268 maiestati
757 2243 853 2268 suae
888 2228 992 2276 ioco,
1031 2227 1265 2283 appellaxit.
1330 2226 1552 2267 Deductus
1592 2226 1690 2266 inde
1727 2225 1781 2266 ad

384 2284 598 2325 consulem
617 2285 842 2326 custodiri
834 2300 979 2334 11155115,
995 2295 1040 2326 et
1062 2285 1172 2325 haud
1196 2285 1252 2325 ita
1274 2283 1407 2324 multo
1428 2292 1520 2339 post
1543 2283 1586 2323 in
1603 2282 1780 2324 xineulis

387 2341 566 2382 hornam
600 2342 757 2383 missus.
824 2342 978 2384 Cetera
1006 2342 1232 2383 multitudo
1258 2341 1543 2382 Athamanum
1571 2348 1644 2381 aut
1672 2340 1780 2380 mili-

385 2408 473 2439 tum
506 2399 710 2440 Antiochi
742 2400 860 2455 regis,
888 2415 995 2456 quae
1025 2400 1068 2440 in
1095 2398 1312 2455 praesidiis
1343 2398 1579 2438 deditorum
1609 2412 1682 2453 per
1709 2413 1780 2439 eos

384 2456 474 2497 dies
510 2457 760 2522 oppidoium
786 2434 939 2507 fuerat,
973 2457 1171 2512 Philippo
1205 2455 1355 2497 tradita
1390 2455 1475 2510 legi
1508 2455 1779 2496 est.Fue1e

384 2523 554 2554 autem
547 2514 599 2554 ad
623 2515 700 2555 tria
721 2515 851 2555 millia.
878 2515 1109 2555 hominum.
1176 2512 1335 2553 Consul
1366 2512 1571 2553 Larissam
1602 2521 1664 2553 est
1683 2527 1780 2569 pro-

384 2571 529 2619 fectus,
566 2571 621 2612 ibi
655 2572 707 2612 de
743 2587 906 2612 summa
938 2571 1035 2612 belli
1070 2570 1389 2612 consultaturus,
1453 2569 1503 2610 In
1540 2570 1689 2611 itinere
1727 2571 1810 2617 abs

385 2627 524 2668 Pieria
545 2637 587 2669 et
610 2628 838 2684 Metropoli
861 2629 984 2684 legati
1008 2628 1219 2669 tradentes
1241 2628 1362 2668 urbes
1384 2642 1477 2667 suas
1495 2636 1776 2669 occurrerunt.

385 2684 619 2741 Philippus,
645 2685 932 2726 Athamanum
963 2686 1185 2742 praecipue
1209 2684 1381 2740 captivis
1410 2684 1679 2740 indulgenter
1705 2685 1779 2726 ha-

386 2743 491 2792 bitis,
516 2752 561 2783 ut
589 2758 664 2798 per
691 2758 761 2784 005
787 2743 1027 2784 conciliaret
1049 2751 1233 2798 gentem,
1257 2752 1403 2783 nactus
1434 2757 1548 2798 spem
1575 2742 1779 2784 Athama-

429 2864 445 2884 ’Ξ
470 2856 639 2893 Atracem]
667 2855 707 2884 cf.
726 2855 819 2894 Supr.
837 2855 935 2886 xxxii.
958 2862 1003 2893 15.
1106 2855 1161 2885 dat
1178 2854 1367 2885 Crevierius.
1415 2853 1584 2885 Bekkerus
1608 2852 1778 2883 lectionem

429 2906 445 2935 3
471 2898 521 2927 Ab
539 2898 653 2928 Pieria
675 2901 705 2927 et
721 2899 912 2937 Alete-opoli]
949 2899 1062 2928 l’ialm
1107 2898 1134 2927 G
1142 2897 1272 2927 ebhardi
1290 2898 1328 2928 ab
1346 2898 1453 2927 Cieria
1471 2895 1622 2935 reposuit.

386 2940 557 2979 legendum
576 2940 689 2971 suadet
706 2940 866 2979 Sigonius,
881 2950 976 2980 quem
994 2941 1061 2970 lau-
