1960 3218
358 147 440 186 216
877 140 1027 183 ΤΙΤΙ
1069 140 1249 183 LIVII

151 245 196 278 U.
213 246 251 277 C.
275 244 346 285 560.
359 234 566 291 proficisci
591 243 742 291 posset.
805 233 915 275 Item
937 234 990 275 de
1016 233 1241 289 provinciis
1269 241 1509 290 praetorum
1537 234 1754 275 decretum

152 289 192 320 Α·
216 289 254 320 C.
280 298 348 330 19²·
362 301 449 334 est:
483 292 619 349 prima
639 300 687 333 ut
707 307 793 333 sors
821 291 944 342 duae,
967 292 1211 347 urbanaque
1240 300 1283 332 et
1309 291 1420 333 inter
1447 291 1559 333 cives
1587 307 1634 333 ac
1661 306 1785 348 per-5

362 350 529 407 egrinos
550 349 782 391 iurisdictio
804 358 932 390 esset:
957 348 1153 398 secunda,
1179 348 1357 390 Bruttii:
1386 349 1521 399 tertia,
1540 349 1691 398 classis,
1709 357 1756 390 ut

361 408 589 463 navigaret,
612 423 697 464 quo
724 416 892 449 senatus
920 407 1173 448 censuisset:
1208 414 1367 463 quarta,
1394 407 1557 449 Sicilia:
1593 407 1755 463 quinta,

366 466 583 507 Sardinia:
618 473 747 514 sexta,
772 464 980 521 Hispania
1007 464 1189 506 ulterior.
1253 463 1510 521 Imperatum
1541 473 1757 520 praeterea

363 523 413 565 L.
436 523 639 572 Quinctio
660 522 820 564 consuli
842 531 917 572 est,
939 531 986 563 ut
1013 522 1117 563 duas
1144 521 1330 577 legiones
1358 522 1512 563 civium
1542 522 1757 564 Romano-

363 597 457 623 rum
497 596 625 623 novas
665 581 968 629 conscriberet;
1021 588 1063 621 et
1103 580 1262 620 socium
1303 594 1350 620 ac
1391 579 1534 621 Latini
1574 579 1757 621 nominis
1792 624 1793 627 Ἰ

363 640 512 696 viginti
534 639 662 680 millia
684 638 889 695 peditum,
912 646 954 679 et
975 637 1238 693 octingentos
1264 637 1438 693 equites.
1503 637 1614 678 Eum
1637 652 1757 679 exer-

363 698 494 738 citum
526 697 721 753 praetori,
758 696 826 737 cui
864 695 1020 736 Bruttii
1055 695 1271 752 provincia
1305 695 1524 746 evenisset,
1561 694 1757 736 decreve-

363 764 472 797 runt.

422 813 565 855 Aedes
596 813 703 854 duae
735 811 825 854 Iovi
859 828 909 854 eo
939 827 1050 853 anno
1080 811 1125 852 in
1160 811 1371 868 Capitolio
1400 811 1617 852 dedicatae
1646 819 1755 852 sunt.

364 870 549 912 Voverat
580 871 629 912 L.
650 870 800 912 Furius
830 869 1050 926 Purpureo
1081 878 1248 925 praetor
1281 868 1446 910 Gallico
1473 869 1584 910 bello
1615 884 1757 918 unam,

364 928 536 970 alteram
583 928 751 970 consul:
805 927 1015 969 dedicavit
1059 926 1112 975 Q.
1145 926 1332 968 Marcius
1380 926 1503 968 Ralla
1549 926 1756 967 duumvir.

154 1000 326 1031 Fenerato-
364 986 529 1028 Iudicia
548 986 593 1027 in
620 987 875 1028 feneratores
903 1001 953 1027 eo
975 1000 1086 1026 anno
1108 984 1240 1025 multa
1267 999 1408 1025 severe
1431 993 1528 1025 sunt
1548 984 1668 1034 facta,
1691 999 1760 1024 ac-

155 1053 204 1090 res
221 1043 352 1073 damna·
365 1045 606 1086 cusantibus
636 1045 818 1100 privatos
849 1043 1054 1084 aedilibus
1087 1042 1313 1091 curulibus,
1347 1041 1409 1082 M.
1435 1042 1595 1082 Tuccio
1631 1050 1674 1083 et
1709 1041 1756 1082 P.

155 1088 189 1116 n·
366 1102 490 1143 Iunio
513 1101 659 1143 Bruto.
723 1102 791 1142 De
814 1101 946 1141 multa
973 1101 1268 1141 damnatorum
1297 1099 1525 1155 quadrigae
1547 1099 1759 1140 inauratae

365 1160 409 1200 in
452 1159 664 1216 Capitolio
703 1159 877 1215 positae,
919 1166 962 1199 et
1002 1158 1044 1198 in
1082 1157 1188 1198 cella
1224 1157 1347 1206 Iovis,
1385 1173 1510 1213 supra
1548 1157 1792 1212 fastigium6

365 1217 593 1267 aediculae,
628 1216 851 1258 duodecim
886 1216 1020 1272 clipea
1056 1215 1269 1256 inaurata:
1314 1224 1356 1256 et
1391 1215 1519 1255 iidem
1552 1215 1760 1271 porticum

365 1284 484 1316 extra
505 1283 667 1331 portam
691 1274 978 1330 Trigeminam
1002 1273 1111 1314 inter
1131 1272 1327 1328 lignarios
1347 1273 1547 1314 fecerunt.
1775 1292 1791 1324 7

218 1339 286 1377 42.
425 1333 606 1374 Intentis
627 1333 669 1373 in
699 1340 944 1388 apparatum
966 1330 1064 1372 novi
1093 1330 1193 1371 belli
1218 1330 1433 1379 Romanis,
1456 1345 1510 1371 ne
1532 1330 1583 1371 ab
1606 1329 1761 1370 Antio-

365 1391 445 1432 cho
486 1390 657 1447 quidem
700 1389 946 1431 cessabatur.
1029 1388 1135 1429 Tres
1175 1403 1273 1428 eum
1314 1388 1502 1429 civitates
1544 1387 1757 1437 tenebant,

368 1449 559 1505 Smyrna,
583 1456 626 1489 et
654 1447 916 1489 Alexandria
940 1447 1085 1495 Troas,
1108 1454 1151 1487 et
1179 1445 1462 1502 Lampsacus3
1497 1460 1600 1501 quas
1620 1460 1759 1501 neque

363 1507 403 1548 vi
424 1521 667 1562 expugnare
689 1506 742 1546 ad
764 1520 855 1546 eam
878 1504 991 1545 diem
1012 1511 1187 1560 poterat,
1210 1518 1350 1559 neque
1382 1503 1694 1544 conditionibus
1715 1503 1760 1543 in

364 1565 590 1605 amicitiam
621 1563 830 1620 pellicere,
863 1577 1001 1617 neque
1033 1562 1084 1602 ab
1117 1570 1235 1617 tergo
1265 1560 1517 1616 relinquere,
1550 1560 1761 1601 traiiciens

155 1634 309 1666 Antiochi
364 1622 451 1678 ipse
481 1622 524 1662 in
555 1621 782 1677 Europam,
811 1619 988 1660 volebat.
1053 1619 1213 1660 Tenuit
1241 1634 1338 1659 eum
1367 1629 1410 1659 et
1438 1618 1490 1659 de
1522 1617 1761 1659 Hannibale

153 1678 194 1749 §ge
212 1678 338 1726 Hamji-
363 1680 620 1721 deliberatio.
685 1679 741 1720 Et
761 1679 897 1735 primo
913 1692 1039 1718 naves
1060 1686 1240 1733 apertae,
1259 1692 1361 1732 quas
1377 1691 1473 1717 cum
1491 1691 1541 1717 eo
1563 1676 1761 1717 missurus

155 1721 321 1795 bzlgti'lgh-
363 1738 408 1778 in
437 1738 623 1779 Africam
649 1737 797 1786 fuerat,
821 1744 1004 1776 moratae
1032 1743 1151 1775 sunt:
1186 1734 1354 1783 deinde,
1383 1749 1436 1774 an
1466 1734 1638 1775 omuino
1665 1733 1762 1774 mit-

366 1795 518 1837 tendus
539 1804 658 1844 esset,
682 1793 931 1835 consultatio
960 1801 1074 1834 mota
1099 1800 1172 1841 est,
1197 1792 1378 1833 maxime
1408 1807 1432 1832 a
1454 1791 1648 1832 Thoante
1673 1791 1761 1832 Ae-

366 1853 463 1902 tolo,
487 1853 574 1909 qui,
597 1852 791 1893 omnibus
812 1851 856 1891 in
885 1850 1064 1891 Graecia
1085 1849 1269 1890 tumultu
1291 1848 1521 1905 completis,
1547 1848 1761 1890 Demetri-

366 1911 489 1952 adem
517 1911 715 1952 afferebat
743 1909 784 1949 in
814 1916 1018 1964 potestate
1049 1922 1159 1948 esse:
1194 1916 1249 1957 et,
1273 1907 1425 1962 quibus
1456 1906 1685 1948 mendaciis
1706 1906 1759 1947 de

365 1983 475 2024 rege,
506 1967 824 2024 multiplicando
851 1966 987 2007 verbis
1014 1965 1154 2021 copias
1183 1965 1284 2014 eius,
1314 1972 1504 2005 erexerat
1532 1963 1760 2005 multorum

365 2026 408 2067 in
429 2026 608 2067 Graecia
629 2025 802 2074 animos,
820 2023 967 2064 iisdem
990 2031 1031 2064 et
1053 2023 1160 2078 regis
1178 2037 1294 2078 spem
1316 2022 1510 2062 inflabat:
1547 2021 1760 2063 ‘omnium

367 2084 500 2125 ‘votis
533 2099 629 2124 eum
664 2082 835 2124 arcessi:
880 2095 1127 2121 concursum
1164 2080 1217 2120 ad
1252 2080 1373 2120 litora
1407 2079 1609 2128 futurum,
1645 2078 1759 2120 unde

367 2148 377 2165 ‘
395 2141 566 2182 classem
588 2141 744 2196 regiam
772 2138 1110 2195 p1·ospcxissent.'
1171 2137 1256 2177 Hic
1284 2137 1397 2178 idem
1419 2152 1541 2177 ausus
1563 2137 1615 2177 de
1640 2136 1760 2178 Han-

365 2199 503 2240 nibale
545 2208 608 2239 est
649 2212 815 2238 movere
857 2195 1108 2236 sententiam
1150 2209 1280 2250 prope
1322 2195 1403 2236 iam
1440 2204 1597 2235 certam
1637 2194 1756 2249 regis.

366 2256 477 2297 Nam
508 2262 671 2312 ‘neque
704 2253 999 2295 dimittendam
1031 2260 1192 2308 partem
1221 2252 1389 2292 navium
1418 2267 1442 2292 a
1468 2252 1595 2292 classe
1627 2251 1759 2307 regia’

363 2314 584 2355 ccnscbat:
621 2319 632 2336 ⁶
646 2327 797 2368 neque,
820 2311 853 2352 si
875 2309 1106 2351 mittendae
1132 2325 1258 2350 naves
1278 2309 1426 2357 forent,
1451 2309 1588 2349 minus
1610 2323 1758 2363 quem-

365 2380 374 2395 ‘
389 2387 515 2428 quam
538 2371 576 2413 ei
598 2370 729 2419 classi,
748 2384 875 2425 quam
899 2366 1196 2416 Hannibalem,
1215 2365 1554 2423 praeficiendum.
1619 2365 1758 2407 Exsu-

407 2539 422 2567 5
451 2530 562 2559 Prima
584 2533 619 2558 ul
640 2539 707 2557 sors
729 2528 829 2564 duae]
863 2526 908 2556 Ut
935 2524 1037 2563 prima
1084 2524 1233 2561 xxxvi.5.
1258 2524 1415 2553 .·1edicula
1429 2524 1497 2553 sires
1511 2522 1665 2561 (Veneris
1677 2522 1756 2553 Gni-

361 2569 1038 2607 sorsduasiurisdictiouescomplecteretur,
1084 2564 1172 2605 (liae)
1189 2571 1251 2595 tota
1274 2567 1433 2604 aperitur,
1451 2570 1484 2595 ut
1501 2567 1638 2605 conspici
1657 2567 1757 2605 possit

361 2615 484 2645 scilicet
503 2614 657 2643 urbanam
675 2615 706 2642 et
730 2610 939 2650 peregrinam.
963 2609 993 2638 h.
1011 2620 1037 2638 c.
1083 2610 1226 2648 undique
1241 2609 1358 2646 qffigyies
1375 2609 1461 2637 (leae.
1487 2610 1592 2638 Ciu-zv.

363 2658 444 2688 iuter
464 2656 559 2692 circs,
575 2659 606 2685 et
628 2655 710 2684 iuter
733 2654 818 2683 cives
840 2663 877 2682 ac
903 2651 1037 2691 peregri·
1130 2658 1144 2689 7
1168 2653 1260 2681 Inter
1276 2651 1446 2688 [tonarius]
1474 2651 1549 2680 lloc
1561 2651 1685 2680 videtur
1701 2660 1755 2679 110-

362 2710 426 2730 nos,
1081 2703 1154 2723 meu
1172 2704 1239 2722 esse
1257 2693 1317 2722 loci
1334 2692 1377 2722 ¹<ic
1394 2692 1472 2722 dicti
1489 2704 1506 2722 a
1525 2692 1666 2731 lignariis
1687 2692 1755 2731 opi-

404 2742 422 2771 6
446 2740 740 2780 Suprafasti-qim„
764 2735 945 2775 aedit-ulae]
972 2738 1031 2766 Ae-
1084 2735 1212 2765 ficibus:
1240 2735 1283 2764 ita
1306 2738 1339 2764 ut
1363 2737 1446 2766 inter
1463 2736 1617 2773 liffnarios
1640 2735 1753 2765 eadem

360 2786 468 2815 dit-ula
493 2783 544 2813 hic
571 2781 782 2818 intelligenda
811 2779 935 2809 videtur
960 2789 1032 2817 ωψ-
1082 2779 1180 2807 forma
1209 2777 1343 2810 dicutur,
1367 2789 1428 2816 qua
1457 2788 1541 2816 supr.
1570 2777 1589 2807 i.
1617 2779 1645 2807 8.
1670 2779 1754 2807 inter

361 2828 430 2857 sula
443 2826 656 2865 aliqua,quac
668 2822 932 2859 fi)1·tasscsig1111111
953 2820 1036 2850 lovis
1079 2822 1157 2850 dnos
1188 2822 1282 2850 luz-ns.
1321 2821 1426 2850 (hu-:xx
1482 2819 1636 2849 Similiter
1664 2820 1750 2858 apud

361 2874 415 2899 aut
433 2879 522 2899 sacra
538 2867 714 2897 includeret
730 2877 735 2895 z
762 2876 825 2903 quo
842 2874 934 2893 sensu
953 2864 1035 2893 hane
1079 2863 1149 2894 Cic.
1168 2862 1197 2892 iu
1217 2864 1288 2893 Cat.
1306 2862 1324 2893 i.
1344 2875 1371 2901 4.
1391 2863 1651 2900 inter-falcarios.

361 2913 494 2942 eandem
516 2920 622 2941 vocem
641 2907 775 2947 sumpsit
796 2907 920 2937 Plinius
934 2906 977 2936 ll.
992 2906 1034 2936 N.
