1960 3218
532 142 659 185 LIB.
694 140 912 182 XXXIV.
960 139 1108 181 CAP.
1144 143 1210 180 33.
1494 141 1572 180 157

178 236 304 278 ‘falso
326 236 485 292 lugent,
508 234 647 275 vivere
670 233 815 274 sciant.
869 233 931 273 At
952 231 1080 280 enim,
1104 239 1149 271 ut
1170 230 1254 270 iam
1275 230 1334 271 ita
1353 229 1438 271 sint
1458 229 1576 279 haee,
1592 239 1638 271 U.
1654 237 1692 270 C.
1715 246 1787 277 557-

178 294 308 351 ‘quid
335 294 389 335 ad
409 308 493 342 vos,
518 291 736 333 Romani?
798 289 895 331 Hoc
928 298 972 330 tu
1005 289 1119 329 dicas
1146 287 1420 329 liberantibus
1444 287 1578 328 Grae·
1591 284 1631 315 Α·
1656 281 1693 313 C·
1719 291 1788 323 ¹95·

179 352 342 394 ‘ciam‘?
372 352 452 392 hoc
480 351 543 399 iis,
567 349 653 405 qui,
677 357 724 389 ut
751 348 928 389 liberare
960 355 1143 403 possent,
1166 360 1280 386 mare
1309 345 1577 394 traiecerunt,

180 416 314 452 ‘terra
339 409 527 465 marique
559 415 778 463 gesserunt
799 405 988 447 bellum?
1039 404 1127 445 Vos
1150 413 1303 453 tamen,
1326 403 1481 459 inquis,
1508 418 1580 444 ve-

180 474 415 523 ‘stramque
453 465 680 507 amicitiam
718 480 766 505 ac
801 464 1042 505 societatem
1085 461 1253 518 proprie
1290 476 1377 502 non
1413 460 1577 502 violavi.

181 525 388 574 ‘Quoties
418 524 480 565 vis
514 533 554 564 te
586 523 631 564 id
668 536 839 579 arguam
875 519 1054 562 fecisse?
1109 519 1195 561 Sed
1230 519 1328 560 nolo
1364 518 1577 575 pluribus:

181 589 411 624 ‘summam
440 597 529 623 rem
555 580 820 637 complectar.
888 578 1055 627 Quibus
1086 578 1216 634 igitur
1245 578 1370 618 rebus
1398 576 1581 617 amicitia

182 640 418 682 ‘violatur‘?
470 639 638 695 Nempe
661 638 726 680 his
747 638 930 678 maxime
953 636 1130 685 duabus,
1152 636 1186 676 si
1206 635 1338 676 socios
1360 649 1475 675 meos
1505 649 1582 690 pro

149 710 167 742 5
183 698 396 740 ‘hostibus
420 697 601 746 habeas3
635 696 669 737 si
691 711 788 736 cum
810 695 999 736 hostibus
1028 703 1068 735 te
1099 693 1340 749 coniungas.
1405 692 1583 733 Utrum-

183 761 291 813 ‘que
323 771 346 797 a
378 765 417 797 te
448 756 605 796 factum
639 763 711 795 est.
777 752 891 794 Nam
913 761 953 793 et
977 751 1220 801 Messenen,
1243 766 1329 792 uno
1357 758 1483 806 atque
1512 765 1583 791 eo-

184 815 306 856 ‘dem
337 814 427 854 iure
458 812 650 862 foederis,
675 827 759 868 quo
791 820 834 852 et
865 809 1246 858 Lacedaemonem,
1278 808 1324 849 in
1355 807 1582 849 amicitiam

184 878 392 914 ‘nostram
414 879 643 927 acceptam,
666 870 802 911 socius
833 869 922 925 ipse
955 868 1109 909 sociam
1140 867 1260 908 nobis
1292 866 1440 907 urbem
1460 866 1501 907 vi
1522 875 1584 906 at—

184 936 291 987 ‘que
325 930 449 971 armis
481 928 651 985 cepisti:
691 937 733 968 et
766 942 862 968 cum
899 925 1112 982 Philippo,
1150 925 1269 965 hoste
1304 933 1459 974 nostro,
1496 939 1584 965 non

151 995 171 1027 6
186 988 453 1029 ‘societatem
475 986 622 1035 solum,
646 985 732 1035 sed,
755 985 789 1026 si
811 984 890 1025 diis
916 983 1066 1040 placet,
1090 983 1336 1024 affinitatem
1357 982 1484 1023 etiam
1509 995 1586 1037 per

155 1045 445 1089 7‘Philoclem
476 1044 736 1101 praefectum
768 1042 858 1083 eius
890 1041 1111 1098 pepigisti:
1146 1049 1188 1081 et
1208 1040 1366 1082 bellum
1388 1040 1585 1081 adversus

187 1110 288 1145 ‘nos
309 1118 458 1159 gerens
479 1117 592 1143 mare
615 1101 724 1142 circa
746 1100 933 1141 Maleam
964 1099 1163 1140 infestum
1194 1098 1370 1139 navibus
1400 1097 1585 1154 piraticis

188 1161 374 1203 ‘fecistiz
408 1169 450 1201 et
481 1160 620 1216 plures
648 1174 778 1215 prope
805 1158 915 1199 cives
942 1157 1171 1206 Romanos,
1195 1171 1322 1212 quam
1347 1155 1584 1212 Philippus,

188 1219 359 1275 ‘cepisti
390 1227 516 1274 atque
548 1217 763 1258 occidisti:
799 1215 1012 1271 tutiorque
1044 1214 1322 1256 Macedoniae
1352 1229 1435 1263 ora,
1459 1228 1586 1270 quam

188 1276 546 1333 ‘promontorium
583 1274 750 1315 Blaleae
791 1281 1049 1314 commeatus
1090 1272 1144 1313 ad
1180 1272 1389 1313 exercitus
1425 1281 1586 1312 nostros

188 1334 476 1390 ‘portantibus
511 1332 686 1374 navibus
722 1331 814 1372 fuit.
877 1330 1063 1372 Proinde
1097 1345 1234 1387 parce,
1269 1330 1336 1379 sis,
1371 1329 1500 1370 fidem
1540 1344 1587 1370 ac

188 1392 304 1433 ‘iura
328 1390 537 1433 societatis
565 1391 741 1439 iactare;
775 1398 831 1439 et,
861 1389 1013 1430 omissa
1039 1388 1233 1445 populari
1264 1387 1467 1437 oratione,
1497 1396 1589 1428 tan-

189 1456 201 1474 ‘
214 1465 342 1506 quam
364 1458 567 1506 tyrannus
589 1457 631 1489 et
652 1447 782 1489 hostis
802 1447 1001 1503 loquere.’

249 1507 336 1549 Sub
367 1507 471 1550 haec
503 1506 753 1547 Aristaenus
783 1520 897 1546 nunc
926 1519 1097 1546 monere
1130 1503 1288 1554 Nabin,
1321 1519 1435 1545 nunc
1461 1503 1587 1544 etiam
1667 1508 1733 1545 33.

189 1580 319 1616 orare,
349 1574 409 1615 ut,
437 1564 539 1605 dum
567 1564 724 1614 liceret,
752 1563 852 1604 dum
886 1563 1047 1604 occasio
1076 1570 1196 1612 esset,
1226 1562 1305 1603 sibi
1333 1577 1380 1603 ac
1410 1561 1589 1602 fortunis

158 1623 275 1665 Ssuis
296 1622 545 1664 consuleret.
611 1621 787 1663 Referre
816 1621 971 1662 deinde
996 1620 1247 1662 nominatim
1270 1628 1469 1677 tyrannos
1489 1619 1590 1661 civi-

192 1681 341 1723 tatium
364 1681 637 1722 finitimarum
659 1680 810 1736 coepit,
835 1679 922 1735 qui,
945 1678 1138 1734 deposito
1166 1678 1357 1734 imperio,
1380 1677 1591 1719 restituta-

191 1755 274 1796 que
300 1738 492 1780 libertate
519 1738 615 1788 suis,
638 1753 726 1778 non
751 1746 885 1778 tutam
917 1737 1055 1786 modo,
1086 1736 1161 1777 sed
1186 1737 1313 1777 etiam
1344 1735 1591 1777 honoratam

192 1797 302 1838 inter
323 1797 434 1838 cives
459 1804 720 1837 senectutem
745 1795 939 1851 egissent.
1004 1794 1085 1835 His
1107 1794 1230 1835 dictis
1250 1794 1295 1834 in
1316 1793 1450 1835 vicem
1472 1793 1592 1834 audi-

192 1855 344 1911 tisque,
368 1869 453 1895 nox
474 1869 604 1910 prope
631 1853 801 1894 diremit
822 1852 1092 1909 colloquium.
1155 1851 1330 1893 Postero
1352 1851 1421 1892 die
1445 1851 1591 1901 Nabis,
1607 1859 1712 1890 Nabis

194 1913 348 1968 ‘Argis
369 1927 411 1953 se
433 1911 583 1953 cedere
612 1927 659 1952 ac
687 1910 897 1952 deducere
925 1910 1195 1967 praesidium,
1219 1909 1390 1965 quando
1417 1909 1475 1950 ita
1504 1909 1594 1950 Ro·
1607 1902 1746 1964 estendit

195 1976 206 1994 ‘
222 1970 356 2011 manis
376 1970 573 2026 placeret,
596 1978 639 2011 et
659 1969 845 2025 captivos
867 1977 909 2010 et
936 1968 1131 2024 perfugas
1158 1967 1450 2017 redditurum,’
1471 1967 1590 2008 dixit.
1606 1955 1769 2028 {gsffirgign

195 2033 206 2052 ‘
224 2027 357 2068 Aliud
379 2028 413 2068 si
435 2027 539 2083 quid
559 2027 832 2083 postularent,
851 2027 1053 2082 scriptum
1075 2034 1122 2066 ut
1142 2025 1343 2074 ederent,'
1363 2025 1498 2081 petiit,
1523 2030 1534 2048 ‘
1547 2033 1594 2066 ut

196 2091 208 2109 ‘
223 2085 454 2126 deliberare
477 2100 573 2126 cum
600 2085 743 2125 amicis
765 2084 931 2140 posset.’
991 2083 1056 2124 Ita
1077 2092 1121 2124 et
1149 2092 1327 2139 tyranno
1349 2083 1403 2123 ad
1428 2082 1594 2124 consul·
1609 2088 1785 2125 Quinctius

195 2142 370 2184 tandum
399 2151 565 2198 tempus
595 2141 741 2183 datum
767 2151 854 2182 est:
889 2150 932 2182 et
964 2141 1204 2191 Quinctius,
1234 2140 1441 2181 sociorum
1467 2140 1594 2181 etiam
1607 2133 1706 2163 habet
1722 2142 1771 2162 ΒΗ·

248 2201 255 2208 .
319 2200 326 2208 .
364 2200 371 2207 .
577 2200 584 2207 .
622 2200 663 2207 ..
850 2199 857 2206 .
1020 2199 1058 2206 ..
1222 2206 1224 2213 ,
1324 2199 1331 2205 .
1564 2198 1572 2206 .
1609 2178 1798 2215 pertotare

194 2201 455 2257 principibus
490 2199 700 2249 adh1b1t1s,
732 2199 880 2240 habmt
915 2198 1148 2240 conssslum.
1214 2197 1430 2239 Maximae
1466 2207 1595 2255 partis
1610 2217 1790 2249 consilium.

240 2354 257 2385 5
287 2347 465 2386 Utrumque
487 2356 506 2375 α
528 2349 557 2376 te
574 2346 704 2384 sactum
725 2344 787 2382 est]
824 2344 877 2374 Ita

198 2388 340 2420 Bekker.
358 2398 485 2428 quoque
501 2387 655 2427 reposuit.
674 2387 783 2426 Vulgo
800 2386 875 2426 legi-

197 2436 250 2462 tur
261 2436 371 2462 utrum
388 2442 452 2461 non
469 2442 487 2461 a
505 2435 534 2462 te
543 2432 671 2470 sactum
688 2435 733 2460 est
747 2432 758 2460 2

240 2473 260 2505 6
283 2475 319 2504 Si
344 2475 405 2504 diis
428 2474 550 2513 placet]
590 2472 797 2503 Exclamatio
830 2472 875 2502 in-

199 2516 361 2556 dignantis
391 2515 552 2552 Quinctii,
577 2516 664 2555 quod
695 2515 877 2555 arrogantia

201 2559 349 2589 Nabidos
369 2559 409 2588 ad
427 2569 517 2598 spem
540 2558 645 2598 regiae
661 2558 828 2588 affinitatis
844 2567 877 2589 se

200 2601 348 2632 attollere
364 2611 441 2631 ausa
456 2601 560 2631 fuerit.

247 2651 262 2682 7
295 2645 420 2674 Bellum
458 2645 613 2675 adversus
650 2654 706 2673 nos
740 2644 873 2682 μονεντε]

202 2685 334 2725 Nempe
351 2686 486 2716 durante
501 2686 608 2716 adhuc
620 2686 706 2716 bello
723 2685 877 2716 Macedo-

201 2729 286 2766 nico,
305 2738 368 2767 quo
391 2728 581 2768 Philippum
606 2729 731 2758 hostem
755 2729 875 2759 Roma-

202 2782 314 2802 norum
339 2781 358 2801 a
384 2771 514 2801 Nabide
538 2771 586 2801 his
611 2772 704 2801 rebus
729 2771 876 2801 adiutum

202 2813 280 2844 dicit
299 2813 484 2849 Quinctius.
532 2813 591 2843 Est
607 2824 680 2853 ergo
697 2814 811 2845 bellum
824 2825 876 2853 {Je-

201 2868 287 2893 rens,
298 2856 388 2895 quasi
405 2857 525 2887 bellum
543 2866 656 2895 gerens
666 2866 704 2886 eo
720 2860 878 2896 tempore,

922 2353 985 2382 quo
1001 2343 1059 2373 tibi
1076 2343 1253 2373 amicitiam
1269 2347 1302 2374 et
1317 2343 1505 2374 societatem
1522 2354 1596 2374 cum

923 2386 1081 2417 Romanis
1097 2386 1194 2416 fuisse
1210 2386 1320 2417 iactas.
1346 2387 1438 2418 DrK.

965 2430 983 2458 8
1015 2430 1182 2468 Tyrannos
1208 2453 1214 2460 .
1244 2453 1251 2460 .
1278 2430 1346 2469 qui,
1376 2431 1516 2469 deposito
1541 2431 1596 2460 im-

919 2472 1026 2511 perio]
1070 2472 1204 2511 Aliquot
1236 2477 1468 2502 commemorat
1501 2473 1598 2512 Poly-

922 2514 1004 2547 bius.
1020 2514 1050 2545 ii.
1069 2525 1118 2552 44.
1136 2525 1216 2553 quos
1232 2515 1344 2554 procul
1368 2515 1466 2545 dubio
1483 2515 1515 2545 in
1531 2516 1598 2546 ani-

922 2567 975 2587 mo
993 2557 1132 2587 habebat
1150 2557 1349 2595 Aristaenus,
1367 2568 1408 2588 sc.
1424 2558 1597 2598 Lysiaden]

923 2600 1252 2639 Megalopolitanum,
1262 2600 1435 2631 Xenonem
1449 2601 1598 2631 Hermio-

922 2653 1067 2680 nensem,
1084 2643 1301 2682 Cleonymum
1321 2643 1513 2681 Phliasium,
1530 2643 1599 2674 Ari-

923 2685 1126 2716 stomachum
1138 2685 1306 2725 Argivum‚
1318 2686 1371 2725 qui
1385 2697 1496 2717 omnes
1510 2686 1600 2718 Arati

922 2729 972 2758 vel
990 2728 1192 2765 auctoritate,
1211 2729 1261 2758 vel
1280 2732 1370 2759 metu
1392 2730 1537 2767 adducti,
1552 2733 1600 2769 ty-

922 2771 1090 2801 rannidem
1111 2772 1337 2810 deposuerant,
1354 2782 1486 2811 seseque
1507 2776 1539 2802 et
1558 2771 1599 2802 ci-

924 2813 1039 2887 gtates
1081 2824 1154 2845 suas
1197 2814 1336 2845 Achaeis
1373 2815 1600 2846 adiunxerant.

958 2865 1032 2888 nav.
