1960 3218
505 159 631 202 LIB.
665 159 882 201 XXXVI.
931 160 1075 202 CAP.
1109 164 1176 202 42.
1452 165 1534 204 259

152 251 198 292 Ρ.
220 250 442 293 Cornelius
463 250 608 292 consul
629 250 900 306 triumphavit
920 251 972 292 de
995 251 1122 292 Boiis.
1174 251 1226 292 In
1247 267 1297 293 eo
1319 252 1531 309 triumpho
1548 260 1591 291 U.
1608 259 1646 290 C.
1669 259 1739 298 561.

153 308 326 351 Gallicis
356 309 562 365 carpentis
593 324 706 349 arma
735 309 935 364 signaque
966 318 1009 350 et
1041 309 1170 365 spolia
1202 309 1336 350 omnis
1365 311 1530 365 generis
1545 304 1584 333 A.
1609 303 1647 333 C.
1673 312 1739 344 ¹9¹·

150 367 388 416 transvexit,
403 377 445 408 et
464 381 560 407 vasa
579 381 709 407 aenea
731 365 914 407 Gallica:
949 376 991 408 et
1011 382 1106 408 cum
1128 367 1301 423 captivis
1321 368 1531 410 nobilibus

150 440 353 481 equorum
374 440 541 481 quoque
564 433 778 480 captorum
803 440 973 480 gregem
999 425 1195 466 traduxit.
1259 425 1424 467 Aureos
1447 435 1531 466 tor-

150 498 252 538 ques
280 482 487 523 transtulit
515 481 627 523 mille
650 482 976 538 quadringentos
1001 483 1266 539 septuaginta
1289 498 1443 524 unum:
1477 484 1531 524 ad

149 540 228 581 hoc
258 540 347 581 auri
379 540 520 596 pondo
551 539 732 581 ducenta
761 540 1036 596 quadraginta
1070 550 1243 596 septem,
1272 542 1433 597 argenti
1466 541 1530 582 in-

147 597 245 639 fecti
264 597 446 653 factique
468 598 512 638 in
537 597 708 638 Gallicis
730 598 845 647 vasis,
868 613 953 639 non
975 597 1133 639 infabre
1162 613 1236 640 suo
1262 614 1376 640 more
1397 599 1528 649 factis,

147 654 231 696 duo
252 655 380 696 millia
404 664 589 696 trecenta
611 655 886 711 quadraginta
905 655 1058 712 pondo,
1081 656 1315 712 bigatorum
1336 672 1530 698 nummo-

146 728 239 754 rum
264 713 445 754 ducenta
472 713 641 769 triginta
662 722 868 768 quattuor.
932 713 1153 764 Militibus,
1176 714 1250 769 qui
1270 729 1437 755 currum
1466 730 1530 755 se-

147 771 233 812 cuti
265 779 373 821 sunt,
411 780 610 812 centenos
642 771 809 812 vicenos
842 771 991 827 quinos
1024 787 1132 813 asses
1167 772 1306 813 divisit
1318 788 1328 822 3
1371 772 1528 829 duplex

146 829 393 878 centurioni,
417 828 568 885 triplex
590 829 733 885 equiti.
796 829 968 870 Postero
991 829 1072 879 die,
1094 830 1294 871 concione
1316 830 1528 880 advocata,

146 886 199 927 de
230 887 352 928 rebus
380 887 430 927 ab
458 903 500 928 se
529 887 667 943 gestis,
690 896 732 928 et
753 886 804 927 de
833 887 984 928 iniuria
1011 888 1167 928 tribuni
1198 887 1307 929 bello
1328 888 1464 929 alieno
1485 903 1528 929 se

145 943 355 1000 illigantis,
379 954 425 985 ut
445 960 542 986 suae
564 945 756 986 victoriae
777 945 915 986 fructu
936 960 977 986 se
1000 944 1275 996 defraudaret,
1293 961 1424 1002 quum
1445 946 1529 987 dis-

146 1003 351 1051 seruisset,
373 1002 527 1044 milites
548 1011 836 1044 exauctoratos
857 1002 1025 1044 dimisit.

203 1059 320 1100 Dum
341 1060 443 1101 haec
464 1060 508 1100 in
530 1060 651 1101 Italia
679 1069 892 1116 geruntur,
916 1061 1154 1102 Antiochus
1176 1061 1334 1117 Ephesi
1358 1077 1527 1103 securus
1602 1066 1670 1104 41.

146 1117 372 1159 admodum
401 1118 452 1159 de
477 1118 587 1159 bello
611 1118 804 1159 Romano
826 1127 925 1168 erat,
949 1128 1148 1174 tanquam
1180 1134 1264 1160 non
1295 1120 1527 1161 transituris
1541 1121 1694 1169 Antiochi

145 1175 189 1215 in
224 1175 369 1216 Asiam
406 1176 618 1216 Romanis
691 1176 829 1224 Quam
870 1177 1132 1217 securitatem
1171 1177 1209 1217 ei
1245 1192 1397 1233 magna
1435 1193 1528 1233 pars
1540 1169 1701 1195 secumtas.

145 1233 372 1274 amicorum
394 1243 464 1274 aut
484 1249 559 1289 per
579 1249 772 1282 errorem,
795 1243 866 1274 aut
887 1234 1135 1275 assentando
1155 1234 1342 1276 faciebat.
1407 1235 1528 1276 Han·
1543 1247 1671 1277 Monita

146 1291 259 1332 nibal
281 1307 401 1338 unus,
424 1292 542 1332 cuius
563 1307 612 1332 eo
634 1300 820 1347 tempore
842 1291 907 1333 vel
930 1292 1111 1332 maxima
1135 1292 1248 1348 apud
1269 1307 1409 1349 regem
1431 1309 1528 1335 auc·
1543 1289 1709 1337 Hanniba-

145 1349 288 1390 toritas
320 1358 417 1398 erat,
454 1348 617 1405 ‘Magis
649 1350 787 1390 mirari
815 1350 884 1397 se,'
908 1350 1055 1399 aiebat,
1080 1350 1223 1405 ‘quod
1255 1365 1341 1392 non
1371 1351 1453 1392 iam
1484 1333 1590 1392 iniis,

147 1406 278 1447 ‘Asia
312 1415 449 1448 essent
480 1406 674 1456 Romani,
704 1422 829 1462 quam
860 1417 1056 1448 venturos
1087 1407 1288 1449 dubitare.
1351 1408 1529 1465 Propius

147 1469 159 1488 ‘
174 1479 274 1514 esse,
306 1465 350 1505 in
384 1465 527 1506 Asiam
556 1480 607 1505 ex
639 1464 828 1514 Graecia,
852 1480 978 1521 quam
1006 1481 1059 1506 ex
1087 1465 1208 1506 Italia
1231 1466 1276 1506 in
1307 1465 1529 1508 Graeciam

147 1523 382 1564 ‘traiiceret
417 1532 458 1564 et
494 1522 625 1563 multo
658 1523 855 1564 maiorem
892 1538 1056 1564 causam
1095 1523 1369 1574 Antiochum,
1402 1540 1528 1581 quam

147 1585 159 1604 ‘
175 1580 361 1629 Aetolos,
379 1596 477 1621 esse.
540 1580 694 1636 Neque
716 1581 829 1621 enim
851 1581 954 1621 mari
975 1581 1124 1630 minus,
1149 1596 1274 1637 quam
1296 1593 1415 1632 terra,
1438 1582 1528 1639 pol-

148 1637 257 1679 ‘lere
291 1638 482 1679 Romana
512 1653 646 1679 arma:
691 1639 772 1679 iam
800 1638 962 1694 pridem
995 1638 1166 1680 classem
1202 1639 1310 1680 cirea
1341 1640 1525 1682 Maleam

148 1701 160 1719 ‘
176 1711 274 1737 esse.
338 1696 499 1737 Audire
521 1711 622 1745 sese,
640 1711 774 1752 nuper
795 1712 921 1737 novas
943 1711 1066 1737 naves
1088 1712 1327 1752 novumque
1348 1698 1527 1754 impera-

148 1759 160 1777 ‘
176 1762 305 1794 torem
337 1754 395 1794 rei
425 1754 633 1809 gerendae
655 1769 778 1794 causa
799 1769 850 1794 ex
873 1754 993 1795 Italia
1013 1755 1185 1796 venisse.
1248 1755 1397 1812 Itaque
1419 1756 1528 1797 desi-

148 1816 292 1852 ‘neret
310 1811 546 1852 Antiochus
567 1827 711 1867 pacem
733 1812 810 1852 sibi
832 1812 918 1868 ipse
941 1827 1013 1868 spe
1031 1827 1137 1854 vana
1152 1813 1299 1854 facere.
1345 1813 1396 1854 In
1411 1814 1526 1862 Asia,

147 1874 159 1892 ‘
175 1878 217 1910 et
237 1869 288 1910 de
310 1869 399 1925 ipsa
420 1869 534 1918 Asia,
558 1869 673 1911 brevi
695 1878 803 1910 terra
830 1870 1016 1926 marique
1045 1870 1331 1912 dImicandum
1362 1872 1401 1912 ei
1432 1887 1527 1913 cum

147 1932 159 1950 ‘
176 1926 378 1968 Romanis
405 1942 514 1968 esse:
549 1936 591 1968 et
621 1937 692 1968 aut
721 1927 942 1983 imperium
976 1928 1248 1969 adimendum
1276 1929 1418 1970 orbem
1446 1939 1528 1970 ter-

148 1990 159 2008 ‘
174 1999 309 2025 rarum
332 1985 633 2034 affectantibus,
657 1994 728 2025 aut
750 1985 828 2041 ipsi
849 2001 1025 2040 regnum
1047 1986 1352 2027 amittendum.'
1404 1987 1527 2028 Unus

146 2057 242 2083 vera
262 2051 304 2083 et
324 2042 554 2098 providere,
576 2052 617 2083 et
637 2042 817 2083 fideliter
837 2043 1074 2098 praedicere
1095 2044 1216 2084 visus.
1270 2044 1418 2100 Itaque
1440 2045 1526 2101 ipse

146 2114 221 2140 rex
251 2100 436 2149 navibus,
460 2115 565 2155 quae
598 2110 762 2156 paratae
794 2101 1103 2156 instructaeque
1135 2110 1265 2151 erant,
1291 2101 1528 2143 Chersone-

147 2172 236 2197 sum
259 2157 386 2213 petit3
420 2166 465 2198 ut
487 2172 535 2198 ea
555 2157 656 2206 loca,
680 2158 713 2197 si
734 2158 837 2198 forte
861 2166 969 2199 terra
989 2158 1179 2199 venirent
1197 2159 1391 2209 Romani,
1409 2175 1528 2216 prae-

147 2214 262 2255 sidiis
297 2215 503 2256 firmaret:
547 2226 726 2256 ceteram
762 2215 933 2256 classem
968 2215 1272 2272 Polyxenidam
1307 2232 1449 2273 parare
1486 2225 1527 2259 et

147 2271 354 2314 deducere
376 2273 514 2322 iussit3
548 2273 842 2328 speculatorias
868 2289 993 2314 naves
1023 2273 1075 2314 ad
1107 2274 1248 2315 omnia
1272 2274 1527 2331 exploranda

147 2330 255 2371 circa
276 2330 429 2371 insulas
450 2330 616 2371 dimisit.

208 2387 257 2429 C.
275 2388 418 2429 Livius
438 2389 670 2444 praefectus
694 2388 908 2430 Romanae
931 2389 1081 2438 classis,
1104 2405 1199 2430 cum
1221 2390 1527 2447 quinquaginta
1602 2393 1670 2430 42.

148 2446 321 2487 navibus
349 2446 466 2487 tectis
496 2446 715 2502 profectuS,
740 2447 790 2487 ab
814 2447 950 2487 Roma
972 2446 1208 2503 Neapolim,
1231 2463 1314 2504 quo
1335 2449 1386 2490 ab
1407 2444 1527 2490 sociis
1540 2447 1659 2478 Classis
1671 2447 1736 2478 Ro-

148 2503 236 2543 eius
257 2518 350 2544 orae
372 2504 593 2545 convenire
615 2505 787 2545 iusserat
808 2514 968 2560 apertas
1000 2519 1136 2554 naveS,
1159 2521 1265 2560 quae
1288 2521 1340 2548 ex
1362 2506 1527 2548 foedere
1541 2501 1646 2522 mana.

149 2560 419 2611 debebantur,
445 2561 626 2602 Siciliam
648 2562 745 2603 inde
768 2563 895 2618 petit:
929 2562 1119 2618 fretoque
1143 2562 1386 2605 Messanam
1410 2580 1528 2621 prae-

151 2626 367 2667 tervectus,
391 2634 520 2674 quum
541 2634 613 2660 sex
635 2620 815 2660 Punicas
837 2635 961 2660 naves
992 2620 1045 2661 ad
1072 2620 1273 2661 auxilium
1299 2622 1440 2663 missas
1461 2638 1528 2664 ac-

150 2675 336 2731 cepisset,
360 2676 410 2716 ab
434 2676 638 2732 Rheginis
661 2677 888 2733 Locrisque
911 2686 952 2718 et
973 2677 1160 2719 eiusdem
1189 2679 1288 2720 iuris
1315 2680 1434 2721 sociis
1455 2680 1529 2721 de-

150 2732 255 2773 bitas
284 2733 488 2788 exegisset
521 2749 656 2784 naves,
689 2734 859 2776 lustrata
890 2734 1017 2776 classe
1049 2735 1102 2776 ad
1133 2735 1367 2787 Lacinium,
1399 2737 1527 2779 altum

200 2855 216 2875 2
241 2847 382 2886 Propius
410 2848 490 2884 esse]
540 2848 643 2878 Recte
673 2849 817 2879 observat
862 2849 1013 2879 traiectus
1036 2849 1103 2889 ipse
1119 2849 1242 2880 brevior
1258 2854 1359 2880 estex
1378 2850 1474 2881 Italia
1497 2850 1529 2880 in

154 2888 325 2919 Douiatius
352 2891 485 2928 propius
514 2889 565 2920 hic
592 2891 734 2930 usurpari
762 2901 817 2930 pro
863 2891 1044 2927 Graeciam,
1055 2902 1150 2931 quam
1163 2903 1201 2922 ex
1215 2892 1349 2923 Graecia
1366 2893 1396 2922 in
1410 2893 1527 2924 Asiam.

151 2941 201 2968 eo,
211 2932 294 2970 quod
306 2937 351 2962 est
361 2943 448 2971 prom
451 2934 551 2971 ptius,
558 2933 702 2970 facilius.
731 2933 815 2963 Nam
862 2934 966 2964 Cnnv.

1235 2990 1253 3016 s
1276 2979 1299 3017 2
