1960 3218
353 143 440 183 410
876 141 1025 184 ΤΙΤΙ
1061 140 1241 183 LIVII

148 242 193 275 U.
210 244 249 275 C.
271 237 370 283 568.‘
381 232 607 288 pertinere,
637 232 712 288 qui
744 247 830 273 non
867 231 993 273 modo
1025 231 1268 281 Maroneae,
1301 231 1375 272 sed
1408 245 1462 271 ne
1500 231 1543 271 in
1579 231 1750 287 regione

145 287 186 318 A.
211 287 249 318 C.
275 288 343 326 184·
358 295 370 314 ‘
383 289 556 354 quidem
571 290 810 355 propinqua
824 289 1016 331 fuisset?’
1069 289 1126 331 Et
1144 290 1340 346 parcebat
1354 288 1485 344 magis
1504 288 1750 338 Onomasto,

209 643 277 682 35.

146 698 322 739 Philippus

145 742 351 773 Demetrium

146 786 184 816 F.
199 785 341 816 Romam

143 828 255 860 mittit.

146 1635 329 1668 Concilium

145 1679 290 1710 Achaeo-

145 1732 229 1754 rum.

215 2316 282 2355 36.

356 347 612 389 honoratiori
642 363 791 398 amico,
821 356 864 389 et
894 348 1079 389 eundem
1114 348 1299 388 indicem
1334 347 1448 388 haud
1481 345 1622 402 paullo
1657 345 1751 402 plus

355 405 552 455 timebat3
586 406 685 462 quia
706 414 749 446 et
770 406 858 462 ipse
880 421 1114 447 sermonem
1135 421 1231 446 cum
1249 421 1299 446 eo
1316 404 1564 453 contulerat,
1580 412 1623 444 et
1644 403 1753 444 mul-

356 473 494 504 torum
527 463 671 504 talium
702 464 940 504 ministrum
964 473 1006 504 et
1031 464 1245 505 conscium
1276 463 1469 504 habebat.
1535 461 1753 503 Casander

357 536 541 577 quoque,
570 521 715 571 missis,
746 521 819 577 qui
849 537 924 578 per
956 521 1132 577 Epirum
1166 521 1218 562 ad
1251 536 1363 562 mare
1397 527 1753 576 prosequerentur

357 594 469 628 eum,
492 594 545 620 ne
568 595 651 635 qua
682 579 885 620 indicium
912 588 1138 629 emanaret,
1161 594 1324 619 veneno
1346 578 1530 619 creditur
1550 577 1748 618 sublatus.
1764 591 1785 623 6

361 636 417 677 Et
438 636 565 693 legati
586 652 610 678 a
631 637 818 693 Philippi
844 637 1054 692 colloquio
1082 636 1140 677 ita
1168 635 1341 692 digressi
1369 644 1479 685 sunt,
1502 644 1550 676 ut
1579 649 1677 691 prae
1707 649 1750 675 se

361 694 531 744 ferrent,
563 695 669 735 nihil
702 710 848 736 eorum
880 695 958 735 sibi
993 694 1184 750 placere:
1223 702 1265 734 et
1295 692 1529 749 Philippus,
1564 692 1751 741 minime,

362 752 466 808 quin
486 752 775 793 rebellandum
797 761 916 801 esset,
939 751 1104 801 dubius,
1128 751 1227 807 quia
1252 760 1391 792 tamen
1423 751 1667 792 immaturae
1698 749 1753 791 ad

360 810 404 851 id
429 810 535 851 vires
562 819 693 860 erant,
723 810 777 851 ad
807 824 967 850 moram
995 809 1347 865 interponendam
1370 808 1650 857 Demetrium,
1673 807 1752 847 mi-

357 882 504 908 norem
524 867 672 918 filium,
695 867 861 909 mittere
886 867 1080 916 Romam,
1103 866 1227 907 simul
1248 866 1302 907 ad
1322 865 1543 922 purganda
1562 865 1750 914 crimina,

354 925 480 966 simul
502 925 555 966 ad
577 925 886 981 deprecandam
913 925 1016 966 iram
1038 932 1218 974 senatus,
1242 923 1410 966 statuit:
1445 923 1541 964 satis
1563 922 1750 972 credens,

354 983 493 1039 ipsum
515 983 642 1024 etiam
663 983 872 1033 iuvenem,
897 982 1012 1038 quod
1035 982 1196 1023 Romae
1219 983 1338 1023 obses
1369 981 1582 1037 specimen
1612 980 1750 1036 regiae

355 1040 509 1082 indolis
537 1040 735 1091 dedisset,
768 1040 928 1096 aliquid
954 1040 1158 1081 momenti
1186 1040 1405 1081 facturum.
1468 1038 1646 1079 Interim
1676 1052 1753 1094 per

354 1099 537 1154 speciem
559 1099 704 1140 auxilii
727 1098 943 1155 Byzantiis
963 1098 1139 1147 ferendi,
1158 1113 1200 1138 re
1222 1098 1313 1153 ipsa
1333 1097 1386 1138 ad
1407 1106 1608 1137 terrorem
1628 1111 1752 1152 regu-

354 1155 404 1196 lis
427 1156 640 1197 Thracum
672 1156 962 1205 iniieiendum,
985 1155 1209 1211 profectus,
1232 1154 1432 1211 perculsis
1453 1154 1502 1194 iis
1524 1169 1609 1194 uno
1630 1168 1752 1210 proe-

354 1213 424 1264 lio,
447 1222 490 1254 et
513 1214 732 1256 Amadoco
753 1214 861 1255 duce
891 1222 1025 1270 capto,
1048 1213 1092 1253 in
1119 1212 1417 1254 Macedoniam
1448 1212 1586 1261 rediit,
1619 1211 1752 1252 missis

355 1272 409 1312 ad
439 1272 598 1313 accolas
626 1272 722 1313 Istri
748 1271 933 1312 fluminis
965 1271 1171 1321 barbaros,
1198 1280 1246 1312 ut
1276 1271 1320 1311 in
1351 1269 1515 1311 Italiam
1546 1270 1752 1325 irrumpe-

356 1338 464 1379 rent,
486 1330 782 1371 sollicitandos.
1389 1370 1393 1373 r

415 1387 471 1428 Et
492 1388 536 1428 in
559 1387 853 1443 Peloponneso
874 1386 1079 1427 adventus
1101 1387 1394 1427 Romanorum
1415 1385 1662 1441 legatorum,
1678 1384 1752 1440 qui

354 1460 407 1486 ex
430 1444 685 1486 Macedonia
715 1445 759 1485 in
789 1445 995 1486 Achaiam
1027 1444 1086 1485 ire
1118 1444 1218 1484 iussi
1248 1452 1378 1493 erant,
1402 1443 1747 1499 exspectabatur:

356 1503 552 1544 adversus
583 1518 688 1559 quos
724 1512 771 1544 ut
805 1511 1051 1558 praepa-rata
1086 1501 1258 1542 consilia
1292 1501 1508 1550 haberent,
1548 1500 1752 1557 Lycortas

357 1570 525 1617 praetor
552 1561 777 1602 concilium
805 1560 970 1601 indixit.
1034 1559 1099 1601 Ibi
1132 1558 1184 1600 de
1214 1558 1561 1600 Lacedaemoniis
1597 1566 1749 1598 actum.

362 1618 456 1660 ‘Ex
492 1619 680 1659 hostibus
711 1633 781 1659 eos
812 1626 1071 1659 accusatores
1105 1617 1257 1658 factos:
1303 1624 1345 1657 et
1378 1615 1613 1672 periculum
1649 1630 1750 1664 esse,

363 1682 441 1718 ‘ne
472 1677 572 1718 victi
604 1677 736 1732 magis
767 1676 945 1717 timendi
979 1676 1129 1724 forent,
1161 1689 1289 1731 quam
1324 1674 1528 1715 bellantes
1562 1673 1749 1714 fuissent.

361 1741 373 1759 ‘
391 1735 561 1791 Quippe
587 1735 631 1775 in
658 1734 768 1775 bello
790 1734 911 1775 sociis
935 1732 1138 1774 Romanis
1161 1732 1355 1773 Achaeos
1377 1746 1492 1773 usos:
1527 1746 1640 1772 nunc
1662 1745 1752 1771 eos-

358 1793 481 1835 ‘dem
514 1793 728 1833 Romanos
761 1791 978 1847 aequiores
1007 1790 1365 1839 Lacedaemoniis,
1395 1804 1522 1845 quam
1555 1788 1750 1837 Achaeis,

358 1857 493 1892 ‘esset
528 1851 597 1891 ubi
632 1851 772 1890 Areus
803 1849 929 1890 etiam
961 1856 1003 1890 et
1035 1847 1290 1896 Alcibiades,
1318 1848 1440 1887 ambo
1470 1845 1646 1895 exsules,
1676 1850 1783 1886 suo7

357 1908 588 1950 ‘beneficio
623 1907 818 1957 restituti,
853 1906 1107 1962 legationem
1140 1905 1321 1946 Romam
1357 1904 1553 1945 adversus
1579 1912 1752 1959 gentem

358 1972 370 1990 ‘
384 1966 652 2008 Achaeorum
673 1965 733 2006 ita
753 1964 804 2006 de
827 1965 925 2020 ipsis
946 1963 1136 2004 meritam
1160 1962 1450 2018 suscepissent,
1474 1961 1665 2017 adeoque
1687 1960 1752 2001 in-

359 2025 488 2065 ‘festa
512 2023 698 2064 oratione
731 2023 795 2063 usi
825 2029 976 2070 essent,
999 2030 1046 2062 ut
1075 2020 1210 2077 patria
1233 2020 1355 2076 pulsi,
1378 2035 1464 2061 non
1494 2018 1676 2060 restituti
1706 2018 1752 2059 in

359 2088 489 2131 ‘eam,
511 2081 780 2122 viderentur?
843 2079 1016 2121 Clamor
1046 2079 1235 2134 undique
1265 2086 1391 2127 ortus,
1415 2077 1587 2118 referret
1615 2075 1752 2117 nomi-

357 2140 490 2181 natim
511 2139 564 2180 de
586 2139 658 2180 iis:
693 2147 748 2187 et,
764 2153 896 2194 quum
917 2137 1059 2178 omnia
1079 2137 1152 2186 ira,
1176 2151 1262 2177 non
1283 2135 1469 2184 consilio,
1491 2143 1750 2191 gererentur,

358 2198 506 2254 capitis
541 2196 727 2238 damnati
764 2205 872 2236 sunt.
941 2195 1104 2236 Paucos
1144 2202 1238 2250 post
1274 2193 1363 2234 dies
1404 2192 1587 2234 Romani
1627 2191 1753 2247 legati

359 2263 577 2296 venerunt.
642 2253 722 2294 His
754 2253 914 2294 Clitore
952 2252 995 2292 in
1024 2252 1208 2293 Arcadia
1238 2251 1383 2292 datum
1417 2259 1479 2291 cst
1511 2248 1783 2291 concilium.8

360 2313 613 2368 Priusquam
644 2319 817 2367 agerent
838 2310 1077 2366 quicquam,
1101 2318 1232 2351 terror
1254 2308 1437 2350 Achaeis
1465 2308 1643 2348 iniectus
1664 2313 1752 2346 erat

360 2379 402 2412 et
423 2370 632 2426 cogitatio,
656 2384 781 2425 quam
813 2384 899 2409 non
930 2383 984 2409 ex
1014 2382 1149 2423 aequo
1177 2366 1423 2422 disceptatio
1450 2365 1590 2405 futura
1617 2371 1748 2411 esset3

360 2428 475 2483 quod
494 2428 655 2468 Areum
677 2436 719 2467 ct
741 2426 1021 2475 Alcibiadem,
1040 2425 1187 2480 capitis
1208 2425 1259 2464 ab
1280 2439 1322 2464 se
1346 2424 1389 2462 in
1410 2421 1588 2463 concilio
1611 2420 1753 2476 proxi-

360 2500 428 2526 mo
454 2485 684 2533 damnatos,
707 2499 804 2525 cum
834 2483 981 2539 legatis
1002 2482 1214 2530 videbant,
1236 2496 1314 2521 nec
1346 2480 1505 2520 hiscere
1528 2479 1753 2534 quisquam

405 2652 424 2683 6
456 2654 580 2683 Veneno
608 2652 750 2681 creditur
786 2651 949 2687 sublatus]
993 2650 1032 2679 Id
1078 2659 1174 2688 opera
1192 2653 1261 2687 post
1284 2648 1490 2678 interfectum
1509 2648 1619 2678 Nabin
1643 2647 1675 2677 iu
1698 2658 1752 2687 pa-

364 2706 421 2736 pro
451 2701 537 2726 certo
574 2694 712 2723 affirmat
750 2693 917 2732 Polybius,
957 2692 1032 2729 Leg.
1078 2691 1171 2720 triam
1190 2690 1337 2721 restituti.
1372 2692 1509 2721 Pausau.
1528 2690 1578 2721 vii.
1596 2700 1625 2730 9.
1645 2691 1751 2721 CREV.

363 2750 414 2777 44.
1079 2735 1117 2764 cf.
1140 2734 1252 2773 Polyb.
1270 2733 1381 2764 xxxiii.
1402 2743 1448 2763 11.

409 2790 425 2821 7
448 2782 556 2811 Arcus
568 2781 663 2811 eliam
675 2784 704 2809 et
717 2779 916 2814 Alcibiades]
944 2776 1031 2806 l‘riu-
1121 2778 1139 2806 8
1157 2778 1274 2807 (s'litore
1291 2778 1326 2806 in
1337 2777 1500 2814 Arcadia]
1527 2775 1624 2805 Hanc
1642 2776 1752 2805 urbem

363 2824 451 2863 cipes
471 2823 554 2853 inter
576 2821 848 2853 Lacedaemonios
865 2819 933 2857 viri,
950 2819 1033 2858 pulsi
1079 2823 1256 2849 memorant
1282 2820 1420 2850 Pausan.
1442 2818 1505 2849 viii.
1530 2830 1559 2856 4.
1583 2822 1615 2848 ct
1639 2818 1753 2848 Strabo

363 2867 439 2897 olim
463 2866 567 2905 patria
587 2876 605 2895 a
623 2863 752 2895 Nabide
772 2868 920 2902 tyranno,
935 2866 1033 2901 atquc
1080 2862 1143 2893 viii.
1160 2867 1239 2893 extr.
1259 2862 1345 2893 RUP.

363 2909 403 2939 ab
426 2908 565 2940 Achaeis
594 2907 727 2947 recepti,
751 2916 827 2937 mox
858 2905 1032 2936 eorundem
