1960 3218
528 152 654 194 LIB.
690 150 933 192 XXXVIL
980 149 1127 191 CAP.
1163 153 1229 191 33.
1496 151 1580 190 293

148 244 412 287 6munienda
432 252 474 285 et
496 242 776 291 obmolienda,
799 256 907 297 quae
933 240 1064 281 ruinis
1092 249 1219 281 strata
1247 247 1379 288 erant,
1402 253 1578 280 concur-

179 313 336 345 rerunt.
415 301 530 342 Huic
566 300 682 356 operi
718 299 892 340 intentis
928 298 1169 354 supervenit
1213 296 1266 345 Q.
1287 296 1514 346 Antonius,
1554 311 1578 337 a

178 370 370 417 praetore
392 360 562 400 missus:
587 358 673 414 qui,
691 357 891 410 castigata
912 355 1142 412 pertinacia
1158 369 1316 404 eorum,
1341 360 1353 378 ‘
1368 354 1576 395 Maiorem

182 425 194 443 ‘
210 434 353 459 euram
377 416 593 465 Romanis,
617 430 744 470 quam
770 414 876 463 illis,’
898 413 1150 462 ostenderet,
1186 418 1197 436 ⁶
1213 427 1315 461 esse,
1338 427 1391 453 ne
1417 412 1461 452 in
1483 426 1577 468 per-

182 482 194 500 ‘
210 476 361 517 niciem
394 475 508 515 urbis
538 482 820 530 pugnaretur:
855 472 888 512 si
917 472 1114 512 absistere
1143 470 1283 511 furore
1311 469 1480 518 vellent,
1502 484 1579 525 po-

151 540 194 577 7‘
211 542 403 575 testatem
431 532 480 573 iis
505 531 603 572 dare
630 530 776 571 eadem
807 529 1063 578 conditione,
1087 544 1171 584 qua
1191 528 1306 584 prius
1330 526 1380 568 C.
1401 526 1513 567 Livii
1534 526 1577 566 in

182 591 338 632 ‘fidem
379 590 604 638 venissent,
642 604 685 629 se
729 587 948 628 tradendi.'
1010 585 1129 627 Haec
1175 601 1307 642 quum
1350 584 1577 634 audissent,

181 649 370 705 quinque
403 648 567 688 dierum
600 646 732 703 spatio
764 645 818 686 ad
849 644 1171 686 deliberandum
1204 652 1385 700 sumpto,
1418 649 1580 683 tentata

180 707 349 748 interim
378 721 450 761 spe
480 704 624 746 auxilii
653 704 704 744 ab
728 702 955 749 Antiocho,
978 710 1201 758 postquam
1229 701 1356 758 legati
1384 699 1498 741 missi
1527 699 1580 740 ad

180 779 336 820 regem,
370 762 477 803 nihil
507 763 552 803 in
583 778 633 803 eo
665 777 752 802 esse
783 760 993 817 praesidii,
1027 759 1282 801 retulerant:
1318 768 1409 800 tum
1439 766 1579 814 portas

181 830 449 879 aperuerunt,
471 820 584 876 pacti
606 835 658 861 ne
682 819 786 876 quid
808 818 958 859 hostile
981 826 1236 873 paterentur.
1294 816 1441 865 Quum
1462 815 1581 871 signa

181 880 226 920 in
262 879 409 920 urbem
445 878 712 926 inferrentur,
750 886 793 918 et
828 876 1139 932 pronuntiasset
1173 883 1351 932 praetor,
1385 873 1500 930 parci
1536 888 1578 913 se

182 937 337 979 deditis
364 936 484 986 velle,
512 935 667 976 clamor
694 934 884 990 undique
913 943 976 974 est
1007 933 1206 982 sublatus,
1241 932 1491 988 ‘indignum
1520 930 1580 971 fa-

185 996 332 1035 ‘cinus
368 1009 470 1043 esse,
504 994 807 1042 Phocaeenses,
842 1006 1061 1047 nunquam
1095 991 1202 1032 fidos
1237 990 1382 1039 socios,
1416 1003 1582 1044 semper

152 1053 384 1093 8‘infestos
424 1052 575 1101 hostes,
612 1051 785 1106 impune
827 1049 1024 1090 eludere.’
1087 1049 1156 1089 Ab
1198 1049 1276 1089 hac
1312 1063 1428 1097 voce,
1465 1047 1581 1088 velut

183 1111 303 1167 signo
332 1125 355 1151 a
382 1118 571 1166 praetore
601 1109 712 1158 dato,
736 1108 789 1148 ad
822 1106 1102 1163 diripiendam
1137 1107 1283 1147 urbem
1317 1105 1470 1162 passim
1498 1104 1582 1145 dis-

183 1178 415 1210 currerunt.
480 1166 690 1208 Aemilius
714 1166 849 1221 primo
875 1164 1065 1205 resistere
1088 1173 1130 1205 et
1154 1179 1361 1213 revocare,
1386 1162 1581 1212 dicendo,

185 1232 196 1249 ⁶
213 1235 365 1282 captaS,
388 1240 473 1265 non
495 1224 671 1273 deditas,
695 1223 819 1278 diripi
843 1223 990 1263 urbes:
1026 1230 1068 1263 et
1088 1221 1132 1262 in
1154 1221 1219 1262 his
1242 1230 1382 1262 tamen
1404 1221 1584 1276 impera-

187 1284 326 1333 ‘toris,
364 1299 451 1324 non
487 1282 681 1331 militum,
725 1280 942 1321 arbitrium
983 1279 1097 1320 esse.’
1159 1279 1390 1335 Postquam
1436 1279 1496 1319 ira
1542 1286 1585 1319 et

184 1341 356 1383 avaritia
388 1340 565 1396 imperio
593 1339 830 1395 potentiora
862 1346 993 1386 erant,
1023 1337 1301 1393 praeconibus
1330 1351 1407 1393 per
1438 1337 1584 1377 urbem

183 1399 330 1448 missis,
356 1398 508 1439 liberos
541 1412 687 1438 omnes
718 1397 760 1436 in
793 1396 928 1436 forum
962 1394 1015 1436 ad
1045 1410 1088 1436 se
1120 1395 1345 1435 convenire
1378 1394 1508 1443 iubet,
1531 1408 1584 1434 ne

184 1456 467 1497 violarentur:
503 1464 545 1496 et
572 1455 615 1495 in
645 1454 853 1502 omnibus,
877 1468 985 1509 quae
1012 1452 1141 1509 ipsius
1163 1452 1380 1508 potestatis
1400 1451 1584 1501 fuerunt,

184 1514 290 1555 fides
321 1513 507 1555 constitit
537 1512 750 1569 praetoris.
816 1511 992 1559 Urbem,
1023 1525 1242 1566 agrosque,
1273 1519 1315 1551 et
1346 1524 1440 1551 suas
1470 1509 1584 1565 leges

185 1572 236 1612 iis
280 1571 486 1613 restituit:
541 1580 595 1620 et,
640 1570 740 1626 quia
781 1569 864 1610 iam
906 1568 1040 1609 hiems
1083 1568 1319 1624 appetebat,
1365 1567 1584 1608 Phocaeae

185 1639 332 1686 portus
353 1629 407 1670 ad
428 1628 739 1669 hibernandum
761 1626 878 1668 classi
901 1626 1070 1682 delegit.

246 1687 329 1728 Per
366 1687 479 1727 idem
515 1686 600 1727 fere
642 1695 808 1741 tempus
844 1683 1017 1734 consuli,
1057 1692 1311 1739 transgresso
1350 1682 1585 1724 Aeniorum

188 1744 582 1799 BIaronitarumque
617 1744 733 1792 fines,
769 1742 999 1791 nuntiatur,
1034 1742 1188 1782 victam
1222 1741 1379 1797 regiam
1413 1739 1586 1781 classem

188 1802 241 1843 ad
264 1802 565 1859 Myonnesum,
584 1801 857 1856 relictamque
879 1816 903 1841 a
922 1799 1130 1856 praesidio
1149 1798 1461 1854 Lysimachiam
1483 1812 1584 1839 esse.

155 1859 241 1905 9Id
277 1860 422 1909 multo,
457 1874 583 1915 quam
620 1858 672 1900 de
709 1858 845 1899 navali
882 1858 1067 1907 victoria,
1101 1856 1251 1898 laetius
1283 1856 1388 1897 fuit:
1438 1856 1586 1911 utique

188 1927 411 1974 postquam
450 1933 500 1958 eo
536 1926 756 1965 venerunt,
795 1916 1030 1971 refertaque
1074 1915 1171 1955 urbs
1214 1915 1403 1955 omnium
1447 1928 1587 1954 rerum

189 1976 505 2024 commeatibus,
528 1974 642 2016 velut
668 1975 712 2015 in
738 1974 965 2014 adventum
989 1973 1198 2014 exercitus
1224 1971 1494 2028 praeparatiS,
1518 1985 1588 2011 eos

190 2034 384 2089 excepit3
423 2033 495 2073 ubi
527 2032 711 2088 inopiam
746 2031 937 2072 ultimam
972 2030 1242 2085 laboremque
1277 2030 1322 2070 in
1357 2027 1590 2070 obsidenda

191 2091 292 2131 urbe
325 2091 401 2131 sibi
432 2098 746 2146 proposuerant.
810 2088 875 2130 Ibi
906 2103 1062 2144 paucos
1091 2088 1180 2128 dies
1211 2088 1360 2128 stativa
1391 2086 1588 2134 habuere,

191 2156 238 2189 ut
268 2148 572 2204 impedimenta
602 2147 800 2202 aegrique
833 2154 1206 2201 consequerentur,
1230 2145 1303 2200 qui
1332 2144 1483 2200 passim
1516 2157 1591 2198 per

191 2206 332 2246 omnia
364 2205 569 2246 Thraciae
602 2204 782 2253 castella,
804 2203 900 2244 fessi
928 2203 1082 2243 morbis
1112 2218 1158 2243 ac
1188 2202 1452 2257 longitudine
1486 2201 1588 2250 viae,

191 2263 324 2304 relicti
359 2272 488 2304 erant.
553 2262 753 2317 Receptis
788 2261 995 2310 omnibus,
1029 2260 1203 2315 ingressi
1236 2275 1376 2300 rursus
1408 2259 1489 2299 iter
1516 2272 1592 2314 per

195 2319 522 2369 Chersonesum,
566 2319 892 2375 Hellespontum
938 2318 1216 2374 perveniunt:
1266 2317 1352 2366 ubi,
1396 2316 1591 2357 omnibus

193 2393 293 2419 cura
320 2379 427 2433 regis
458 2378 661 2419 Eumenis
695 2377 746 2417 ad
782 2376 1075 2417 traiieiendum
1109 2375 1377 2431 praeparatis,
1400 2373 1515 2415 velut
1547 2373 1592 2413 in

193 2445 339 2492 pacata
370 2437 501 2486 litora,
535 2435 651 2476 nullo
682 2434 947 2491 probibente,
981 2433 1071 2473 aliis
1107 2433 1188 2473 alio
1221 2432 1370 2473 delatis
1403 2431 1592 2480 navibus,

243 2538 261 2568 6
292 2540 513 2575 (lhnmliemlrtl
563 2538 707 2569 Obice-tis
734 2538 872 2568 molibus
920 2538 985 2576 plet
1008 2536 1190 2572 Douiatius,
1206 2547 1300 2576 qnam
1325 2535 1456 2565 nuntius
1479 2536 1517 2566 de
1540 2546 1597 2565 ηα-

196 2582 401 2615 obstruemla,
418 2592 457 2611 ne
481 2582 587 2611 aditus
613 2586 731 2620 pateat.
778 2582 871 2620 Supr.
918 2582 983 2609 vali
1005 2581 1148 2616 vir-ltrrt‘a,
1164 2589 1260 2617 quam
1283 2579 1412 2618 ellipsin
1436 2578 1597 2608 duriorem

197 2623 308 2653 xxxiii.
327 2632 354 2660 5.
381 2624 486 2653 Danu.
920 2628 1011 2661 putat
1030 2622 1170 2653 Crevier.
1188 2631 1281 2660 quam
1302 2625 1337 2651 ut
1356 2621 1466 2651 Livius
1489 2631 1526 2651 ea
1549 2619 1597 2649 uti

1594 251 1638 282 U.
1655 250 1694 281 C.
1717 248 1789 289 562.

1593 295 1630 325 A.
1655 294 1693 325 C.
1720 302 1788 334 190.

1593 769 1779 800 Phocaeen-

1592 823 1640 843 ses
1657 815 1766 852 portas

1591 854 1752 896 aperiunt.

1596 1059 1683 1091 Urbs
1699 1055 1771 1088 diri-

1594 1103 1691 1144 pitur.

1663 1690 1730 1727 33.

1604 2278 1801 2319 Hellespon-

1603 2326 1673 2371 tum
1686 2326 1748 2352 tra-

1604 2368 1682 2396 licit.

243 2675 258 2704 7
284 2667 403 2695 la'mlaem
423 2667 617 2703 ttmzrlitione]
656 2667 707 2696 De
724 2666 783 2695 hac
801 2676 873 2695 eon·
922 2665 1057 2695 voluisse
1085 2665 1240 2694 videatur.
1291 2663 1480 2703 Suspicatur
1503 2663 1599 2702 igitur

197 2708 318 2738 ditione
339 2709 417 2738 nihil
437 2709 552 2738 diserte
569 2708 721 2747 scriptum
741 2712 798 2744 est,
816 2708 874 2737 mxi
921 2708 972 2737 hic
1004 2707 1124 2746 aliquid
1161 2717 1229 2737 csse
1265 2706 1414 2746 corrupti.
1474 2706 1598 2735 Verum

197 2752 281 2789 quod
300 2762 354 2780 eus
370 2762 454 2780 :mnu
474 2751 634 2789 superiore
654 2752 874 2780 monzun-uzu
921 2761 1020 2789 quum
1048 2749 1255 2789 praecesserit
1279 2751 1464 2784 nuntiatur,
1484 2750 1598 2778 victam

197 2794 297 2832 partis
324 2793 417 2823 fuisse
445 2804 530 2832 supr.
555 2793 662 2823 xxxvi.
689 2802 740 2830 45.
765 2794 874 2831 liquet.
920 2795 1041 2831 restium
1059 2794 1202 2829 classem,
1217 2792 1312 2822 facile
1334 2791 1408 2822 inde
1429 2791 1481 2821 hic
1505 2790 1598 2820 intel·

200 2837 338 2866 Druna.
923 2835 973 2874 ligi
994 2839 1098 2874 potest
1115 2846 1210 2874 quam
1233 2834 1416 2865 nuntiatum
1435 2835 1472 2864 (Ie
1488 2833 1599 2863 navali

242 2880 260 2908 8
286 2879 443 2915 l‘Ilmlt‘rel
470 2889 512 2908 sc.
533 2878 705 2908 Romano«.
922 2879 1064 2907 victoria.
1093 2877 1206 2908 Imm.

242 2931 261 2961 9
286 2924 388 2958 Quam
414 2922 451 2950 tls·
475 2921 585 2949 navali
611 2920 762 2958 vic-tarta}
798 2922 877 2958 Sup-
