1960 3218
344 145 425 183 140
850 141 998 185 ΤΙΤΙ
1038 142 1220 185 LIVII

134 238 178 270 U.
195 238 233 270 C.
256 244 328 278 557.
343 235 355 254 ⁶
368 230 439 272 dio
461 229 679 273 Romanus
700 230 818 272 miles
839 239 956 273 esset.
1020 231 1122 274 Tria
1142 231 1273 274 millia
1297 231 1476 274 militum
1496 232 1593 275 satis
1613 248 1726 276 esse:

134 282 173 312 A.
197 282 234 313 C.
261 289 447 330 ¹95·⁶nec
477 287 629 339 hostes,
661 289 695 330 si
726 297 842 330 tanta
876 303 1024 330 manus
1054 290 1248 341 venisset,
1280 291 1519 332 mansuros.’
1579 290 1651 332 Ad
1680 307 1730 333 ea

342 345 501 396 consul,
525 345 716 388 ‘Moveri
744 347 915 412 quidem
944 362 986 388 se
1007 347 1073 388 vel
1100 347 1286 404 periculo
1313 364 1471 399 eorum,
1492 348 1560 390 vel
1587 349 1730 399 metu,'

342 404 509 445 dicere:
555 405 655 446 ‘sed
685 404 762 446 sibi
793 420 1060 461 nequaquam
1093 415 1258 446 tantum
1288 407 1502 462 copiarum
1533 421 1634 457 esse,
1667 415 1729 457 ut,

344 467 501 518 ‘quum
523 478 674 518 magna
689 463 749 503 vis
770 462 953 503 hostium
975 463 1088 504 haud
1109 463 1254 519 procul
1275 464 1392 513 absit,
1411 472 1464 514 et,
1483 479 1609 520 quam
1630 478 1729 505 mox
1743 480 1761 513 5

345 526 356 543 ⁶
369 520 497 576 signis
514 520 673 561 collatis
694 520 980 562 dimicandum
1001 521 1066 570 sit,
1084 521 1128 562 in
1150 522 1239 562 dies
1259 530 1485 577 exspectet,
1501 521 1730 564 dividendo

345 578 601 619 ‘exercitum
632 578 821 619 minuere
854 587 944 619 tuto
975 579 1081 620 vires
1111 579 1275 635 posset?
1334 579 1498 636 Legati,
1524 580 1596 620 ubi
1626 579 1730 621 haee

343 635 580 686 audierunt,
602 636 751 677 fientes
773 635 825 677 ad
844 652 983 692 genua
1003 637 1182 678 consulis
1203 637 1515 694 provolvuntur.
1581 637 1729 687 Oiant,

345 699 426 735 ‘ne
448 709 490 734 se
512 693 556 734 in
578 695 699 735 rebus
721 702 806 734 tam
828 694 1000 750 trepidis
1021 694 1193 736 deserat.
1259 696 1358 744 Quo
1379 696 1490 736 enim
1513 710 1569 745 se,
1591 694 1731 751 repul-

346 756 357 775 ⁶
373 766 438 792 sos
460 752 510 792 ab
534 751 748 801 Romanis,
771 752 931 793 ituros?
962 751 1114 793 Nullos
1135 768 1177 794 se
1199 753 1343 803 socios,
1362 753 1467 793 nihil
1488 768 1664 809 usquam
1685 752 1731 793 in

345 814 357 832 ⁶
374 809 492 850 terris
513 809 628 850 aliud
656 810 743 865 spei
764 810 929 851 habere.
992 810 1183 875 Potuisse
1209 826 1252 852 se
1281 820 1398 852 extra
1424 810 1469 851 id
1495 810 1730 867 periculum

346 872 358 891 ⁶
371 882 472 916 esse,
495 867 528 907 si
550 867 753 908 decedere
775 867 871 917 fide,
893 867 927 908 si
948 867 1164 909 coniurare
1193 883 1289 909 cum
1311 869 1457 910 ceteris
1478 869 1726 910 voluissent.

346 930 358 949 ⁶
374 924 498 965 nullis
519 924 655 973 minis,
678 924 803 965 nullis
825 924 1029 966 terriculis
1050 941 1092 966 50
1121 934 1267 976 motos,
1290 935 1501 982 sperantes
1522 926 1619 967 satis
1640 926 1730 982 opis

346 988 358 1006 ⁶
373 992 416 1023 et
437 982 582 1023 auxilii
610 982 687 1023 sibi
716 982 760 1023 in
793 982 996 1024 Romanis
1024 998 1124 1024 esse.
1188 983 1239 1024 Id
1259 984 1293 1024 si
1318 983 1482 1024 nullum
1503 984 1567 1033 sit,
1590 984 1624 1024 si
1651 984 1731 1025 sibi

345 1046 394 1081 ‘a
414 1039 586 1081 consule
608 1049 797 1096 negetur,
821 1040 921 1082 deos
948 1040 1223 1098 hominesque
1245 1057 1286 1082 se
1309 1050 1433 1083 testes
1453 1042 1602 1091 facere,
1624 1041 1733 1082 invi-

345 1104 357 1122 ⁶
374 1106 437 1139 tos
457 1107 499 1139 et
520 1106 683 1139 coactos
704 1113 760 1148 se,
782 1114 836 1140 ne
858 1098 1019 1149 eadem,
1042 1115 1149 1155 quae
1175 1099 1396 1156 Saguntini
1417 1099 1525 1155 passi
1546 1100 1640 1150 sint,
1658 1115 1731 1156 pa-

346 1162 357 1180 ⁶
372 1156 540 1206 tiantur,
563 1156 820 1197 defecturos:
854 1165 896 1198 et
917 1172 1012 1197 cum
1034 1157 1180 1199 ceteris
1208 1157 1346 1214 potius
1369 1157 1581 1223 Hispanis,
1604 1173 1731 1214 quam

202 1218 265 1257 12.
346 1220 357 1238 ⁶
370 1214 490 1263 solos,
508 1214 714 1271 perituros
731 1215 845 1256 esse?
906 1214 961 1256 Et
983 1214 1054 1256 illo
1071 1215 1242 1271 quidem
1264 1215 1331 1256 die
1354 1216 1411 1256 510
1427 1231 1516 1256 51110
1533 1230 1731 1272 responso

344 1271 515 1313 dimissi.
581 1271 811 1313 Consulem
842 1281 978 1322 nocte,
1001 1288 1108 1329 quae
1136 1273 1323 1314 1115001111
1349 1282 1423 1323 051,
1454 1289 1606 1329 anceps
1632 1288 1732 1314 cura

343 1330 526 1386 agitare:
568 1329 679 1371 nolle
711 1330 901 1371 deserere
936 1331 1080 1380 socios,
1112 1330 1222 1372 nolle
1254 1331 1443 1372 minuere
1474 1331 1728 1380 exercitum3

343 1388 459 1444 quod
491 1396 563 1428 aut
595 1403 753 1429 moram
789 1388 867 1429 sibi
899 1388 953 1429 ad
985 1388 1285 1438 dimicandum,
1315 1397 1387 1430 aut
1416 1389 1461 1429 in
1491 1388 1730 1430 dimicando

342 1445 577 1502 periculum
617 1446 761 1487 afferre
803 1456 953 1502 posset.
1025 1446 1114 1488 Stat
1155 1447 1372 1496 sententia,
1414 1462 1499 1488 non
1540 1447 1729 1488 minuere

342 1503 495 1560 copias,
518 1519 571 1545 ne
601 1504 704 1560 quid
731 1504 899 1545 interim
925 1504 1064 1545 hostes
1089 1504 1268 1545 inferant
1296 1505 1576 1560 ignominiae:
1610 1504 1731 1545 sociis

343 1576 459 1617 spem
488 1576 563 1618 pro
593 1577 636 1602 re
663 1562 954 1603 ostentandam
985 1571 1138 1603 censet.
1205 1562 1337 1618 Saepe
1369 1578 1474 1603 vana
1503 1577 1578 1618 pro
1609 1562 1728 1610 veris,

342 1619 524 1660 maxime
547 1620 591 1660 in
612 1619 735 1669 bello,
758 1620 956 1660 valuisse:
991 1629 1033 1661 et
1057 1620 1297 1661 credentem
1327 1635 1369 1661 se
1398 1620 1558 1676 aliquid
1586 1619 1731 1661 auxilii

342 1676 509 1727 habere,
531 1677 706 1733 perinde
729 1686 853 1733 atque
875 1678 1059 1727 haberet,
1082 1678 1170 1733 ipsa
1191 1678 1357 1726 fidncia,
1381 1686 1422 1718 et
1443 1678 1646 1733 sperando
1668 1686 1731 1718 at-

134 1743 268 1775 Catonis
343 1750 425 1790 que
467 1735 663 1776 audendo
703 1744 922 1776 servatum.
992 1735 1164 1776 Postero
1205 1736 1272 1776 die
1314 1735 1459 1791 legatis
1500 1735 1728 1791 respondit,

132 1790 355 1827 stratagema.c
376 1792 631 1848 Quanquam
653 1802 857 1842 vereatur,
881 1808 933 1833 ne
955 1808 1048 1833 suas
1069 1794 1188 1842 vires,
1211 1793 1300 1833 aliis
1321 1809 1389 1834 eas
1410 1793 1728 1842 commodando,

344 1856 356 1874 ⁶
370 1850 549 1899 minuat3
585 1861 724 1891 tamen
738 1850 904 1891 illorum
919 1866 960 1891 se
979 1851 1176 1906 temporis
1193 1866 1238 1891 ac
1256 1850 1428 1906 periculi
1443 1851 1585 1906 inagis,
1604 1865 1730 1906 quam

344 1908 444 1957 ‘sui,
476 1909 679 1949 rationem
711 1908 890 1949 habere.⁷
949 1908 1203 1949 Denuntiari
1236 1908 1414 1949 militum
1446 1909 1553 1964 parti
1586 1908 1729 1949 tertiae

343 1981 395 2007 ex
417 1966 610 2007 omnibus
632 1966 870 2007 cohortibus
896 1967 1023 2014 iubet,
1047 1974 1094 2007 ut
1115 1967 1268 2015 cibum,
1291 1981 1418 2021 quem
1438 1967 1483 2006 in
1504 1981 1630 2007 naves
1652 1966 1731 2006 im-

342 2032 513 2080 ponant,
537 2034 697 2065 mature
727 2033 934 2079 coquant:
968 2039 1177 2079 navesque
1206 2024 1249 2064 in
1271 2024 1383 2065 diem
1413 2024 1581 2065 tertium
1602 2039 1732 2079 expe-

342 2081 423 2122 diri
463 2082 591 2123 iussit.
655 2082 776 2123 Duos
816 2097 867 2122 ex
904 2082 1049 2138 legatis
1091 2081 1280 2137 Bilistagi
1322 2091 1446 2138 atque
1483 2081 1731 2137 Ilergetibus

343 2140 536 2180 nuntiare
554 2155 602 2181 ea
618 2139 757 2189 iubet3
790 2139 922 2180 filium
944 2140 1076 2195 reguli
1097 2139 1271 2181 comiter
1291 2140 1498 2189 habendo,
1521 2148 1563 2180 et
1583 2155 1731 2180 mune-

343 2197 457 2238 libus
479 2198 591 2253 apud
612 2213 654 2238 se
676 2198 839 2239 retinet.
902 2197 1051 2253 Legati
1072 2213 1159 2238 non
1180 2206 1276 2238 ante
1298 2198 1485 2253 profecti,
1508 2212 1633 2253 quain
1654 2197 1730 2237 im-

343 2255 499 2320 positos
521 2271 565 2295 111
590 2270 716 2296 naves
744 2255 895 2296 milites
922 2256 1040 2296 ndei
1044 2264 1143 2296 unt
1177 2255 1221 2296 id
1248 2271 1323 2311 pro
1350 2255 1391 2295 h
1392 2255 1465 2295 ind
1492 2254 1619 2295 dubio
1648 2254 1730 2294 iam

344 2313 600 2363 nuntiantes,
622 2328 709 2353 non
730 2328 824 2353 suos
845 2313 982 2362 modo,
1005 2313 1079 2353 sed
1099 2313 1223 2354 etiam
1246 2313 1395 2361 hostes,
1417 2312 1525 2352 fama
1548 2312 1729 2352 Romani
1743 2318 1762 2351 6

203 2374 267 2413 13.
344 2371 489 2411 auxilii
520 2371 783 2412 adventantis
814 2370 1104 2426 impleverunt.
1171 2369 1344 2419 Consul,
1374 2370 1445 2410 ubi
1476 2369 1585 2418 satis,
1615 2369 1761 2424 quod7

344 2427 388 2468 in
410 2428 592 2484 speeiem
613 2428 703 2478 fuit,
727 2436 981 2470 ostentatum
1010 2436 1085 2477 est,
1108 2428 1289 2469 revocari
1311 2442 1363 2468 ex
1385 2428 1558 2468 navibus
1580 2427 1730 2467 milites

343 2579 401 2611 set,
415 2574 585 2605 Bekkerus
597 2573 748 2613 reposuit,
762 2572 868 2603 neseio
888 2582 951 2611 quo
965 2582 1014 2602 co·
1059 2583 1130 2602 own
1153 2583 1216 2612 qua
1237 2583 1317 2602 mar.
1364 2571 1488 2602 Eodem
1509 2572 1603 2601 inodo
1621 2571 1731 2602 Livius

344 2617 416 2648 dice
447 2617 545 2654 nisus,
575 2626 671 2655 quum
702 2616 847 2655 plerique
877 2616 1014 2646 Romam*
1060 2618 1107 2645 est
1123 2615 1248 2644 locutus
1264 2624 1348 2653 supr.
1366 2614 1408 2644 iii.
1427 2621 1476 2652 37.
1494 2624 1522 2644 v,
1539 2623 1589 2652 45.

345 2661 502 2691 misissent
529 2659 692 2690 exhibent.
753 2659 1014 2697 l'lusquam-pcr—
1101 2656 1121 2687 6
1144 2659 1245 2687 Fama
1262 2658 1397 2687 Romani
1419 2658 1536 2687 anoeilii
1555 2657 1730 2688 adventan-

346 2703 466 2734 fectum
492 2706 620 2740 tempus
644 2712 700 2741 pro
724 2700 912 2740 imperfecto
935 2700 1016 2739 posi·
1061 2701 1101 2730 tis
1127 2701 1356 2739 impleverunt]
1386 2699 1429 2729 Et
1455 2699 1585 2738 quidem
1613 2699 1729 2738 Ilerge-

346 2748 415 2775 tum
434 2745 579 2775 videmus
594 2744 664 2775 infr.
687 2743 819 2774 xxxviii.
843 2753 858 2772 2
882 2746 914 2773 et
929 2742 1016 2773 alibi.
1060 2746 1109 2772 tes
1132 2742 1192 2772 hoc
1215 2743 1311 2771 modo
1336 2742 1476 2781 periculo
1499 2742 1649 2772 liberatos
1667 2742 1729 2772 ela-

348 2787 469 2818 Nostra
496 2786 592 2817 lectio
620 2787 653 2816 in
677 2787 747 2817 cod.
770 2785 963 2825 Moguntino
986 2788 1018 2815 et
1062 2785 1126 2815 rius
1141 2784 1261 2814 indicat
1278 2784 1451 2815 Frontinus
1465 2784 1506 2815 iv.
1525 2792 1552 2824 7.
1576 2785 1680 2815 CREv.

347 2830 380 2860 in
398 2833 473 2860 vett.
491 2830 563 2860 cdd.
580 2829 727 2859 occurrit.
1106 2834 1122 2866 7
1147 2828 1238 2864 Quod
1252 2828 1286 2857 in
1301 2829 1435 2867 speciem
1443 2828 1532 2866 fuit]
1575 2827 1673 2862 Quod
1689 2826 1730 2856 ad

391 2881 408 2912 5
432 2874 488 2908 Et,
504 2883 598 2912 quam
614 2872 816 2910 nu).rsz'51nis]
845 2871 897 2901 Ita
911 2880 1017 2900 emen-
1064 2869 1107 2899 rei
1139 2869 1375 2900 simulationem
1403 2873 1435 2900 et
1461 2869 1605 2900 fraudem
1636 2868 1729 2908 perti-

347 2916 437 2946 davit
449 2916 516 2946 Iac.
529 2914 719 2946 Gronovius.
754 2913 841 2944 olim
856 2914 1019 2951 legebatur
1063 2912 1142 2943 nuit.
1168 2912 1275 2943 1)(11511.
