1960 3218
406 136 460 173 30
916 134 1064 176 ΤΙΤΙ
1105 134 1282 177 LIVII

200 235 244 266 U.
261 234 299 266 C.
322 230 418 273 55²-‘
435 231 639 281 ageretur,
672 224 946 267 decernerent
975 226 1198 283 extemplo,
1231 235 1278 268 ut
1307 234 1473 283 praetor
1505 227 1593 269 sine
1629 228 1786 280 fraude,

198 279 237 309 A.
261 278 299 309 C.
322 287 393 308 ²00·
406 287 560 339 ‘quum
581 283 633 324 de
654 283 764 325 bello
785 293 857 324 aut
876 284 928 325 de
949 299 1050 340 pace
1073 300 1194 341 agere
1214 285 1326 335 velit,
1344 285 1517 326 advocet
1539 286 1785 329 concilium:

406 346 418 364 ⁶
435 350 489 391 et,
513 341 627 397 quod
655 350 744 382 tum
773 342 973 383 referatur
1003 342 1346 399 decernaturque,
1370 352 1416 384 ut
1439 343 1613 399 perinde
1634 344 1698 385 ius
1724 360 1789 386 ra-

407 404 418 422 ‘
434 408 607 455 tumque
628 400 692 448 sit,
712 415 758 441 ac
780 400 813 440 si
831 400 874 440 iu
896 400 1162 442 Panaetolico
1180 410 1250 442 aut
1270 401 1440 457 Pylaico
1457 401 1633 442 concilio
1649 411 1787 444 actum

197 463 329 495 Dimissi
405 462 417 480 ‘
430 458 561 498 esset?
621 457 813 498 Dimissis
834 458 891 499 ita
911 473 1108 514 suspensa
1127 474 1169 499 re
1191 458 1348 514 legatis,
1366 459 1530 515 egregie
1552 459 1787 501 consultum

195 518 347 547 suspensa
359 518 392 539 re
402 516 519 572 genti
539 515 684 556 aiebat.
747 515 872 565 Nam,
896 515 1027 557 utrius
1048 517 1175 572 partis
1196 517 1341 557 melior
1360 516 1526 558 fortuna
1545 517 1644 558 belli
1665 526 1785 568 esset,

195 550 301 590 legam.
402 573 455 614 ad
471 573 559 614 eius
570 573 807 614 societatem
822 574 1103 615 inclinaturos.
1157 574 1276 616 Haec
1289 575 1332 615 in
1346 575 1523 615 concilio
1537 573 1787 616 Aetolorum

401 640 502 672 acta.

258 690 324 727 33.
459 688 680 745 Philippus
700 689 875 746 impigre
897 698 1006 731 terra
1021 689 1207 746 marique
1223 691 1392 747 parabat
1411 689 1586 731 bellum:
1620 690 1785 732 navales

195 744 364 804 Phiiippus
401 747 539 803 copias
568 747 881 788 Demetriadem
903 748 946 788 in
969 748 1227 789 Thessaliam
1249 748 1528 789 contrahebat.
1592 748 1785 790 Attalum

192 798 327 861 fflffigrff
404 805 723 860 Romanamque
745 805 915 846 classem
943 806 1149 862 principio
1170 806 1276 847 veris
1304 807 1354 847 ab
1377 806 1543 862 Aegina
1563 815 1675 847 ratus
1695 822 1784 848 mo-

192 878 337 913 apparat.
402 872 527 912 turos,
563 863 736 904 navibus
771 863 1086 919 maritimaeque
1128 879 1222 904 orae
1262 864 1459 919 praefecit
1501 863 1782 914 Heraclidem,

401 936 528 977 quem
549 929 591 962 et
611 930 707 961 ante
735 921 998 976 praefecerat.
1063 920 1158 977 Ipse
1181 930 1391 962 terrestres
1412 922 1551 978 copias
1572 937 1784 978 compara-

398 979 482 1028 bat,
505 993 655 1034 magna
679 993 721 1018 se
749 978 832 1019 duo
854 978 1009 1019 auxilia
1035 978 1259 1019 detraxisse
1286 979 1488 1020 Romanis
1516 979 1701 1029 credens,
1730 995 1783 1021 ex

398 1051 483 1077 una
511 1045 627 1092 parte
652 1036 838 1085 Aetolos,
866 1051 919 1077 ex
944 1036 1072 1077 altera
1103 1036 1335 1086 Dardanos,
1363 1036 1551 1078 faucibus
1581 1037 1634 1078 ad
1663 1037 1784 1078 Pela-

191 1103 311 1135 Consul
332 1115 388 1144 per
398 1094 565 1149 goniam
587 1109 610 1135 a
629 1093 716 1134 filio
738 1094 891 1135 Perseo
912 1094 1156 1135 interclusis.
1219 1095 1289 1135 Ab
1311 1094 1478 1135 consule
1500 1110 1586 1135 non
1612 1095 1784 1151 paraba-

191 1146 389 1179 Dassaretio-
400 1161 477 1200 tur,
509 1151 583 1193 sed
612 1152 833 1208 gerebatur
862 1152 944 1192 iam
975 1152 1142 1193 bellum.
1205 1152 1288 1193 Per
1318 1152 1652 1194 Dassaretiorum
1680 1153 1783 1194 fines

190 1191 380 1264 Ξᾚῖῆὲξέῑ,
398 1210 628 1251 exercitum
649 1209 840 1259 ducebat,
863 1209 1130 1260 frumentum,
1149 1210 1263 1266 quod
1284 1225 1336 1250 ex
1357 1210 1540 1251 hibernis
1561 1209 1780 1260 extulerat,

191 1275 299 1307 citum.
396 1267 606 1323 integrum
626 1267 807 1317 vehens3
841 1267 955 1323 quod
976 1268 1020 1308 in
1036 1283 1156 1308 usum
1179 1267 1300 1308 militi
1321 1268 1418 1308 satis
1439 1277 1558 1317 esset,
1580 1268 1782 1323 praeben-

397 1325 507 1366 tibus
527 1326 645 1381 agris.
711 1325 880 1381 Oppida
899 1325 1064 1381 vicique
1085 1326 1236 1381 partim
1257 1325 1482 1375 voluntate,
1499 1326 1649 1381 partim
1666 1335 1782 1367 metu

396 1398 439 1424 se
471 1383 699 1424 tradebant.
765 1383 984 1431 Quaedam
1014 1383 1055 1423 vi
1086 1392 1336 1439 expugnata,
1369 1383 1573 1439 quaedam
1605 1383 1780 1434 deserta,

397 1440 440 1481 in
462 1450 624 1482 montes
645 1441 902 1497 propinquos
921 1441 1221 1497 refugientibus
1237 1441 1431 1491 barbaris,
1446 1441 1778 1482 inveniebantur.

398 1498 471 1539 Ad
505 1498 700 1555 Lyncum
733 1500 879 1540 stativa
918 1500 1057 1555 posuit
1090 1514 1219 1555 prope
1252 1499 1410 1540 flumen
1447 1499 1637 1540 Bevum:
1680 1499 1780 1541 inde

395 1555 694 1597 frumentatum
716 1557 825 1598 circa
840 1557 988 1598 horrea
1008 1556 1341 1598 Dassaretiorum
1356 1556 1556 1597 mittebat.
1618 1556 1781 1613 Philip-

396 1628 475 1669 pus
495 1622 758 1656 consternata
775 1615 946 1671 quidem
964 1614 1104 1656 omnia
1124 1615 1244 1664 circa,
1262 1630 1542 1671 pavoremque
1564 1614 1781 1670 ingentem

395 1671 614 1712 hominum
636 1673 853 1713 cernebat:
887 1672 960 1714 sed
980 1687 1125 1728 parum
1139 1687 1303 1728 gnarus,
1327 1687 1453 1729 quam
1473 1680 1633 1729 partem
1653 1673 1780 1728 petis-

395 1737 459 1769 set
486 1729 642 1779 consul,
665 1729 771 1770 alam
793 1730 983 1786 equitum
1010 1730 1063 1771 ad
1091 1730 1408 1786 explorandum,
1431 1745 1614 1786 quonam
1641 1730 1780 1772 hostes

396 1786 475 1827 iter
502 1787 792 1838 intendissent,
822 1788 944 1828 misit.
1006 1787 1126 1828 Idem
1155 1803 1268 1829 error
1295 1788 1408 1844 apud
1434 1787 1647 1829 consulem
1677 1797 1776 1829 erat.

397 1843 579 1886 Movisse
602 1860 653 1886 ex
675 1845 859 1887 hibernis
879 1860 1020 1902 regem
1041 1846 1207 1895 sciebat,
1230 1861 1356 1901 quam
1376 1846 1589 1902 regionem
1609 1845 1780 1901 petisset

395 1901 601 1957 ignorans.
663 1902 704 1943 Is
744 1918 911 1959 quoque
947 1903 1205 1959 speculatum
1246 1904 1413 1944 miserat
1447 1903 1619 1959 equites.
1684 1902 1778 1945 Hae

397 1959 505 2001 duae
528 1960 614 2001 alae
636 1976 689 2001 ex
710 1961 886 2011 diverso,
910 1977 1040 2017 quum
1068 1960 1142 2002 diu
1169 1962 1337 2002 incertis
1364 1961 1583 2002 itineribus
1609 1970 1778 2018 vagatae

396 2032 472 2073 per
499 2017 758 2060 Dassaretios
785 2028 934 2069 essent,
957 2019 1126 2060 tandem
1153 2019 1197 2059 in
1218 2034 1350 2060 unum
1370 2019 1450 2060 iter
1479 2028 1776 2060 convenerunt.

190 2081 383 2130 Explorate»-
398 2075 582 2117 Neutros
608 2076 766 2126 fefellit,
789 2085 835 2118 ut
855 2077 1042 2118 fremitus
1069 2076 1212 2133 procul
1242 2077 1461 2118 hominum
1490 2092 1778 2133 equorumque

189 2125 385 2198 ἒξῗὲἕὲἓὲἓξ
397 2133 616 2175 exauditus
644 2143 718 2184 est,
744 2134 882 2176 hostes
910 2135 1254 2191 appropinquare.
1317 2134 1465 2191 Itaque
1492 2135 1619 2191 prius,
1648 2150 1776 2191 quam

190 2219 246 2240 nes
256 2221 384 2241 concur·
398 2191 441 2232 in
462 2200 731 2248 conspectum
750 2192 953 2242 venirent,
977 2207 1106 2248 equos
1126 2208 1321 2248 armaque
1339 2192 1621 2248 expedierant.
1684 2191 1777 2233 Nec

189 2255 274 2290 runt,
290 2253 384 2284 dubio
398 2264 524 2298 mora,
558 2249 629 2290 ubi
663 2249 845 2306 primum
880 2250 1041 2291 hostem
1076 2250 1229 2300 videre,
1261 2250 1537 2291 concurrendi
1566 2249 1673 2290 facta
1702 2258 1774 2290 est.

191 2301 316 2328 eventu.
398 2306 520 2348 Forte
542 2315 584 2348 et
604 2322 778 2347 numero
799 2315 841 2347 et
856 2307 1021 2356 virtute,
1044 2315 1188 2363 utpote
1204 2307 1301 2348 lecti
1322 2308 1544 2362 utrimque,
1567 2306 1680 2348 haud
1700 2306 1778 2347 im-

397 2379 528 2420 pares,
557 2364 700 2420 aequis
729 2364 884 2405 viribus
913 2380 988 2420 per
1017 2364 1176 2420 aliquot
1205 2364 1326 2405 horas
1353 2372 1603 2420 pugnarunt.
1666 2364 1777 2406 Fati-

396 2421 508 2477 gatio
536 2422 720 2478 ipsorum
748 2437 1049 2478 equorumque,
1071 2422 1230 2463 incerta
1256 2422 1439 2471 victoria,
1462 2421 1630 2462 diremit
1655 2437 1776 2478 proe-

397 2479 511 2519 lium.
575 2479 859 2521 Macedonum
875 2480 1149 2535 quadraginta
1161 2479 1333 2535 equites,
1354 2479 1639 2520 Romanorum
1653 2479 1776 2535 quin-

398 2551 479 2592 que
497 2544 539 2577 et
555 2536 724 2592 triginta
739 2537 990 2578 ceciderunt.
1054 2536 1206 2593 Neque
1223 2552 1273 2578 eo
1294 2537 1423 2593 magis
1440 2536 1643 2593 explorati
1659 2537 1776 2593 quic-

398 2608 535 2649 quam,
567 2594 610 2634 in
643 2609 726 2649 qua
759 2594 928 2650 regione
963 2602 1095 2635 castra
1133 2594 1313 2635 hostium
1346 2602 1494 2643 essent,
1529 2603 1599 2635 aut
1631 2594 1690 2635 illi
1722 2595 1776 2636 ad

398 2666 552 2707 regem,
589 2660 661 2692 aut
700 2651 744 2692 hi
783 2652 836 2693 ad
875 2652 1087 2693 consulem
1128 2652 1369 2693 retulerunt.
1431 2651 1514 2693 Per
1547 2653 1775 2709 transfugas

399 2709 610 2764 cognitum
648 2718 721 2758 cst,
759 2725 862 2765 quos
897 2709 1040 2750 levitas
1072 2709 1348 2765 ingeniorum,
1380 2709 1433 2750 ad
1467 2710 1774 2765 cognoscendas

397 2766 579 2807 hostium
600 2782 675 2815 res,
698 2766 740 2806 in
762 2767 952 2808 omnibus
973 2767 1089 2808 bellis
1110 2767 1289 2822 praebet.

470 2918 490 2945 ι)
513 2908 675 2945 Inte-{swan
694 2908 824 2944 vehens]
862 2907 937 2937 Non
961 2910 1095 2941 tactum.
1111 2917 1174 2936 non
1190 2906 1360 2936 minutum.
1392 2908 1430 2936 cf.
1448 2916 1532 2945 supr.
1549 2904 1625 2935 xxii.
1646 2914 1692 2943 13.
