1960 3218
142 239 186 271 U.
203 239 242 271 C.
265 248 337 279 554.

141 283 180 313 A.
205 282 243 314 C.
268 282 336 322 198.

144 1155 219 1186 Rex
234 1154 268 1185 in

144 1198 299 1228 Macedo-

144 1240 233 1269 niam
249 1240 343 1270 redit.

144 1282 253 1312 Aetoli
271 1292 337 1312 vas-

143 1328 214 1354 tant
230 1324 331 1355 Thes-

143 1367 268 1398 saliam.

348 141 401 180 58
858 135 1007 178 ΤΙΤΙ
1048 134 1113 177 LI
1127 134 1226 177 VII

349 227 550 270 cedoniae
566 226 906 282 Thessaliaeque.
960 226 1104 276 Latus,
1120 224 1236 281 quod
1250 224 1386 280 vergit
1406 223 1451 264 in
1467 222 1742 273 Thessaliam,

350 286 488 327 oriens
517 293 702 342 spectat:
736 283 966 340 septentrio
989 299 1013 324 a
1034 282 1290 324 Macedonia
1320 281 1526 323 obiicitur.
1589 280 1746 322 Vestiti

349 343 641 400 frequentibus
682 341 793 383 silvis
833 350 955 382 sunt:
1008 341 1106 396 iuga
1145 354 1308 381 summa
1347 353 1515 394 campos
1554 346 1747 394 patentes

351 416 563 457 aqua-sque
600 414 807 456 perennes
842 398 1011 439 habent.
1081 397 1147 438 Ibi
1179 396 1337 438 stativis
1369 411 1444 437 rex
1476 410 1552 452 per
1587 395 1748 450 aliquot

351 459 441 500 dies
461 457 615 499 habitis
634 457 859 498 fluctuatus
879 455 1019 496 animo
1037 464 1110 504 est,
1128 463 1269 496 utrum
1290 454 1482 510 protinus
1503 453 1546 493 in
1569 467 1748 508 regnum

351 532 395 558 se
427 516 644 572 reciperet,
674 529 728 555 an
755 513 908 555 reverti
943 513 987 553 in
1016 512 1277 553 Thessaliam
1308 519 1460 568 posset.
1523 509 1750 551 Inclinavit

351 574 573 622 sententia,
596 587 718 613 suum
740 571 784 611 in
806 570 1068 611 Thessaliam
1099 584 1250 625 agmen
1272 569 1508 617 demittere,
1532 567 1780 612 Triccam-9

353 647 436 687 que
473 629 674 686 proximis
709 628 911 669 limitibus
946 627 1077 683 petit:
1124 626 1223 667 inde
1260 626 1401 667 obvias
1437 626 1561 666 urbes
1596 624 1749 680 raptim

353 687 598 744 peragravit.
663 685 884 735 Homines,
907 685 981 740 qui
1011 684 1131 740 sequi
1161 691 1344 740 possent,
1367 682 1535 724 sedibus
1556 682 1746 723 excibat:

353 745 509 802 oppida
533 743 808 785 incendebat:
843 757 982 783 rerum
1013 756 1195 790 suarum,
1218 756 1320 796 quas
1350 749 1533 796 possent,
1555 738 1749 780 serenda-

353 818 447 844 rum
469 817 611 844 secum
633 800 814 842 dominis
840 799 904 840 ius
932 799 1081 840 fiebat:
1118 806 1257 839 cetera
1287 797 1431 838 militis
1462 796 1617 853 praeda
1646 804 1746 838 erat.

355 860 462 910 Nec,
495 859 610 915 quod
646 859 697 899 ab
729 858 847 898 hoste
876 856 1087 897 crudelius
1119 856 1206 911 pati
1236 863 1419 911 possent,
1450 854 1604 910 reliqui
1630 854 1750 910 quic-

353 932 481 973 quam
502 916 593 965 fuit,
617 930 745 971 quam
767 929 873 970 quae
905 914 957 955 ab
986 913 1107 954 sociis
1131 912 1408 968 patiebantur.
1473 911 1593 952 Haec
1622 911 1750 952 etiam

352 974 521 1015 facienti
554 973 754 1028 Philippo
790 971 939 1012 acerba
974 979 1105 1019 erant,
1143 969 1217 1010 sed
1252 984 1274 1010 e
1312 978 1432 1018 terra,
1470 983 1569 1009 mox
1608 968 1750 1010 futura

352 1031 550 1080 hostium,
593 1045 767 1086 corpora
806 1027 952 1069 saltem
994 1027 1155 1083 eripere
1196 1026 1402 1067 sociorum
1438 1026 1615 1067 volebat.
1685 1025 1751 1067 Ita

354 1096 538 1130 evastata
567 1097 666 1128 sunt
695 1085 864 1143 oppida,
894 1085 1114 1134 Phacium,
1146 1083 1313 1133 Iresiae,
1341 1083 1621 1139 Euhydrium,
1646 1082 1762 1129 Ere-.

355 1146 446 1196 tria,
468 1144 823 1201 Palaepharsalus.
890 1142 1049 1183 Pheras
1070 1156 1202 1198 quum
1223 1150 1398 1197 peteret,
1421 1140 1627 1190 exclusus,
1651 1140 1751 1196 quia

355 1219 420 1244 res
451 1203 601 1259 egebat
636 1217 765 1251 mora,
802 1201 837 1241 si
872 1214 1114 1256 expugnare
1147 1198 1285 1247 vellet,
1322 1213 1401 1239 nec
1442 1207 1608 1253 tempus
1647 1205 1749 1247 erat,

355 1261 506 1302 omisso
537 1261 719 1315 incepto,
742 1259 785 1299 in
815 1257 1114 1298 Macedoniam
1145 1255 1414 1296 transcendit.
1478 1254 1590 1296 Nam
1622 1254 1750 1295 etiam

356 1318 531 1359 Aetolos
572 1316 907 1373 appropinquare
944 1313 1054 1355 fama
1089 1322 1187 1354 erat.
1261 1312 1361 1362 Qui,
1398 1311 1542 1353 audito
1575 1311 1749 1368 proelio,

355 1376 470 1431 quod
491 1375 600 1416 circa
620 1388 786 1415 amnem
810 1374 954 1413 Aoum
973 1372 1130 1412 factum
1152 1378 1252 1419 erat,
1275 1369 1477 1425 proximis
1506 1370 1622 1425 prius
1654 1383 1751 1410 eva-

353 1433 468 1474 statis
503 1432 613 1473 circa
648 1430 869 1486 Sperchias
905 1437 948 1470 et
981 1427 1171 1476 Macran,
1205 1442 1332 1483 quam
1364 1435 1529 1475 vocant,
1569 1425 1749 1475 Comen,

354 1489 595 1546 transgressi
627 1488 727 1529 inde
756 1488 801 1528 in
827 1486 1101 1535 Thessaliam,
1127 1485 1329 1541 Cymines
1350 1493 1392 1525 et
1414 1484 1586 1539 Angeas
1613 1483 1749 1539 primo
1767 1504 1780 1525 1

353 1547 515 1603 impetu
536 1546 658 1602 potiti
674 1553 782 1586 sunt.
848 1543 889 1585 A
911 1542 1155 1598 Metropoli,
1178 1542 1280 1582 dum
1303 1550 1467 1582 vastant
1496 1556 1627 1596 agros,
1650 1555 1751 1581 con-

353 1620 479 1645 cursu
506 1603 813 1659 oppidanorum
844 1600 897 1641 ad
924 1600 1083 1641 tuenda
1113 1599 1281 1641 moenia
1304 1598 1427 1648 facto,
1453 1598 1609 1654 repulsi
1638 1606 1748 1639 sunt.

356 1661 589 1702 Callithera
623 1660 722 1700 inde
754 1658 949 1715 aggressi,
984 1657 1164 1698 similem
1200 1656 1407 1711 impetum
1442 1655 1751 1711 oppidanorum

352 1717 607 1774 pertinacius
638 1717 950 1758 sustinuerunt:
985 1713 1295 1770 compulsisque
1329 1713 1438 1753 intra
1470 1712 1648 1761 moenia,
1676 1711 1751 1767 qui

353 1784 591 1831 eruperant,
620 1774 809 1815 contenti
838 1787 888 1813 ea
912 1771 1095 1821 victoria,
1120 1771 1219 1826 quia
1249 1785 1342 1825 spes
1373 1768 1489 1810 nulla
1521 1768 1751 1810 admodum

352 1831 626 1888 expugnandi
648 1840 748 1879 erat,
767 1830 1066 1871 abscesserunt.
1115 1828 1154 1869 T
1157 1827 1312 1868 heuma
1331 1826 1431 1867 inde
1454 1834 1496 1867 et
1516 1825 1751 1867 Calathana

352 1890 465 1931 vicos
496 1895 743 1945 expugnant
774 1887 1074 1942 diripiuntque.
1139 1884 1348 1925 Acharras
1382 1898 1457 1939 per
1489 1882 1751 1924 deditionem

353 1954 614 2002 receperunt.
668 1944 837 2001 Xyniae
860 1942 984 1984 simili
1006 1950 1122 1983 metu
1139 1957 1163 1982 a
1179 1941 1408 1982 cultoribus
1429 1940 1617 1981 desertae
1639 1948 1747 1980 sunt.

355 2003 451 2045 Hoc
468 2004 636 2044 sedibus
653 2002 738 2043 suis
759 2010 924 2042 extorre
942 2015 1093 2055 agmen
1115 1999 1159 2039 in
1180 1998 1436 2054 praesidium
1457 1997 1618 2046 incidit,
1635 1996 1750 2052 quod
1764 2017 1781 2037 α

352 2061 407 2102 ad
432 2061 738 2108 Thaumacum,
769 2074 853 2114 quo
883 2057 1011 2098 tutior
1036 2055 1308 2097 frumentatio
1340 2063 1461 2104 esset,
1491 2054 1746 2095 ducebatur:

352 2118 570 2159 incondita
605 2116 860 2172 inermisque
897 2113 1137 2163 multitudo,
1174 2113 1306 2153 mixta
1340 2111 1500 2152 imbelli
1531 2111 1664 2160 turba,
1698 2111 1749 2152 ab

353 2175 521 2216 armatis
542 2189 662 2215 caesa
682 2182 756 2214 est.
819 2172 988 2228 Xyniae
1012 2171 1200 2212 desertae
1223 2169 1489 2225 diripiuntur.
1551 2167 1750 2224 Cyphara

353 2232 452 2273 inde
475 2231 619 2272 Aetoli
641 2230 825 2285 capiunt,
849 2236 1083 2283 opportune
1115 2226 1323 2281 Dolopiae
1351 2226 1577 2266 imminens
1602 2224 1750 2265 castel-

352 2288 451 2329 lum.
522 2288 641 2328 Haec
682 2286 832 2342 raptim
866 2286 975 2325 intra
1011 2298 1166 2339 paucos
1201 2283 1291 2323 dies
1327 2283 1378 2323 ab
1415 2281 1578 2324 Aetolis
1618 2290 1745 2337 gesta.

355 2345 448 2386 Nec
470 2343 750 2401 Amynander
774 2351 900 2397 atque
927 2341 1202 2389 Athamanes,
1224 2347 1318 2395 post
1343 2339 1497 2379 famam
1528 2353 1748 2394 prosperae

352 2458 380 2485 εἰ
403 2460 523 2485 montes
541 2455 640 2493 Epiri
663 2455 756 2491 sunt]
794 2453 839 2483 Et
865 2453 936 2492 ipsa
961 2462 1027 2482 ora-
1076 2462 1152 2482 voce
1175 2462 1270 2481 suum
1293 2450 1435 2489 reposuit
1459 2449 1601 2480 Bekkcr.
1642 2450 1749 2480 Citam

354 2497 450 2527 tionis
464 2501 621 2526 structura
643 2505 914 2534 numerorumque
930 2495 962 2524 in
979 2505 1029 2524 ca-
1075 2494 1211 2524 coniecit
1230 2493 1420 2523 Gronovius.

354 2540 428 2569 dem
459 2548 492 2568 rc
523 2538 669 2574 varietas,
699 2541 731 2567 et
762 2547 878 2567 nomen
912 2536 1030 2567 montis
1121 2546 1132 2565 1
1160 2536 1307 2574 (l'ymz'nes
1321 2539 1351 2566 et
1367 2536 1515 2573 Anyeas]
1558 2533 1653 2570 Vide,
1669 2543 1748 2563 num

356 2590 468 2620 parurn
496 2584 621 2617 notum,
647 2580 794 2609 videntur
820 2589 950 2618 arguere
977 2579 1029 2608 de·
1076 2580 1226 2617 Cymenes
1243 2582 1274 2607 et
1287 2579 1418 2615 Amycus
1435 2577 1497 2606 sint
1512 2575 1644 2614 genitivi
1661 2585 1749 2606 more

357 2627 522 2662 pravatam
546 2622 607 2652 hoc
631 2622 701 2651 loco
720 2621 922 2660 scripturam.
967 2621 1029 2651 Sed
1077 2622 1274 2651 Graecorum
1310 2619 1447 2649 formati.
1503 2618 1631 2648 Livium
1664 2622 1750 2648 certe

356 2666 397 2695 ad
424 2675 494 2695 cam
522 2664 738 2703 corrigendam
767 2664 881 2693 frustra
904 2663 972 2692 sinc
995 2663 1030 2691 li-
1072 2664 1171 2702 potiri
1188 2672 1261 2691 cum
1279 2671 1353 2691 casu
1375 2661 1516 2691 secundo
1536 2659 1750 2690 construxisse

357 2707 419 2738 bris
434 2708 685 2746 aggrederemur.
708 2706 813 2736 Cnicv.
855 2707 897 2735 In
914 2710 1031 2735 monles
1077 2704 1214 2735 vidimus
1229 2714 1313 2742 supr.
1332 2714 1408 2733 xxv.
1429 2712 1474 2740 14.
1501 2703 1615 2733 Dum.

356 2752 488 2788 Lyncon
518 2749 674 2787 pem-avit.
724 2749 794 2787 Ipsi
819 2749 917 2787 Epiri
943 2751 1031 2783 sunt,
1120 2756 1135 2776 2
1154 2747 1245 2783 Quod
1256 2747 1298 2776 ad
1311 2745 1631 2782 leaun1acam]Vox
1642 2745 1747 2774 Thau-

356 2791 539 2823 emcndavit
558 2791 697 2821 Bekker.
1075 2800 1196 2819 mavum
1221 2788 1422 2817 coniecturae
1440 2787 1581 2817 Rubenii
1605 2787 1747 2817 debetur.

404 2844 424 2874 9
447 2835 547 2863 Suum
588 2834 619 2862 in
663 2833 856 2862 Thessaliam
896 2832 1026 2870 affinem]
1078 2831 1172 2870 Vulg.
1190 2831 1273 2871 quod
1286 2831 1519 2860 Athamanum.

356 2877 514 2914 Subitam,
525 2876 609 2915 quod
623 2873 795 2906 NValchius
811 2873 957 2907 coniecit,
974 2883 1030 2912 pro
