1960 3218
133 1489 150 1521 κῖ

582 115 707 157 LIB.
741 114 838 156 XL.
883 113 1029 156 CAP.
1062 117 1130 156 22.
1471 116 1552 155 451

164 206 324 249 ‘aleam
355 206 458 257 eius,
485 207 559 263 qui
585 214 903 263 proponeretur,
935 220 1076 255 casus;
1110 212 1165 254 et,
1192 204 1393 261 quoniam
1423 203 1554 245 maio·
1569 210 1613 243 U.
1629 210 1669 243 C.
1691 218 1764 251 571·

164 270 282 307 ‘rem
311 264 446 306 filium
476 279 618 306 secum
649 264 833 313 duceret,
863 263 1068 304 minorem
1100 262 1163 303 ad«
1180 262 1364 303 subsidia
1393 261 1480 318 spei
1510 270 1553 302 et
1566 254 1606 285 A.
1630 254 1669 285 C.
1693 255 1765 286 ¹3¹·

163 322 425 364 ‘custodiam
446 322 563 378 regni
592 321 859 363 remissurum
888 321 934 361 in
956 320 1254 361 Macedoniam
1275 320 1389 361 esse.'
1449 318 1551 360 Non

162 380 330 422 fallebat
351 379 631 428 Demetrium,
654 379 835 435 ablegari
862 394 917 428 se,
941 394 994 419 ne
1026 377 1188 419 adesset
1209 377 1395 426 consilio,
1419 392 1551 433 quum

162 437 206 478 in
235 447 462 492 conspectu
488 436 675 478 locorum
707 436 972 485 consultaret,
996 451 1080 491 qua
1106 435 1295 491 proxime
1321 435 1471 476 itinera
1498 434 1552 475 ad

162 509 276 536 mare
309 494 600 536 Hadriaticum
632 503 757 550 atque
789 493 953 535 Italiam
985 492 1201 542 ducerent,
1228 507 1420 548 quaeque
1451 492 1552 533 belli

161 553 268 594 ratio
295 561 403 594 esset
431 552 581 593 futura.
648 551 734 593 Sed
762 567 849 593 non
879 551 1013 592 solum
1043 549 1277 607 parendum
1307 550 1415 606 patri
1446 558 1549 598 tum,

161 609 236 651 sed
267 610 393 651 etiam
424 609 737 651 assentiendum
761 618 862 659 erat,
884 624 937 650 ne
965 608 1145 650 invitum
1175 622 1318 663 parere
1351 607 1552 663 suspicio-

161 681 260 709 nem
280 667 447 709 faceret.
511 667 574 709 Ut
601 676 742 709 tamen
770 667 850 708 iter
877 667 915 708 ei
944 674 1082 708 tutum
1104 666 1148 706 in
1170 664 1467 706 Macedoniam
1488 679 1551 706 es-

161 734 237 775 set,
260 725 407 775 Didas,
430 741 483 766 ex
511 725 771 782 praetoribus
802 725 927 781 regiis
957 739 1078 773 unus,
1102 723 1176 780 qui
1197 723 1406 764 Paeoniae
1431 737 1551 778 prae-

161 792 262 832 erat,
284 783 419 824 iussus
440 792 502 824 est
521 783 718 839 prosequi
734 798 831 823 eum
852 797 947 823 cum
970 782 1135 822 modico
1156 781 1374 838 praesidio.
1420 780 1551 822 Hunc

162 855 331 897 quoque
354 840 544 890 Perseus,
575 841 682 882 sicut
711 840 932 896 plerosque
963 840 1091 895 patris
1122 839 1362 889 amicorum,
1389 854 1442 880 ex
1466 854 1551 894 quo

161 898 277 939 haud
296 898 473 939 dubium
495 898 691 953 cuiquam
713 913 800 939 esse
823 908 1029 954 coeperat,
1045 897 1099 938 ad
1115 912 1255 953 quem,
1272 896 1330 938 ita
1350 896 1552 937 inclinato

161 955 270 1012 regis
291 956 445 1005 animo,
466 956 676 997 hereditas
706 956 824 1012 regni
856 955 1098 1011 pertineret,
1120 955 1230 996 inter
1249 954 1486 996 coniuratos
1506 954 1551 994 in

160 1012 297 1054 fratris
317 1014 547 1069 perniciem
572 1013 730 1055 habuit.
792 1013 845 1054 In
865 1013 1100 1069 praesentia
1120 1012 1192 1053 dat
1213 1012 1251 1053 ei
1272 1012 1481 1061 mandata,
1504 1020 1552 1052 ut

160 1085 237 1126 per
257 1086 381 1112 omne
403 1071 652 1127 obsequium
682 1071 914 1112 insinuaret
934 1086 976 1112 se
998 1070 1044 1111 in
1064 1085 1191 1127 quam
1219 1070 1401 1111 maxime
1431 1069 1553 1110 fami-

160 1128 304 1170 liarem
328 1144 462 1178 usum,
484 1138 532 1170 ut
552 1128 702 1170 elicere
724 1129 865 1170 omnia
893 1143 1054 1177 arcana,
1078 1127 1366 1184 specularique
1390 1127 1552 1169 abditos

162 1185 252 1227 eius
279 1201 422 1227 sensus
452 1195 601 1243 posset.
666 1186 732 1228 Ita
752 1186 987 1242 digreditur
1008 1186 1253 1227 Demetrius
1274 1200 1370 1226 cum
1392 1185 1553 1226 infesti-

162 1243 315 1293 oribus,
331 1259 457 1299 quam
479 1244 512 1285 si
533 1244 644 1286 solus
664 1245 756 1294 iret,
773 1244 999 1300 praesidiis.
1056 1243 1292 1300 Philippus,
1311 1243 1552 1285 Maedicam
1630 1244 1697 1282 22.

192 1301 358 1351 timum,
391 1301 545 1342 deinde
577 1301 823 1342 solitudines
853 1302 1147 1342 interiacentes
1173 1300 1394 1342 Maedicae
1426 1309 1552 1357 atque

161 1316 330 1399 {laemo
366 1367 655 1414 transgressus,
693 1359 879 1415 septimis
915 1359 1085 1400 demum
1122 1359 1265 1400 castris
1301 1359 1354 1399 ad
1394 1358 1554 1399 radices

161 1416 316 1457 montis
337 1416 538 1472 pervenit.
601 1416 666 1457 Ibi
692 1431 823 1457 unum
856 1425 1040 1458 moratus
1068 1416 1181 1458 diem
1212 1416 1266 1457 ad
1293 1415 1552 1472 deligendos,

163 1488 269 1529 quos
289 1473 462 1515 duceret
482 1489 637 1524 secum,
657 1474 778 1515 tertio
800 1474 868 1515 die
889 1475 969 1516 iter
989 1484 1051 1515 est
1071 1475 1291 1530 ingressus.
1356 1473 1554 1515 Modicus

162 1531 299 1588 primo
318 1530 435 1572 labor
455 1531 500 1572 in
520 1531 614 1572 imis
634 1531 809 1573 collibus
828 1531 918 1572 fuit.
979 1531 1199 1580 Quantum
1220 1532 1265 1572 in
1286 1531 1554 1573 altitudinem

163 1588 499 1645 egrediebantur,
522 1589 652 1645 magis
683 1589 897 1645 magisque
923 1589 1127 1630 silvestria
1147 1597 1190 1630 et
1209 1589 1410 1645 pleraque
1441 1589 1556 1630 invia

162 1646 255 1687 loca
275 1647 552 1702 excipiebant.
615 1647 851 1688 Pervenere
882 1646 1036 1688 deinde
1067 1647 1111 1687 in
1143 1656 1227 1687 tam
1254 1662 1432 1703 opacum
1461 1647 1552 1696 iter,

164 1713 223 1753 ut,
241 1719 339 1760 prae
362 1704 567 1746 densitate
590 1705 782 1746 arborum
803 1705 1168 1760 immissorumque
1191 1704 1364 1746 aliorum
1387 1705 1431 1745 iu
1452 1705 1554 1746 alios

163 1776 386 1811 ramorum,
408 1762 589 1818 perspici
610 1762 775 1804 coelum
796 1762 866 1803 vix
894 1772 1055 1818 posset3
1089 1771 1136 1807 ut
1156 1777 1254 1804 vero
1276 1763 1383 1819 iugis
1404 1778 1555 1819 appro-

163 1818 438 1875 pinquabant,
471 1820 586 1876 quod
616 1835 755 1861 rarum
790 1819 836 1861 in
867 1819 956 1862 aliis
988 1820 1089 1862 locis
1120 1829 1239 1870 esset,
1272 1821 1377 1862 adeo
1414 1820 1555 1861 omnia

164 1886 358 1919 contecta
384 1877 549 1928 nebula,
572 1886 619 1919 ut
646 1877 759 1919 haud
787 1893 905 1919 secus
927 1894 1053 1934 quam
1077 1887 1284 1919 nocturno
1305 1878 1454 1919 itinere
1476 1879 1555 1919 im-

163 1935 419 1990 pedirentur.
482 1935 630 1977 Tertio
660 1935 832 1977 demum
863 1936 931 1977 die
967 1936 1020 1977 ad
1055 1936 1254 1977 verticem
1289 1945 1552 1992 perventum.

166 1991 289 2034 Nihil
308 1992 499 2049 vulgatae
522 1993 724 2050 opinioni,
745 1993 930 2049 degressi
951 1993 1063 2043 inde,
1079 1993 1375 2035 detraxerunt:
1411 1994 1553 2050 magis,

165 2050 304 2100 credo,
327 2066 380 2092 ne
402 2051 562 2092 vanitas
582 2051 742 2092 itineris
763 2051 944 2092 ludibrio
965 2062 1084 2101 esset,
1108 2067 1233 2108 quam
1257 2052 1373 2108 quod
1393 2052 1557 2093 diversa

165 2108 276 2149 inter
302 2123 344 2149 se
374 2109 516 2158 maria,
545 2118 807 2164 montesque,
830 2118 873 2150 et
897 2124 1052 2159 amnes,
1076 2124 1130 2150 ex
1151 2124 1236 2151 uno
1253 2109 1349 2151 loco
1370 2110 1556 2166 conspici

167 2165 393 2221 potuerint.
455 2165 611 2207 Vexati
632 2181 789 2216 omneS,
812 2176 855 2208 et
875 2176 972 2208 ante
994 2167 1095 2208 alios
1125 2182 1199 2208 rex
1230 2167 1330 2223 ipse,
1354 2183 1438 2223 quo
1463 2183 1556 2223 gra-

165 2223 256 2265 vior
285 2231 419 2265 aetate
450 2233 550 2274 erat,
573 2223 816 2266 difficultate
838 2225 928 2266 viae
950 2233 1023 2266 est.
1088 2224 1266 2266 Duabus
1287 2225 1366 2266 aris
1386 2225 1444 2266 ibi
1467 2225 1556 2266 Iovi

139 2289 208 2322 ⁴et
242 2280 328 2322 Soli
359 2281 525 2323 sacratis
556 2297 687 2337 quum
718 2282 983 2332 immolasset,
1016 2298 1099 2339 qua
1129 2282 1268 2324 triduo
1299 2283 1555 2333 ascenderat,

164 2337 296 2380 biduo
332 2347 395 2380 est
429 2339 660 2395 degressus,
696 2339 849 2396 frigora
888 2349 1092 2382 nocturna
1133 2340 1314 2382 maxime
1350 2350 1555 2391 metuens,

166 2411 274 2452 quae
295 2396 509 2438 caniculae
531 2406 624 2438 ortu
646 2397 796 2439 similia
822 2397 1082 2439 brumalibus
1109 2407 1239 2439 erant.
1302 2397 1452 2440 Multis
1482 2413 1558 2455 per

167 2468 238 2494 eos
258 2453 348 2495 dies
368 2454 682 2496 difficultatibus
703 2456 977 2506 conflictatus,
999 2455 1132 2497 nihilo
1156 2455 1329 2497 laetiora
1349 2456 1392 2496 in
1414 2457 1557 2498 castris

167 2510 351 2552 invenit:
385 2512 458 2553 ubi
482 2528 644 2554 summa
673 2513 850 2569 penuria
876 2523 976 2563 erat,
999 2523 1046 2555 ut
1075 2514 1120 2554 in
1150 2513 1335 2570 regione,
1358 2529 1484 2570 quam
1506 2515 1557 2556 ab

214 2673 230 2705 7
258 2668 363 2698 Tertio
397 2668 447 2697 die
483 2669 545 2698 iter
581 2674 626 2699 est
659 2668 839 2709 inyressns]
888 2680 967 2709 quos
983 2680 1090 2701 secum
1108 2671 1248 2701 duceret.
1295 2671 1416 2707 Tertio,
1434 2671 1492 2702 iter
1513 2672 1557 2701 iu-

169 2709 292 2747 Tertio,
318 2712 488 2749 postquam
514 2711 554 2740 ad
580 2711 703 2743 radices
727 2713 844 2743 montis
888 2712 1031 2744 choatur.
1078 2713 1171 2743 Haec
1198 2713 1270 2743 ideo
1298 2714 1442 2752 pluribus
1468 2718 1557 2743 nota-

170 2756 371 2792 pervenerat,
396 2753 457 2783 die.
505 2752 633 2783 Primus
656 2758 843 2785 numeratur
889 2755 1002 2791 vimus,
1036 2756 1111 2795 quia
1146 2755 1293 2795 Sigonius
1327 2757 1412 2786 hunc
1451 2757 1557 2786 locum

170 2795 197 2826 is
227 2795 296 2834 ipse
327 2795 394 2826 dies
421 2805 483 2835 quo
512 2800 701 2834 perventum
728 2801 775 2827 est
801 2798 842 2828 ad
886 2802 1012 2829 mutare
1036 2799 1148 2835 voluit,
1164 2803 1196 2829 et
1218 2799 1320 2837 legere
1338 2804 1462 2838 postero
1485 2800 1556 2829 die:

171 2842 326 2873 montem.
372 2838 551 2875 Secundus,
580 2838 607 2869 is
633 2849 696 2878 quo
726 2840 842 2870 mansit
886 2840 918 2870 in
943 2851 1006 2879 quo
1029 2841 1223 2881 astipulatus
1248 2846 1295 2871 cst
1322 2841 1349 2871 ci
1377 2841 1558 2873 Douiatius.

172 2881 285 2911 codem
311 2881 382 2910 loco
402 2881 573 2921 Philippus
595 2882 636 2912 ad
659 2881 844 2919 deligendos
889 2882 994 2914 (ἔπιεν.

1207 2929 1326 2977 (zgfd
