1960 3218
361 142 441 184 174
879 138 1026 182 TITI
1063 137 1245 181 LIVII

149 241 193 273 U·
210 241 249 272 C·
272 248 344 282 559·
359 242 371 261 ‘
387 237 676 278 coniuratione
697 251 774 293 per
789 236 931 278 omnia
946 234 1224 277 conciliabula
1239 234 1457 276 universae
1478 235 1617 291 gentis
1632 235 1753 285 facta,

146 285 186 316 A·
211 285 249 315 C.
275 294 371 325 1934
387 295 631 336 Lunensem
663 294 846 351 primum
877 308 1024 350 agrum
1052 292 1342 350 depopulatOS,
1365 293 1567 334 Pisanum
1598 293 1768 334 deinde⁴

147 360 335 399 Apparatus
359 353 515 394 ‘finem
544 361 832 409 transgressos,
854 367 1024 393 omnem
1050 366 1164 392 oram
1191 351 1315 392 maris
1345 351 1611 407 peragrasse.'
1670 350 1756 391 Ita-

146 402 312 476 {gnam-
357 427 441 468 que
468 410 687 452 Minucius
715 409 874 459 consul,
905 409 973 450 cui
1005 409 1183 466 Ligures
1215 408 1432 465 provincia
1463 417 1673 458 evenerat,
1701 423 1755 450 ex

221 469 228 476 ’
357 469 603 511 auctoritate
635 468 809 509 Patrum
840 468 884 508 in
917 467 1072 508 Rostra
1102 467 1303 517 escendit,
1336 475 1378 507 et
1409 466 1554 516 edixit,
1579 471 1591 490 ⁶
1609 466 1672 507 Ut
1695 465 1756 507 le-

359 527 528 584 ‘giones
568 526 676 567 duae
717 526 914 575 urbanae,
950 541 1058 581 quae
1094 525 1307 581 superiore
1348 540 1459 565 anno
1495 524 1754 580 conscriptae

359 591 538 635 ‘essent,
569 593 663 640 post
694 584 807 625 diem
842 583 1054 624 decimum
1086 583 1246 624 Arretii
1277 582 1496 624 adessent:
1536 582 1578 622 in
1611 597 1755 623 earum

359 649 370 667 ‘
386 643 525 684 locum
547 657 590 683 se
612 642 716 683 duas
737 642 925 697 legiones
946 642 1124 682 urbanas
1155 641 1434 697 sc1·ipturum.’
1494 639 1602 681 Item
1634 640 1788 688 sociis9

356 711 399 742 et
421 700 575 742 Latino
596 700 771 749 nomini,
795 699 1104 755 magistratibus
1135 698 1366 755 legatisque
1395 713 1555 748 eorum,
1579 697 1652 754 qui
1677 697 1756 738 mi-

356 759 451 800 lites
472 758 571 799 dare
593 757 816 807 debebant,
840 757 986 807 edixit,
1009 765 1056 798 ut
1077 757 1121 797 in
1146 756 1358 812 Capitolio
1389 771 1432 797 se
1458 755 1635 797 adirent.
1697 754 1756 796 Iis

356 816 603 873 quindecim
634 815 766 856 millia
795 815 986 872 peditum
1015 823 1058 856 et
1079 815 1334 870 quingentos
1363 813 1539 870 equites,
1569 829 1644 870 pro
1675 828 1756 854 nu-

356 889 472 916 mero
506 874 710 930 cuiusque
742 873 969 922 iuniorum,
1003 872 1246 928 descripsit:
1281 880 1324 913 et
1350 872 1449 912 inde
1483 887 1505 913 e
1541 870 1784 927 Capitoli01

355 933 549 989 protinus
570 932 630 972 ire
652 931 706 972 ad
727 939 904 988 portam,
928 939 982 979 et,
1005 939 1053 971 ut
1075 937 1353 971 maturaretur
1373 944 1451 979 res,
1473 928 1681 985 proficisci
1701 928 1756 970 ad

356 990 569 1032 delectum
600 989 730 1030 iussit.
794 988 943 1030 Fulvio
969 987 1262 1044 Flaminioque
1292 996 1411 1028 terna
1435 986 1566 1027 millia
1597 986 1756 1028 Roma-

355 1063 508 1089 norum
538 1047 731 1104 peditum
765 1055 807 1088 et
843 1046 1012 1088 centeni
1050 1046 1214 1102 equites
1247 1046 1292 1086 in
1328 1045 1683 1101 supplementum,
1713 1052 1756 1086 et

356 1106 488 1162 quina
514 1105 645 1146 millia
673 1105 832 1146 socium
864 1104 1008 1145 Latini
1039 1104 1222 1145 nominis
1250 1112 1293 1144 et
1320 1103 1475 1144 duceni
1497 1102 1660 1158 equites
1681 1102 1756 1143 de-

355 1164 485 1213 creti3
532 1163 863 1219 mandatumque
899 1162 1174 1219 praetoribus,
1212 1170 1260 1202 ut
1294 1170 1456 1202 veteres
1493 1160 1757 1201 dimitterent

355 1221 521 1271 milites,
537 1236 669 1278 quum
691 1221 735 1262 in
756 1220 1014 1277 provinciam
1035 1220 1260 1261 venissent.
1327 1218 1474 1267 Quum
1496 1218 1662 1268 milites,
1681 1217 1756 1274 qui

355 1280 400 1321 in
420 1279 656 1336 legionibus
684 1279 853 1320 urbanis
875 1287 1007 1327 erant,
1029 1277 1273 1333 frequentes
1301 1277 1487 1318 tribunos
1517 1275 1651 1332 plebis
1682 1275 1786 1317 ael-2

355 1338 497 1387 issent,
521 1337 583 1378 uti
612 1352 755 1377 causas
783 1344 1085 1392 cognoscerent
1112 1350 1272 1384 eorum,
1296 1335 1448 1391 quibus
1479 1342 1552 1375 aut
1582 1333 1756 1375 emerita

355 1395 576 1452 stipendia,
601 1403 673 1436 aut
700 1394 869 1435 morbus
890 1409 1036 1435 causae
1059 1402 1210 1443 essent,
1234 1408 1319 1449 quo
1340 1392 1479 1433 minus
1500 1391 1753 1440 militarent,

356 1468 448 1494 eam
470 1468 559 1494 rem
580 1452 725 1493 literae
748 1452 815 1493 Ti.
836 1451 1074 1508 Sempronii
1096 1451 1393 1499 discusserunt,
1416 1450 1460 1490 in
1482 1449 1635 1505 quibus
1656 1449 1756 1490 scri-

355 1522 476 1567 ptum
498 1519 599 1560 erat,
624 1516 635 1534 ⁶
653 1510 861 1566 Ligurum
883 1509 1029 1550 decem
1053 1508 1184 1549 millia
1214 1508 1258 1548 in
1290 1523 1436 1564 agrum
1459 1506 1755 1548 Placentinum

359 1569 572 1610 ⁶venisse:
607 1577 649 1609 et
681 1583 778 1609 eum
806 1583 940 1623 usque
969 1567 1022 1608 ad
1050 1566 1140 1623 ipsa
1168 1565 1355 1607 coloniae
1385 1565 1553 1606 moenia
1577 1572 1620 1605 et
1648 1563 1756 1606 Padi

359 1632 370 1650 ⁶
386 1627 496 1683 ripas
517 1641 613 1668 cum
635 1626 834 1667 caedibus
866 1636 908 1666 et
938 1624 1146 1666 incendiis
1173 1623 1470 1680 perpopulatos
1492 1637 1592 1664 esse.
1656 1621 1758 1663 Boi-

148 1697 343 1727 Tumultum
360 1689 372 1708 ⁶
388 1700 507 1726 orum
536 1699 706 1740 quoque
735 1692 905 1740 gentem
934 1682 987 1723 ad
1015 1681 1290 1723 rebellionem
1321 1681 1535 1737 spectare.’
1597 1679 1666 1722 Ob
1687 1694 1757 1721 eas

147 1750 214 1788 esse
229 1740 336 1770 deeer-
358 1758 423 1784 res
442 1749 452 1766 ⁶
466 1741 695 1783 tumultum
718 1741 824 1783 esse’
846 1740 1032 1782 decrevit
1053 1749 1244 1789 senatus3
1280 1739 1488 1780 ‘tribunos
1510 1737 1648 1795 plebei
1669 1752 1755 1778 non
1770 1754 1788 1785 3

145 1786 299 1857 {211¹}se11a-
362 1807 372 1824 ⁶
388 1800 552 1857 placere
575 1814 717 1840 causas
738 1799 939 1840 militares
960 1812 1226 1854 cognoscere,
1243 1812 1327 1852 quo
1344 1796 1482 1837 minus
1499 1796 1553 1836 ad
1570 1795 1757 1837 edictum

360 1865 372 1882 ⁶
387 1857 708 1899 conveniretur.'
755 1856 1020 1897 Adiecerunt
1041 1855 1180 1904 etiam,
1204 1863 1251 1895 ut
1273 1854 1375 1895 socii
1396 1853 1579 1894 nominis
1596 1853 1755 1902 Latini,

359 1916 433 1973 qui
464 1916 508 1956 in
537 1915 727 1956 exercitu
748 1914 795 1955 P.
819 1913 1021 1962 Cornelii,
1045 1913 1111 1953 Ti.
1135 1911 1373 1968 Sempronii
1400 1911 1587 1960 fuissent,
1620 1918 1663 1952 et
1692 1910 1757 1951 di-

358 1973 471 2014 missi
500 1974 552 2014 ab
573 1973 622 2014 iis
643 1971 884 2013 consulibus
905 1979 1056 2020 essent,
1080 1979 1139 2020 ut,
1163 1970 1216 2011 ad
1238 1985 1364 2026 quam
1387 1969 1499 2010 diem
1522 1968 1570 2009 L.
1593 1968 1757 2010 Corne-

358 2031 438 2073 lius
459 2031 605 2072 consul
626 2030 837 2080 edixisset,
861 2038 902 2070 et
931 2029 975 2069 in
997 2044 1124 2085 quem
1155 2027 1295 2069 locum
1327 2026 1526 2068 edixisset
1549 2026 1756 2076 Etruriae,

358 2089 660 2131 convenirent:
712 2097 755 2129 et
790 2088 852 2128 uti
887 2087 936 2128 L.
964 2085 1188 2128 Cornelius
1224 2084 1382 2134 consul,
1420 2084 1463 2125 in
1499 2084 1757 2141 provinciam

358 2147 640 2204 proficiscens,
670 2147 714 2187 in
745 2145 912 2202 oppidis
940 2144 1148 2200 agrisque,
1171 2159 1255 2200 qua
1284 2143 1419 2184 iturus
1450 2151 1568 2192 esset,
1596 2142 1629 2182 si
1651 2156 1757 2198 quos

360 2206 399 2246 ei
429 2205 655 2254 videretur,
689 2203 842 2244 milites
872 2203 1084 2252 scriberet,
1113 2210 1390 2257 armaretque,
1416 2209 1459 2241 et
1489 2199 1663 2241 duceret
1693 2214 1757 2239 Se-

359 2277 483 2304 cum:
518 2261 847 2317 dimittendique
870 2261 922 2310 ei,
945 2275 1051 2316 quos
1072 2274 1231 2309 eorum,
1254 2258 1510 2314 quandoque
1531 2256 1668 2306 vellet,
1692 2256 1757 2297 ius

360 2328 479 2362 esset.

404 2453 424 2483 9
439 2443 539 2473 Sociis
555 2447 584 2473 et
600 2443 718 2472 Latino
733 2442 871 2479 nomini]
893 2439 959 2470 llic
976 2439 1036 2470 tria
1080 2439 1179 2469 habes
1195 2448 1280 2477 supr.
1296 2437 1383 2469 xxvi.
1401 2446 1450 2475 33.
1479 2437 1585 2467 szv.

362 2490 437 2515 sunt
473 2486 629 2521 membra,
663 2484 696 2514 in
728 2484 843 2522 quibus
879 2482 1037 2522 posterius
1128 2491 1139 2512 1
1166 2481 1362 2520 Descripsit]
1396 2490 1437 2510 se.
1455 2479 1597 2518 Singulis
1620 2478 1756 2509 civitati-

362 2538 488 2567 semper
510 2526 680 2567 superioris
702 2536 829 2556 sensum
846 2525 988 2564 explicat
1005 2528 1037 2555 et
1081 2525 1151 2561 bus,
1168 2526 1246 2562 quot
1263 2533 1409 2562 quaeque
1426 2522 1560 2561 pedites,
1576 2526 1654 2561 quot
1670 2522 1757 2561 equi-

363 2570 532 2609 restringit.
576 2571 675 2600 ‚sociis
704 2573 735 2599 et
757 2570 875 2598 Latino
903 2568 1037 2604 nomini,
1082 2570 1130 2597 tes
1154 2567 1255 2604 daret,
1278 2576 1335 2605 pro
1360 2575 1493 2595 numero
1520 2564 1679 2594 iuniorum
1704 2575 1758 2595 cu-

363 2623 426 2643 non
451 2613 529 2652 ipsis
551 2612 746 2648 civitatibus,
767 2612 821 2641 sed
846 2611 1037 2650 mayislrali-
1082 2609 1195 2648 iusque
1211 2607 1358 2639 civitatis.
1405 2608 1467 2638 Sed
1488 2608 1527 2637 de
1541 2609 1701 2647 sot-mula,
1717 2617 1757 2637 ex

363 2657 421 2686 bus
447 2656 620 2695 lefflzlisqne
646 2665 767 2690 eorum,
790 2664 853 2683 non
881 2653 1038 2689 omnium,
1083 2662 1147 2690 qua
1174 2651 1292 2681 milites
1311 2650 1445 2680 sociales
1470 2650 1601 2680 nomina
1626 2650 1757 2685 dabant,

363 2699 417 2728 sed
440 2700 494 2738 qui
516 2708 555 2727 ex
579 2697 616 2727 iis
638 2697 753 2727 milites
775 2697 853 2726 (lare
875 2696 1037 2726 debebant.
1084 2694 1123 2725 ef.
1138 2704 1224 2732 supr.
1241 2693 1339 2724 xxvii.
1358 2703 1402 2724 10.
1429 2693 1563 2723 Niebhr.
1577 2692 1619 2723 iii.
1637 2703 1667 2722 n.
1684 2701 1757 2732 940.

364 2741 528 2772 Nimirum
542 2745 619 2770 tunc
633 2749 730 2778 quum
747 2737 943 2777 reipublicae
959 2747 1039 2776 opus
1128 2746 1144 2766 α
1172 2738 1328 2767 Tribunos
1340 2737 1458 2776 plebis]
1490 2737 1601 2767 l’lehez'
1616 2734 1758 2774 reposuit

363 2795 428 2814 non
445 2787 526 2815 esset
543 2782 665 2821 magnis
681 2781 884 2817 exercitibus,
895 2791 958 2810 non
972 2790 1037 2809 om-
1085 2779 1224 2810 Bekkcr.

364 2827 458 2857 nibus
475 2825 582 2857 Latini
604 2824 742 2854 nominis
760 2823 888 2863 populis
903 2823 1037 2862 impera·
1126 2831 1143 2860 3
1171 2823 1353 2852 Twmdtum
1371 2823 1452 2859 esse]
1480 2822 1518 2852 cf.
1533 2821 1626 2859 Supr.
1641 2819 1692 2850 vii.
1711 2828 1756 2850 ιο.

364 2870 481 2899 bantur
496 2868 629 2898 milites:
654 2868 710 2897 sed
727 2877 777 2896 res
793 2867 823 2895 in
838 2867 945 2896 orbem
962 2865 1037 2896 ibat,
1085 2865 1156 2895 Iam
1173 2865 1318 2895 delectus
1340 2863 1408 2895 sine
1426 2863 1644 2895 vacationibus
1662 2862 1757 2892 habe-

364 2911 519 2942 Similiter
550 2911 646 2950 plane
676 2913 829 2940 structam
861 2907 1037 2938 orationem
1083 2908 1185 2938 batur.
