1960 3218
563 141 690 184 LIB.
725 140 947 183 XXXIX.
989 141 1130 184 CAP.
1163 145 1231 184 42.

1511 144 1594 186 417

192 235 403 285 Flaccum,
426 233 501 291 qui
524 232 685 289 collega
713 232 758 273 in
785 232 1004 274 consulatu
1031 233 1179 283 fuerat,
1202 232 1417 275 candidati
1441 248 1588 284 omnes
1604 245 1647 277 U.
1665 245 1702 277 C.
1726 245 1801 286 568.

191 293 246 335 ad
266 292 552 335 deiiciendum
572 291 732 333 honore
753 305 875 340 eum3
905 305 991 332 non
1012 290 1147 332 solum
1169 299 1216 332 ut
1235 291 1316 347 ipsi
1336 291 1476 348 potius
1496 291 1586 332 adi·
1602 289 1639 320 A.
1663 289 1702 320 C.
1727 289 1797 329 184·

190 352 463 408 piscerentur,
486 363 564 390 nec
586 348 686 404 quia
706 348 1034 404 indignabantur
1063 364 1220 390 novum
1248 349 1463 390 hominem
1485 365 1585 391 cen-

190 425 326 451 sorem
353 408 519 455 videre3
554 405 629 447 sed
659 405 785 447 etiam
817 405 933 462 quod
963 406 1124 447 tristem
1155 422 1387 457 censuram,
1419 407 1583 463 pericu-

189 466 405 522 losamque
426 464 654 506 multorum
674 464 822 514 famae,
844 472 887 505 et
912 464 964 505 ab
994 463 1106 505 laeso
1137 479 1162 505 a
1190 463 1414 521 plerisque,
1437 474 1480 506 et
1499 465 1585 506 lae-

190 524 320 566 dendi
349 522 517 579 cupido,
540 522 850 578 exspectabant.
916 521 1088 563 Etenim
1110 531 1200 563 tum
1222 538 1392 578 quoque
1415 523 1584 564 minita-

189 582 358 624 bundus
387 581 570 638 petebat,
595 585 606 603 ‘
621 579 816 635 refragari
845 579 936 630 sibi,
960 580 1034 636 qui
1054 579 1228 621 liberam
1250 589 1293 621 et
1312 580 1463 621 fortem
1485 596 1584 622 cen-

191 646 355 682 ‘suram
387 638 608 688 timerent,q
635 637 925 680 criminando:
961 646 1003 679 et
1023 637 1148 679 simul
1170 637 1218 679 L.
1235 637 1407 679 Valerio
1438 639 1584 680 suffra-

187 699 373 755 gabatur.
438 696 540 738 ‘Illo
572 711 657 737 uno
693 695 854 752 collega
887 696 1088 752 castigare
1122 711 1164 737 se
1200 711 1309 737 nova
1338 696 1508 753 flagitia,
1541 706 1584 737 et

189 762 202 780 ‘
217 756 373 813 priscos
397 769 591 796 revocare
623 769 758 795 mores
788 754 935 810 posse.'
996 753 1076 796 His
1097 754 1260 796 accensi
1282 754 1486 805 homines,
1509 755 1583 796 ad-

187 830 306 856 versa
328 812 560 862 nobilitate,
583 827 668 853 non
692 811 754 853 M.
774 811 971 853 Porcium
993 811 1119 853 modo
1140 827 1353 853 censorem
1376 812 1582 863 fecerunt,

188 872 262 914 sed
283 871 409 913 etiam
430 870 631 926 colle’gam
655 870 693 910 ei
716 869 765 910 L.
782 869 1001 910 Valerium
1022 870 1220 911 Flaccum
1241 870 1496 912 adiecerunt.

249 929 493 971 Secundum
525 927 696 969 comitia
725 942 945 969 censorum
981 928 1173 969 consules
1209 937 1505 985 praetoresque
1538 929 1584 970 in

188 987 422 1044 provincias
452 985 628 1043 profecti
655 995 766 1036 sunt,
794 996 960 1042 praeter
988 986 1040 1034 Q.
1062 985 1286 1035 Naevium,
1310 1002 1436 1042 quem
1463 997 1584 1043 quat-

188 1055 284 1087 tuor
323 1060 410 1086 non
451 1044 589 1085 minus
629 1059 806 1093 menses,
847 1044 1091 1100 priusquam
1130 1044 1175 1085 in
1218 1043 1452 1085 Sardiniam
1490 1046 1582 1096 iret,

189 1103 455 1160 quaestiones
471 1101 676 1151 veneficii,
696 1117 874 1157 quarum
896 1117 1091 1158 magnam
1113 1110 1275 1158 partem
1297 1112 1415 1143 extra
1438 1104 1583 1144 urbem

187 1177 264 1218 per
284 1161 513 1217 municipia
535 1159 894 1215 conciliabulaque
917 1160 1077 1209 habuit,
1097 1160 1195 1215 quia
1216 1160 1274 1201 ita
1295 1161 1432 1216 aptius
1448 1161 1583 1202 visum

189 1228 290 1269 crat,
313 1227 552 1260 tenuerunt.
619 1217 663 1259 Si
685 1217 851 1258 Antiati
873 1216 1043 1259 Valerio
1072 1218 1240 1259 credere
1273 1218 1388 1268 libet,
1418 1219 1472 1259 ad
1499 1219 1583 1260 duo

157 1277 407 1319 ehominum
440 1276 571 1316 millia
600 1275 827 1316 damnavit.
892 1275 948 1316 Et
970 1275 1019 1317 L.
1036 1275 1279 1316 Postumius
1310 1286 1488 1332 praetor,
1515 1277 1584 1318 cui

188 1335 422 1376 Tarentum
454 1333 672 1389 provincia
701 1342 912 1382 evenerat,
945 1348 1116 1389 magnas
1148 1342 1360 1389 pastorum
1393 1335 1585 1376 coniura-

188 1393 323 1434 tiones
362 1391 603 1441 vindicavit,
641 1400 683 1432 et
722 1390 920 1446 reliquias
958 1390 1287 1432 Bacchanalium
1328 1393 1585 1448 quaestionis

187 1465 284 1492 cum
306 1450 421 1492 omni
442 1458 665 1491 exsecutus
689 1457 753 1490 est
772 1464 881 1490 cura.
946 1448 1121 1499 Multos,
1144 1449 1218 1506 qui
1249 1458 1322 1490 aut
1352 1450 1466 1491 citati
1497 1466 1584 1491 non

156 1509 404 1558 3affuerant,
427 1517 499 1549 aut
526 1507 652 1548 vades
683 1507 966 1557 deseruerant,
990 1507 1034 1548 in
1066 1523 1115 1548 ea
1145 1508 1316 1564 regione
1348 1507 1494 1550 Italiae
1525 1508 1584 1549 la-

188 1575 337 1615 tentes,
369 1566 522 1623 partim
553 1564 700 1606 noxios
731 1564 944 1614 iudicavit,
970 1565 1122 1620 partim
1149 1565 1472 1621 comprehensos
1496 1566 1584 1608 Ro-

157 1639 300 1668 4mam
321 1624 374 1665 ad
395 1632 587 1665 senatum
608 1622 731 1663 misit.
796 1621 848 1662 In
869 1637 1078 1663 carcerem
1101 1638 1246 1664 omnes
1267 1638 1292 1664 a
1312 1623 1359 1664 P.
1383 1623 1583 1665 Cornelio

187 1681 366 1723 coniecti
389 1690 497 1723 sunt.

245 1739 296 1780 In
330 1739 537 1795 Hispania
571 1738 779 1793 ulteriore,
810 1737 950 1779 fractis
986 1739 1179 1794 proximo
1212 1738 1322 1780 bello
1353 1739 1581 1789 Lusitanis,

187 1797 355 1853 quietae
386 1812 451 1838 res
481 1797 663 1838 fuerunt.
706 1794 778 1836 *In
799 1795 990 1836 citeriore
1014 1798 1067 1837 A.
1088 1796 1314 1838 Terentius
1340 1797 1384 1838 in
1413 1797 1582 1839 Suesse-

188 1855 296 1896 tanis
326 1855 531 1912 oppidum
562 1854 820 1895 Corbionem
850 1853 982 1894 vineis
1011 1862 1053 1895 et
1084 1855 1278 1910 operibus
1310 1856 1580 1912 expugnavit,

187 1914 371 1969 captivos
402 1912 617 1954 vendidit:
653 1912 795 1968 quieta
823 1911 977 1952 deinde
1011 1912 1188 1953 hiberna
1215 1921 1258 1954 et
1289 1913 1456 1955 citerior
1486 1929 1583 1970 pro-

186 1969 324 2012 vincia
355 1971 513 2012 habuit.
576 1969 754 2011 Veteres
786 1978 1011 2026 praetoreS,
1047 1969 1096 2011 C.
1123 1969 1380 2027 Calpurnius
1411 1971 1508 2013 Piso
1540 1981 1583 2013 et

188 2029 237 2070 L.
261 2029 502 2078 Quinctius,
526 2028 707 2069 Romam
736 2028 964 2068 redierunt.
1029 2027 1211 2084 Utrique
1233 2044 1386 2084 magno
1407 2029 1582 2071 Patrum

187 2101 394 2128 consensu
426 2086 663 2141 triumphus
685 2094 747 2126 est
767 2085 970 2126 decretus.
1033 2085 1156 2126 Prior
1179 2085 1229 2127 C.
1252 2085 1508 2143 Calpurnius
1529 2087 1582 2129 de

188 2144 402 2186 Lusitanis
427 2155 470 2185 et
493 2143 718 2185 Celtiberis
742 2142 1026 2198 triumphavit.
1091 2144 1280 2185 Coronas
1311 2160 1455 2185 aureas
1487 2145 1584 2187 tulit

188 2202 401 2258 octoginta
422 2210 516 2250 tres,
540 2210 582 2242 et
603 2200 828 2242 duodecim
857 2200 989 2242 millia
1015 2201 1158 2257 pondo
1183 2202 1357 2258 argenti.
1421 2202 1584 2244 Paucos

188 2269 281 2316 post
302 2260 392 2301 dies
413 2259 462 2300 L.
487 2259 714 2307 Quinctius
738 2258 959 2314 Crispinus
990 2274 1042 2299 ex
1074 2259 1223 2300 iisdem
1245 2259 1460 2300 Lusitanis
1485 2261 1584 2302 Cel-

189 2317 415 2374 tiberisque
438 2316 721 2373 triumphavit.
785 2316 1059 2358 Tantundem
1081 2317 1171 2357 auri
1192 2326 1318 2374 atque
1345 2319 1507 2373 argenti
1539 2319 1583 2359 in

188 2390 238 2417 co
260 2375 474 2432 triumpho
496 2374 753 2416 translatum.
773 2392 777 2398 ·

249 2433 471 2483 Censores,
495 2432 557 2474 M.
577 2432 752 2474 Porcius
773 2440 815 2473 ct
837 2431 887 2473 L.
904 2431 1112 2482 Valerius,
1136 2441 1253 2474 mctu
1280 2433 1413 2475 mixta
1437 2449 1585 2491 exspe-

190 2571 310 2602 Flacco
326 2572 485 2603 Catonem
508 2572 647 2612 primum
666 2572 699 2602 in
716 2571 865 2602 notitiam

190 2613 357 2644 hominum
394 2616 586 2654 productum
622 2626 701 2652 esse,
731 2619 763 2645 ct
797 2615 867 2645 cius

190 2657 332 2687 maxime
363 2657 478 2696 opibus
507 2661 539 2688 ct
568 2658 670 2697 gratia
704 2668 865 2688 commcn-

191 2701 301 2730 datnm
321 2700 439 2739 primos
456 2699 591 2730 honores
606 2701 736 2740 cepisse.
757 2702 863 2732 Cum.

236 2752 251 2772 τ.»
277 2744 322 2773 Ec
348 2745 381 2772 L.
396 2744 581 2773 Postumius
602 2745 751 2782 praetor]
780 2743 865 2773 Anni

192 2785 325 2825 prioris:
355 2796 392 2815 ac
420 2786 551 2815 fortasse
576 2785 604 2815 ci
634 2785 804 2824 imperium
833 2786 866 2816 in

191 2827 278 2858 hunc
331 2838 452 2858 annum
504 2831 707 2867 prorogatum
753 2829 865 2859 fuerat.

192 2871 292 2907 Quod
320 2871 343 2900 si
369 2870 413 2901 ita
437 2875 532 2907 essct,
556 2874 684 2910 praetor
708 2870 760 2901 hic
784 2871 867 2901 dicc-

193 2917 288 2949 rctur,
306 2913 358 2952 qui
378 2918 582 2953 propraetore
598 2917 677 2949 crat,
693 2924 731 2943 cx
752 2913 868 2943 usitato

251 2969 279 2995 V
283 2970 349 2996 05..
375 2969 435 2996 111.

911 2573 1001 2612 apud
1019 2572 1148 2602 Livium
1166 2577 1198 2603 et
1215 2577 1338 2604 ceteros
1353 2584 1452 2606 more.
1478 2576 1586 2607 Cnnv.

955 2624 972 2653 3
997 2617 1022 2645 Λ
1033 2620 1067 2645 ut
1083 2617 1179 2646 vades
1194 2617 1419 2655 deseruerant]
1447 2618 1515 2648 Aut
1531 2619 1584 2648 da-

911 2657 952 2688 tis
976 2658 1121 2695 vadibus,
1145 2659 1199 2698 qui
1226 2660 1421 2699 sponderent
1447 2660 1520 2690 illos
1544 2661 1585 2691 ad

910 2701 1020 2731 iudicii
1056 2701 1141 2732 dicm
1178 2702 1345 2739 affuturos,
1376 2703 1586 2733 nihilominus

911 2743 1065 2773 iudicium
1083 2745 1299 2776 deseruerant.
1324 2746 1430 2776 Clu-zv,

955 2798 973 2824 4
997 2789 1023 2816 A
1062 2788 1101 2817 I'.
1129 2788 1292 2825 Cornelio]
1335 2788 1499 2823 Pmoun-e„
1531 2787 1584 2826 qui

912 2833 1082 2868 utramque
1106 2830 1138 2860 in
1161 2831 1238 2860 nrbc
1260 2830 1510 2860 iurisdictionem
1532 2830 1585 2860 lm-

913 2873 1018 2902 bebat.
1043 2874 1148 2903 (lm-zv.

1289 2972 1310 2995 Η
1335 2974 1354 2994 O

1596 765 1644 796 Μ.
1663 766 1797 797 Porcius

1595 813 1627 839 et
1644 809 1681 840 L.
1697 810 1795 841 Vale-

1594 851 1660 882 rius
1676 862 1748 883 cen—

1595 905 1689 926 sores.

1596 1982 1708 2013 Trium
1714 1981 1769 2021 phi

1596 2026 1635 2055 de
1654 2025 1772 2064 Hispa-

1595 2079 1654 2100 ms.
