1960 3218
356 152 441 190 340
876 147 1025 189 TITI
1062 148 1242 190 LIVII

150 248 195 280 U.
213 248 250 280 C.
273 238 513 288 563.cendit.
577 238 627 280 L.
652 237 863 279 Manlium
889 238 1061 279 fratrem
1089 239 1140 280 ab
1168 239 1345 280 hiberno
1373 247 1480 288 ortu,
1504 238 1645 294 quoad
1665 238 1756 280 loca

150 291 190 323 Α·
215 292 253 324 0·
278 293 347 333 ¹89·
361 297 586 354 patiantur,
609 305 651 338 et
672 305 762 338 tuto
784 296 925 353 possit,
949 297 1085 338 subire
1111 297 1254 338 iubet:
1289 297 1321 337 si
1344 312 1427 352 qua
1454 296 1686 352 periculosa
1713 305 1756 337 et

216 878 283 916 21.

154 1469 320 1500 Proelium

156 1513 329 1543 committi-

153 1558 214 1587 tur.

156 2044 335 2075 Missilibus

156 2087 246 2117 Galli
263 2092 327 2118 tur-

155 2130 279 2162 bantur.

360 364 587 412 praerupta
607 364 839 404 occurrant,
863 370 947 395 non
970 370 1156 411 pugnare
1183 370 1279 395 cum
1308 355 1529 410 iniquitate
1554 354 1754 403 locorum,

360 429 500 469 neque
523 413 927 469 inexsuperabilibus
944 414 1027 452 vim
1050 413 1222 462 afferre3
1254 412 1328 453 sed
1349 412 1521 467 obliquo
1545 421 1686 452 monte
1704 411 1758 452 ad
1789 439 1795 452 .

360 487 403 512 50
437 471 661 520 declinare,
693 480 736 512 et
768 486 842 511 suo
874 470 1031 525 agmini
1067 470 1279 525 coniungi.
1345 470 1394 510 C.
1422 469 1623 511 Helvium
1660 484 1758 510 cum

361 529 486 570 tertia
505 538 620 585 parte
643 529 862 569 circumire
884 528 1036 569 sensim
1062 543 1137 584 per
1162 528 1306 568 infima
1334 528 1499 576 montis,
1523 527 1677 568 deinde
1706 527 1758 568 ab

363 587 519 628 aestivo
544 602 694 628 occasu
719 587 877 642 erigere
907 601 1069 641 agmen.
1135 585 1191 626 Et
1217 585 1349 626 Attali
1377 585 1532 626 auxilia
1559 585 1758 626 trifariam

362 660 498 700 aequo
523 660 700 685 numero
725 644 890 684 divisit:
926 658 1066 686 secum
1099 658 1186 683 esse
1218 644 1354 699 ipsum
1387 643 1582 684 iuvenem
1611 642 1755 683 iussit:

362 703 595 758 equitatum
625 717 721 743 cum
751 701 985 757 elephantis
1013 701 1058 740 in
1087 701 1280 756 proxima
1308 701 1479 742 tumulis
1500 701 1672 756 planitie
1695 715 1760 741 re-

361 760 497 815 liquit.
549 759 748 800 Edictum
771 759 1002 815 praefectis,
1021 767 1067 798 ut
1088 759 1252 807 intenti,
1272 758 1375 814 quid
1397 759 1553 814 ubique
1575 768 1757 815 geratur,

364 817 724 866 animadvertant3
773 831 982 872 opemque
1018 816 1138 865 ferre,
1176 831 1261 871 quo
1297 816 1510 871 postulent
1549 831 1626 865 res,
1663 828 1791 872 pro-7

364 883 524 932 perent.
581 874 708 925 Galli,
732 875 782 915 ab
805 875 969 914 duobus
990 873 1189 914 lateribus
1205 874 1301 914 satis
1324 873 1502 914 fidentes
1525 874 1636 914 invia
1657 889 1758 923 esse,

364 934 415 974 ab
437 949 486 974 ea
506 942 636 989 parte,
656 948 762 988 quae
786 932 829 972 in
852 931 1070 972 meridiem
1087 941 1289 987 vergeret,
1308 941 1355 972 ut
1376 932 1500 972 armis
1517 931 1761 972 clauderent

363 991 486 1040 viam,
506 1001 704 1047 quattuor
723 990 853 1031 ferme
877 989 1006 1030 millia
1029 999 1279 1030 armatorum
1302 989 1354 1030 ad
1377 989 1599 1038 tumulum,
1623 989 1761 1029 immi-

363 1057 536 1090 nentem
564 1049 654 1089 viae
689 1049 827 1089 minus
860 1047 974 1088 mille
1009 1062 1203 1103 passuum
1236 1063 1260 1088 a
1289 1048 1443 1096 castris,
1467 1047 1761 1104 occupandum

364 1107 564 1155 mittunt3
599 1122 648 1148 eo
670 1121 712 1147 se
735 1107 813 1147 rati
834 1105 949 1146 velut
973 1105 1144 1146 castello
1173 1105 1251 1146 iter
1280 1105 1565 1161 impedituros.
1632 1104 1761 1153 Quod

364 1165 436 1206 ubi
465 1164 648 1205 Romani
673 1164 882 1212 viderunt,
916 1163 1150 1219 expediunt
1180 1178 1268 1204 5050
1298 1164 1351 1204 ad
1382 1178 1578 1219 pugnam.
1644 1163 1759 1204 Ante

365 1223 483 1279 signa
514 1223 680 1263 modico
712 1221 931 1263 intervallo
953 1221 1098 1262 velites
1127 1230 1241 1270 eunt,
1265 1231 1307 1262 et
1335 1222 1386 1262 ab
1410 1221 1555 1262 Attalo
1581 1220 1761 1262 Creten-

365 1296 428 1321 ses
464 1281 677 1337 sagittarii,
710 1289 753 1321 et
783 1279 1028 1328 funditores,
1062 1288 1104 1320 et
1140 1279 1282 1328 Tralli,
1316 1288 1358 1320 et
1392 1279 1603 1320 Thraces:
1643 1279 1792 1334 signass

364 1339 569 1394 peditum,
595 1347 640 1379 ut
664 1353 739 1394 per
764 1338 955 1386 arduum,
978 1336 1063 1377 leni
1090 1336 1223 1393 gradu
1251 1337 1477 1386 ducuntur,
1501 1337 1558 1378 ita
1588 1352 1686 1393 prae
1717 1351 1760 1378 se

365 1396 611 1437 habentium
641 1405 770 1445 scuta,
795 1404 842 1436 ut
872 1394 1043 1435 missilia
1071 1404 1235 1435 tantum
1261 1395 1451 1444 vitarent,
1475 1394 1582 1450 pede
1611 1393 1762 1435 collato

365 1470 451 1495 non
487 1454 732 1495 viderentur
766 1453 1003 1510 pugnaturi.
1068 1452 1300 1493 Missilibus
1336 1468 1389 1493 ex
1426 1452 1645 1494 intervallo
1680 1452 1761 1493 loci

364 1512 571 1568 proelium
594 1512 862 1553 commissum
884 1520 959 1560 est,
982 1510 1116 1566 primo
1138 1526 1223 1566 par,
1245 1510 1389 1551 Gallos
1409 1510 1500 1551 loco
1522 1510 1760 1559 adiuvante,

368 1570 582 1611 Romanos
616 1570 814 1610 varietate
849 1579 890 1610 et
923 1569 1043 1624 eopia
1079 1568 1270 1609 telorum.
1334 1568 1596 1609 Procedente
1630 1578 1763 1609 certa-

365 1628 492 1677 mine,
515 1628 622 1668 nihil
643 1628 724 1669 iam
747 1627 872 1683 aequi
896 1635 995 1667 erat.
1062 1625 1189 1667 Scuta
1217 1626 1353 1682 longa,
1376 1636 1562 1667 ceterum
1592 1625 1645 1666 ad
1675 1640 1763 1666 am-

364 1685 619 1742 plitudinem
651 1700 871 1742 corporum
904 1699 1052 1740 parum
1084 1684 1178 1733 lata,
1211 1693 1253 1725 et
1286 1700 1335 1725 ea
1365 1684 1454 1740 ipsa
1484 1683 1620 1740 plana,
1654 1683 1761 1724 male

365 1744 564 1800 tegebant
603 1743 758 1784 Gallos,
838 1742 931 1783 Nec
968 1742 1051 1783 iam
1095 1742 1177 1782 tela
1219 1742 1299 1782 alia
1336 1742 1560 1791 habebant,
1597 1750 1764 1797 praeter

365 1802 550 1858 gladios:
600 1816 793 1857 quorum,
832 1815 962 1856 quum
1008 1815 1178 1840 manum
1223 1800 1351 1840 hostis
1389 1815 1475 1840 non
1512 1808 1760 1848 consereret,

365 1859 506 1900 nullus
537 1875 634 1900 usus
666 1868 765 1900 erat.
832 1858 963 1906 Saxis,
987 1873 1065 1898 nec
1097 1857 1284 1906 modicis,
1312 1867 1359 1898 ut
1387 1873 1494 1912 quac
1527 1872 1612 1897 non
1644 1871 1763 1912 prae-

365 1927 593 1973 parassent,
627 1917 701 1957 sed
735 1916 848 1972 quod
877 1916 1030 1971 cuique
1061 1924 1216 1956 temere
1251 1915 1476 1971 trepidanti
1508 1914 1561 1955 ad
1590 1929 1762 1954 manum

366 1975 560 2025 venisset,
585 1984 630 2015 ut
651 1974 817 2023 insueti,
840 1989 919 2014 nee
948 1983 1034 2013 arte
1063 1988 1141 2013 nec
1162 1973 1317 2014 viribus
1346 1973 1591 2013 adiuvantes
1616 1972 1794 2021 ictum,9

368 2034 604 2074 utebantur.
671 2032 854 2089 Sagittis,
877 2031 1043 2087 glande,
1070 2030 1215 2071 iaculis
1240 2031 1396 2072 incauti
1426 2031 1476 2071 ab
1503 2030 1617 2070 omni
1646 2038 1762 2086 parte

368 2091 712 2146 configebantur:
747 2105 838 2139 nec,
862 2089 965 2146 quid
990 2097 1174 2144 agerent,
1198 2089 1258 2129 ira
1285 2098 1327 2129 et
1354 2103 1507 2144 pavore
1536 2087 1763 2128 occaecatis

369 2149 531 2198 animis,
554 2149 806 2190 cernebant:
841 2156 883 2188 et
912 2156 1031 2188 erant
1051 2146 1304 2202 deprehensi
1331 2161 1486 2202 genere
1515 2160 1695 2201 pugnae,
1718 2145 1762 2184 in

368 2206 483 2262 quod
506 2206 678 2247 minime
700 2206 786 2262 apti
807 2214 916 2246 sunt.
960 2204 1071 2245 Nam
1091 2204 1448 2260 quemadmodum
1470 2203 1673 2252 cominus,
1690 2202 1761 2243 ubi

367 2264 412 2304 in
433 2264 565 2305 vicem
596 2264 683 2320 pati
711 2272 753 2304 et
784 2263 935 2304 inferre
958 2261 1132 2302 vulnera
1159 2261 1269 2311 licet,
1293 2261 1486 2302 accendit
1514 2261 1574 2301 ira
1601 2260 1762 2301 animos

368 2337 540 2370 eorum3
573 2322 642 2371 ita,
670 2321 741 2362 ubi
773 2336 826 2362 ex
858 2319 1022 2361 occulto
1053 2328 1096 2360 et
1126 2319 1271 2375 procul
1302 2319 1462 2360 levibus
1493 2318 1585 2359 telis
1616 2317 1762 2358 vulne-

367 2388 525 2429 rantur,
555 2394 646 2428 nec,
677 2394 761 2434 quo
791 2386 919 2421 ruant.
946 2392 1070 2418 caeco
1103 2376 1275 2432 impetu,
1308 2377 1476 2425 habent,
1506 2375 1620 2416 velut
1650 2374 1760 2415 ferae

367 2437 589 2477 transfixae
622 2437 665 2477 in
697 2451 793 2477 suos
830 2444 986 2477 temere
1022 2434 1253 2475 incurrunt.
1318 2434 1557 2489 Detegebat
1589 2431 1762 2473 vulnera

368 2509 526 2544 eorum,
549 2494 663 2550 quod
696 2494 799 2534 nudi
832 2500 1035 2550 pugnant,
1067 2500 1110 2532 et
1141 2499 1239 2532 sunt
1268 2491 1359 2532 fusa
1389 2499 1431 2532 et
1461 2489 1641 2531 candida
1671 2505 1791 2532 cor-1

413 2628 428 2660 7
454 2623 523 2659 Quo
545 2622 707 2661 postulent
731 2621 798 2658 res]
826 2621 895 2657 Quo
915 2631 967 2651 res
984 2629 1039 2659 po·
1085 2621 1143 2655 est,
1160 2621 1195 2648 ut
1218 2629 1276 2650 nec
1301 2618 1352 2648 hic
1378 2618 1525 2658 capiatur
1550 2629 1607 2658 pro
1630 2623 1660 2649 et
1683 2629 1760 2656 non,

365 2666 474 2701 stulet,
489 2664 631 2703 reposuit
644 2663 784 2694 Bekker.
1085 2661 1139 2690 sed
1161 2671 1218 2700 pro
1235 2672 1311 2697 non,
1328 2666 1363 2691 ut
1390 2661 1420 2691 in
1439 2672 1516 2692 voce
1538 2662 1760 2701 nec-opinatus,

410 2707 429 2737 8
452 2708 499 2737 Et
527 2707 645 2744 Tralli]
683 2705 722 2736 cf.
751 2706 845 2744 Supr.
872 2704 961 2735 xxxi.
990 2712 1038 2743 35.
1085 2703 1220 2742 aliisque
1238 2704 1356 2743 passim
1374 2704 1540 2735 similibus.

367 2749 480 2780 xxxiii.
497 2760 525 2787 4.
1133 2756 1143 2776 1
1171 2748 1260 2776 Fusa
1278 2770 1304 2777 ..
1316 2771 1323 2777 .
1340 2748 1491 2786 corpora]
1510 2746 1620 2783 Levia,
1633 2749 1664 2776 et
1677 2745 1759 2775 mul-

408 2802 429 2833 9
457 2794 499 2824 Ut
528 2790 664 2830 insueti]
707 2791 869 2820 Voculam
902 2795 932 2821 et
963 2793 1038 2819 ante
1084 2792 1117 2818 ta
1144 2799 1238 2819 carne
1269 2790 1394 2827 teretia,
1422 2794 1457 2819 ut
1488 2789 1567 2819 nihil
1598 2798 1761 2828 asperum,

367 2845 461 2866 voces
489 2840 527 2865 ut
559 2835 678 2865 insueti
716 2833 872 2863 excidisse
909 2832 1038 2862 coniicit
1084 2831 1162 2861 nihil
1198 2833 1357 2869 scabrum,
1392 2833 1476 2871 quod
1508 2832 1540 2861 in
1575 2831 1761 2870 corporibus

367 2878 507 2909 Crevier.
532 2878 587 2908 sed
613 2877 742 2915 vulgata
768 2875 864 2906 lectio
890 2875 1036 2905 Draken-
1083 2874 1264 2905 macilentis
1280 2875 1447 2915 contingit,
1464 2873 1615 2905 emineat.
1637 2874 1743 2904 Cauv.

366 2920 497 2951 borchio
524 2920 642 2961 placet,
667 2928 770 2958 neque
796 2918 881 2949 euim
910 2928 1037 2948 necesse
