<?xml version="1.0" encoding="UTF-8"?>
<!DOCTYPE html PUBLIC "-//W3C//DTD XHTML 1.0 Transitional//EN"
    "http://www.w3.org/TR/xhtml1/DTD/xhtml1-transitional.dtd">
<html xmlns="http://www.w3.org/1999/xhtml" xml:lang="en" lang="en">
 <head>
  <title>
</title>
<meta http-equiv="Content-Type" content="text/html;charset=utf-8" />
  <meta name='ocr-system' content='tesseract 3.04.00' />
  <meta name='ocr-capabilities' content='ocr_page ocr_carea ocr_par ocr_line ocrx_word'/>
</head>
<body>
  <div class='ocr_page' id='page_1' title='image "./historiarumli03livyuoft_0108.png"; bbox 0 0 1960 3218; ppageno 0'>
   <div class='ocr_carea' id='block_1_1' title="bbox 346 142 1233 189">
    <p class='ocr_par' dir='ltr' id='par_1_1' title="bbox 346 142 1233 189">
     <span class='ocr_line' id='line_1_1' title="bbox 346 142 1233 189; baseline -0.007 -1"><span class='ocrx_word' id='word_1_1' title='bbox 346 151 397 189; x_wconf 89' lang='lat'>98</span> <span class='ocrx_word' id='word_1_2' title='bbox 867 142 1015 184; x_wconf 87' lang='lat' dir='ltr'>TITI</span> <span class='ocrx_word' id='word_1_3' title='bbox 1053 142 1233 183; x_wconf 89' lang='lat' dir='ltr'>LIVII</span> 
     </span>
    </p>
   </div>
   <div class='ocr_carea' id='block_1_2' title="bbox 139 232 1794 2249">
    <p class='ocr_par' dir='ltr' id='par_1_2' title="bbox 139 232 1794 2249">
     <span class='ocr_line' id='line_1_2' title="bbox 140 232 1745 292; baseline -0.005 -11"><span class='ocrx_word' id='word_1_4' title='bbox 140 248 185 281; x_wconf 92' lang='lat' dir='ltr'>U.</span> <span class='ocrx_word' id='word_1_5' title='bbox 201 249 240 280; x_wconf 86' lang='lat' dir='ltr'>C.</span> <span class='ocrx_word' id='word_1_6' title='bbox 262 237 398 288; x_wconf 79' lang='lat' dir='ltr'>555.iis</span> <span class='ocrx_word' id='word_1_7' title='bbox 418 236 562 292; x_wconf 88' lang='lat' dir='ltr'>copiis,</span> <span class='ocrx_word' id='word_1_8' title='bbox 585 235 777 284; x_wconf 84' lang='lat' dir='ltr'>dimissis,</span> <span class='ocrx_word' id='word_1_9' title='bbox 801 233 874 289; x_wconf 90' lang='lat' dir='ltr'>qui</span> <span class='ocrx_word' id='word_1_10' title='bbox 896 232 1224 289; x_wconf 83' lang='lat' dir='ltr'>specularentur,</span> <span class='ocrx_word' id='word_1_11' title='bbox 1249 247 1375 288; x_wconf 90' lang='lat' dir='ltr'>quam</span> <span class='ocrx_word' id='word_1_12' title='bbox 1401 233 1445 273; x_wconf 91' lang='lat' dir='ltr'>in</span> <span class='ocrx_word' id='word_1_13' title='bbox 1465 240 1628 289; x_wconf 88' lang='lat' dir='ltr'>partem</span> <span class='ocrx_word' id='word_1_14' title='bbox 1648 232 1745 273; x_wconf 90' lang='lat' dir='ltr'>hos-</span> 
     </span>
     <span class='ocr_line' id='line_1_3' title="bbox 139 290 1745 347; baseline -0.004 -10"><span class='ocrx_word' id='word_1_15' title='bbox 139 292 179 323; x_wconf 79' lang='lat' dir='ltr'>A.</span> <span class='ocrx_word' id='word_1_16' title='bbox 204 291 243 322; x_wconf 90' lang='lat' dir='ltr'>C.</span> <span class='ocrx_word' id='word_1_17' title='bbox 268 298 337 333; x_wconf 82' lang='grc' dir='ltr'>Ι97·</span> <span class='ocrx_word' id='word_1_18' title='bbox 350 303 414 336; x_wconf 89' lang='lat' dir='ltr'>tes</span> <span class='ocrx_word' id='word_1_19' title='bbox 435 293 701 335; x_wconf 83' lang='lat' dir='ltr'>effunderent</span> <span class='ocrx_word' id='word_1_20' title='bbox 723 307 825 341; x_wconf 89' lang='lat' dir='ltr'>sese,</span> <span class='ocrx_word' id='word_1_21' title='bbox 841 291 1148 347; x_wconf 83' lang='lat' dir='ltr'>opperiebatur.</span> <span class='ocrx_word' id='word_1_22' title='bbox 1202 290 1537 339; x_wconf 73' lang='lat' dir='ltr'>Androsthenes,</span> <span class='ocrx_word' id='word_1_23' title='bbox 1556 290 1745 331; x_wconf 90' lang='lat' dir='ltr'>omnium</span> 
     </span>
     <span class='ocr_line' id='line_1_4' title="bbox 207 336 1746 409; baseline -0.005 -15"><span class='ocrx_word' id='word_1_24' title='bbox 207 336 272 375; x_wconf 74' lang='lat'>15·</span> <span class='ocrx_word' id='word_1_25' title='bbox 351 353 534 409; x_wconf 82' lang='lat' dir='ltr'>ignarus,</span> <span class='ocrx_word' id='word_1_26' title='bbox 564 350 773 392; x_wconf 86' lang='lat' dir='ltr'>Corintho</span> <span class='ocrx_word' id='word_1_27' title='bbox 804 349 1026 405; x_wconf 83' lang='lat' dir='ltr'>profectuS,</span> <span class='ocrx_word' id='word_1_28' title='bbox 1060 348 1112 389; x_wconf 89' lang='lat' dir='ltr'>ad</span> <span class='ocrx_word' id='word_1_29' title='bbox 1145 347 1354 388; x_wconf 87' lang='lat' dir='ltr'>Nemeam</span> <span class='ocrx_word' id='word_1_30' title='bbox 1385 348 1539 403; x_wconf 89' lang='lat' dir='ltr'>(amnis</span> <span class='ocrx_word' id='word_1_31' title='bbox 1568 356 1630 388; x_wconf 87' lang='lat' dir='ltr'>est</span> <span class='ocrx_word' id='word_1_32' title='bbox 1660 346 1746 388; x_wconf 89' lang='lat' dir='ltr'>Co-</span> 
     </span>
     <span class='ocr_line' id='line_1_5' title="bbox 351 403 1747 464; baseline -0.005 -13"><span class='ocrx_word' id='word_1_33' title='bbox 351 409 556 451; x_wconf 89' lang='lat' dir='ltr'>rinthium</span> <span class='ocrx_word' id='word_1_34' title='bbox 579 417 621 449; x_wconf 89' lang='lat' dir='ltr'>et</span> <span class='ocrx_word' id='word_1_35' title='bbox 645 407 890 464; x_wconf 80' lang='lat' dir='ltr'>Sicyonium</span> <span class='ocrx_word' id='word_1_36' title='bbox 911 406 1157 446; x_wconf 85' lang='lat' dir='ltr'>interfluens</span> <span class='ocrx_word' id='word_1_37' title='bbox 1179 405 1346 461; x_wconf 80' lang='lat' dir='ltr'>agrum)</span> <span class='ocrx_word' id='word_1_38' title='bbox 1366 414 1499 447; x_wconf 87' lang='lat' dir='ltr'>castra</span> <span class='ocrx_word' id='word_1_39' title='bbox 1517 405 1637 446; x_wconf 90' lang='lat' dir='ltr'>locat.</span> <span class='ocrx_word' id='word_1_40' title='bbox 1681 403 1747 445; x_wconf 88' lang='lat' dir='ltr'>Ibi</span> 
     </span>
     <span class='ocr_line' id='line_1_6' title="bbox 352 461 1781 525; baseline -0.004 -17"><span class='ocrx_word' id='word_1_41' title='bbox 352 476 470 525; x_wconf 91' lang='lat' dir='ltr'>parte</span> <span class='ocrx_word' id='word_1_42' title='bbox 493 465 669 507; x_wconf 85' lang='lat' dir='ltr'>dimidia</span> <span class='ocrx_word' id='word_1_43' title='bbox 689 464 896 506; x_wconf 80' lang='lat' dir='ltr'>exercitus</span> <span class='ocrx_word' id='word_1_44' title='bbox 913 463 1094 512; x_wconf 88' lang='lat' dir='ltr'>dimissa,</span> <span class='ocrx_word' id='word_1_45' title='bbox 1110 463 1328 504; x_wconf 81' lang='lat' dir='ltr'>dimidiam</span> <span class='ocrx_word' id='word_1_46' title='bbox 1345 463 1360 512; x_wconf 84' lang='lat'>(</span> <span class='ocrx_word' id='word_1_47' title='bbox 1366 463 1564 504; x_wconf 88' lang='lat' dir='ltr'>trifariam</span> <span class='ocrx_word' id='word_1_48' title='bbox 1586 461 1748 516; x_wconf 82' lang='lat' dir='ltr'>divisit)</span> <span class='ocrx_word' id='word_1_49' title='bbox 1761 470 1781 502; x_wconf 91' lang='lat'><strong>6</strong></span> 
     </span>
     <span class='ocr_line' id='line_1_7' title="bbox 354 519 1749 579; baseline -0.005 -12"><span class='ocrx_word' id='word_1_50' title='bbox 354 534 397 567; x_wconf 89' lang='lat' dir='ltr'>et</span> <span class='ocrx_word' id='word_1_51' title='bbox 417 539 562 566; x_wconf 85' lang='lat' dir='ltr'>omnes</span> <span class='ocrx_word' id='word_1_52' title='bbox 584 523 748 579; x_wconf 86' lang='lat' dir='ltr'>equites</span> <span class='ocrx_word' id='word_1_53' title='bbox 769 522 999 562; x_wconf 83' lang='lat' dir='ltr'>discurrere</span> <span class='ocrx_word' id='word_1_54' title='bbox 1031 520 1084 561; x_wconf 88' lang='lat' dir='ltr'>ad</span> <span class='ocrx_word' id='word_1_55' title='bbox 1115 520 1434 576; x_wconf 89' lang='lat' dir='ltr'>depopulandos</span> <span class='ocrx_word' id='word_1_56' title='bbox 1465 520 1590 560; x_wconf 88' lang='lat' dir='ltr'>simul</span> <span class='ocrx_word' id='word_1_57' title='bbox 1610 519 1749 560; x_wconf 84' lang='lat' dir='ltr'>Pelle-</span> 
     </span>
     <span class='ocr_line' id='line_1_8' title="bbox 353 576 1750 636; baseline -0.004 -12"><span class='ocrx_word' id='word_1_58' title='bbox 353 583 549 624; x_wconf 89' lang='lat' dir='ltr'>nensium</span> <span class='ocrx_word' id='word_1_59' title='bbox 584 580 914 636; x_wconf 77' lang='lat' dir='ltr'>Sicyoniumque</span> <span class='ocrx_word' id='word_1_60' title='bbox 943 593 1074 634; x_wconf 76' lang='lat' dir='ltr'>agrOS,</span> <span class='ocrx_word' id='word_1_61' title='bbox 1099 586 1141 619; x_wconf 92' lang='lat' dir='ltr'>et</span> <span class='ocrx_word' id='word_1_62' title='bbox 1161 578 1408 627; x_wconf 84' lang='lat' dir='ltr'>Phliasium,</span> <span class='ocrx_word' id='word_1_63' title='bbox 1434 578 1563 618; x_wconf 89' lang='lat' dir='ltr'>iubet.</span> <span class='ocrx_word' id='word_1_64' title='bbox 1629 576 1750 618; x_wconf 84' lang='lat' dir='ltr'>Haec</span> 
     </span>
     <span class='ocr_line' id='line_1_9' title="bbox 355 633 1752 694; baseline -0.004 -13"><span class='ocrx_word' id='word_1_65' title='bbox 355 641 434 681; x_wconf 89' lang='lat' dir='ltr'>tria</span> <span class='ocrx_word' id='word_1_66' title='bbox 454 640 617 680; x_wconf 83' lang='lat' dir='ltr'>diversa</span> <span class='ocrx_word' id='word_1_67' title='bbox 647 637 815 694; x_wconf 77' lang='lat' dir='ltr'>agmina</span> <span class='ocrx_word' id='word_1_68' title='bbox 835 637 1072 677; x_wconf 87' lang='lat' dir='ltr'>discessere.</span> <span class='ocrx_word' id='word_1_69' title='bbox 1139 635 1269 684; x_wconf 78' lang='lat' dir='ltr'>Quod</span> <span class='ocrx_word' id='word_1_70' title='bbox 1290 635 1363 676; x_wconf 90' lang='lat' dir='ltr'>ubi</span> <span class='ocrx_word' id='word_1_71' title='bbox 1388 634 1570 676; x_wconf 85' lang='lat' dir='ltr'>Cleonas</span> <span class='ocrx_word' id='word_1_72' title='bbox 1595 635 1648 675; x_wconf 92' lang='lat' dir='ltr'>ad</span> <span class='ocrx_word' id='word_1_73' title='bbox 1670 633 1752 675; x_wconf 86' lang='lat' dir='ltr'>Ni-</span> 
     </span>
     <span class='ocr_line' id='line_1_10' title="bbox 356 692 1752 751; baseline -0.005 -12"><span class='ocrx_word' id='word_1_74' title='bbox 356 705 583 739; x_wconf 89' lang='lat' dir='ltr'>costratum</span> <span class='ocrx_word' id='word_1_75' title='bbox 614 695 821 751; x_wconf 88' lang='lat' dir='ltr'>perlatum</span> <span class='ocrx_word' id='word_1_76' title='bbox 851 703 926 743; x_wconf 89' lang='lat' dir='ltr'>est,</span> <span class='ocrx_word' id='word_1_77' title='bbox 950 692 1163 749; x_wconf 84' lang='lat' dir='ltr'>extemplo</span> <span class='ocrx_word' id='word_1_78' title='bbox 1184 693 1366 734; x_wconf 84' lang='lat' dir='ltr'>validam</span> <span class='ocrx_word' id='word_1_79' title='bbox 1397 692 1752 734; x_wconf 87' lang='lat' dir='ltr'>mercenariorum</span> 
     </span>
     <span class='ocr_line' id='line_1_11' title="bbox 356 750 1752 809; baseline -0.004 -13"><span class='ocrx_word' id='word_1_80' title='bbox 356 769 528 796; x_wconf 88' lang='lat' dir='ltr'>manum</span> <span class='ocrx_word' id='word_1_81' title='bbox 569 753 837 809; x_wconf 84' lang='lat' dir='ltr'>praemissam</span> <span class='ocrx_word' id='word_1_82' title='bbox 879 751 932 792; x_wconf 91' lang='lat' dir='ltr'>ad</span> <span class='ocrx_word' id='word_1_83' title='bbox 972 751 1266 807; x_wconf 88' lang='lat' dir='ltr'>occupandum</span> <span class='ocrx_word' id='word_1_84' title='bbox 1307 750 1472 800; x_wconf 85' lang='lat' dir='ltr'>saltum,</span> <span class='ocrx_word' id='word_1_85' title='bbox 1509 765 1584 806; x_wconf 89' lang='lat' dir='ltr'>per</span> <span class='ocrx_word' id='word_1_86' title='bbox 1623 764 1752 806; x_wconf 89' lang='lat' dir='ltr'>quem</span> 
     </span>
     <span class='ocr_line' id='line_1_12' title="bbox 356 808 1753 865; baseline -0.004 -11"><span class='ocrx_word' id='word_1_87' title='bbox 356 812 554 854; x_wconf 84' lang='lat' dir='ltr'>transitus</span> <span class='ocrx_word' id='word_1_88' title='bbox 575 812 619 851; x_wconf 86' lang='lat' dir='ltr'>in</span> <span class='ocrx_word' id='word_1_89' title='bbox 644 810 915 851; x_wconf 89' lang='lat' dir='ltr'>Corinthium</span> <span class='ocrx_word' id='word_1_90' title='bbox 937 818 999 850; x_wconf 91' lang='lat' dir='ltr'>est</span> <span class='ocrx_word' id='word_1_91' title='bbox 1020 824 1179 865; x_wconf 80' lang='lat' dir='ltr'>agrum,</span> <span class='ocrx_word' id='word_1_92' title='bbox 1202 817 1299 849; x_wconf 89' lang='lat' dir='ltr'>ante</span> <span class='ocrx_word' id='word_1_93' title='bbox 1322 809 1440 864; x_wconf 82' lang='lat' dir='ltr'>signa</span> <span class='ocrx_word' id='word_1_94' title='bbox 1461 808 1686 864; x_wconf 88' lang='lat' dir='ltr'>equitibus,</span> <span class='ocrx_word' id='word_1_95' title='bbox 1705 815 1753 848; x_wconf 92' lang='lat' dir='ltr'>ut</span> 
     </span>
     <span class='ocr_line' id='line_1_13' title="bbox 355 863 1753 927; baseline -0.005 -16"><span class='ocrx_word' id='word_1_96' title='bbox 355 869 747 927; x_wconf 80' lang='lat' dir='ltr'>praegrederentur,</span> <span class='ocrx_word' id='word_1_97' title='bbox 790 867 946 916; x_wconf 88' lang='lat' dir='ltr'>locatis,</span> <span class='ocrx_word' id='word_1_98' title='bbox 992 867 1079 922; x_wconf 89' lang='lat' dir='ltr'>ipse</span> <span class='ocrx_word' id='word_1_99' title='bbox 1122 866 1339 907; x_wconf 88' lang='lat' dir='ltr'>confestim</span> <span class='ocrx_word' id='word_1_100' title='bbox 1386 866 1552 922; x_wconf 80' lang='lat' dir='ltr'>agmine</span> <span class='ocrx_word' id='word_1_101' title='bbox 1594 863 1753 921; x_wconf 87' lang='lat' dir='ltr'>duplici</span> 
     </span>
     <span class='ocr_line' id='line_1_14' title="bbox 357 922 1753 984; baseline -0.005 -15"><span class='ocrx_word' id='word_1_102' title='bbox 357 928 558 984; x_wconf 89' lang='lat' dir='ltr'>sequitur.</span> <span class='ocrx_word' id='word_1_103' title='bbox 633 926 758 966; x_wconf 87' lang='lat' dir='ltr'>Parte</span> <span class='ocrx_word' id='word_1_104' title='bbox 796 940 881 966; x_wconf 88' lang='lat' dir='ltr'>una</span> <span class='ocrx_word' id='word_1_105' title='bbox 911 924 1158 965; x_wconf 85' lang='lat' dir='ltr'>mercenarii</span> <span class='ocrx_word' id='word_1_106' title='bbox 1193 923 1346 964; x_wconf 86' lang='lat' dir='ltr'>milites</span> <span class='ocrx_word' id='word_1_107' title='bbox 1382 924 1499 965; x_wconf 89' lang='lat' dir='ltr'>ibant</span> <span class='ocrx_word' id='word_1_108' title='bbox 1535 938 1630 964; x_wconf 88' lang='lat' dir='ltr'>cum</span> <span class='ocrx_word' id='word_1_109' title='bbox 1671 922 1753 963; x_wconf 83' lang='lat' dir='ltr'>levi</span> 
     </span>
     <span class='ocr_line' id='line_1_15' title="bbox 358 980 1785 1038; baseline -0.004 -12"><span class='ocrx_word' id='word_1_110' title='bbox 358 993 579 1033; x_wconf 85' lang='lat' dir='ltr'>armatura,</span> <span class='ocrx_word' id='word_1_111' title='bbox 613 983 741 1024; x_wconf 89' lang='lat' dir='ltr'>altera</span> <span class='ocrx_word' id='word_1_112' title='bbox 772 982 951 1038; x_wconf 85' lang='lat' dir='ltr'>clipeati,</span> <span class='ocrx_word' id='word_1_113' title='bbox 984 981 1084 1022; x_wconf 90' lang='lat' dir='ltr'>dein</span> <span class='ocrx_word' id='word_1_114' title='bbox 1116 981 1290 1022; x_wconf 89' lang='lat' dir='ltr'>aliarum</span> <span class='ocrx_word' id='word_1_115' title='bbox 1323 982 1514 1037; x_wconf 83' lang='lat' dir='ltr'>gentium</span> <span class='ocrx_word' id='word_1_116' title='bbox 1545 980 1785 1022; x_wconf 85' lang='lat' dir='ltr'>exercitus7</span> 
     </span>
     <span class='ocr_line' id='line_1_16' title="bbox 357 1038 1755 1095; baseline -0.004 -11"><span class='ocrx_word' id='word_1_117' title='bbox 357 1044 485 1084; x_wconf 85' lang='lat' dir='ltr'>robur</span> <span class='ocrx_word' id='word_1_118' title='bbox 504 1050 603 1083; x_wconf 85' lang='lat' dir='ltr'>erat.</span> <span class='ocrx_word' id='word_1_119' title='bbox 666 1040 757 1081; x_wconf 89' lang='lat' dir='ltr'>Iam</span> <span class='ocrx_word' id='word_1_120' title='bbox 788 1040 903 1081; x_wconf 88' lang='lat' dir='ltr'>haud</span> <span class='ocrx_word' id='word_1_121' title='bbox 926 1039 1073 1095; x_wconf 90' lang='lat' dir='ltr'>procul</span> <span class='ocrx_word' id='word_1_122' title='bbox 1094 1039 1236 1080; x_wconf 86' lang='lat' dir='ltr'>castris</span> <span class='ocrx_word' id='word_1_123' title='bbox 1257 1039 1430 1081; x_wconf 88' lang='lat' dir='ltr'>aberant</span> <span class='ocrx_word' id='word_1_124' title='bbox 1450 1038 1614 1095; x_wconf 87' lang='lat' dir='ltr'>pedites</span> <span class='ocrx_word' id='word_1_125' title='bbox 1635 1038 1755 1093; x_wconf 91' lang='lat' dir='ltr'>equi-</span> 
     </span>
     <span class='ocr_line' id='line_1_17' title="bbox 359 1097 1756 1156; baseline -0.004 -14"><span class='ocrx_word' id='word_1_126' title='bbox 359 1110 520 1156; x_wconf 88' lang='lat' dir='ltr'>tesque,</span> <span class='ocrx_word' id='word_1_127' title='bbox 543 1108 585 1141; x_wconf 90' lang='lat' dir='ltr'>et</span> <span class='ocrx_word' id='word_1_128' title='bbox 606 1098 821 1140; x_wconf 88' lang='lat' dir='ltr'>Thracum</span> <span class='ocrx_word' id='word_1_129' title='bbox 844 1097 1017 1153; x_wconf 89' lang='lat' dir='ltr'>quidam</span> <span class='ocrx_word' id='word_1_130' title='bbox 1044 1097 1089 1138; x_wconf 90' lang='lat' dir='ltr'>in</span> <span class='ocrx_word' id='word_1_131' title='bbox 1110 1111 1235 1153; x_wconf 82' lang='lat' dir='ltr'>vagos</span> <span class='ocrx_word' id='word_1_132' title='bbox 1255 1097 1498 1153; x_wconf 85' lang='lat' dir='ltr'>palatosque</span> <span class='ocrx_word' id='word_1_133' title='bbox 1530 1111 1606 1152; x_wconf 88' lang='lat' dir='ltr'>per</span> <span class='ocrx_word' id='word_1_134' title='bbox 1636 1110 1756 1151; x_wconf 80' lang='lat' dir='ltr'>agros</span> 
     </span>
     <span class='ocr_line' id='line_1_18' title="bbox 359 1153 1756 1213; baseline -0.004 -14"><span class='ocrx_word' id='word_1_135' title='bbox 359 1158 499 1199; x_wconf 88' lang='lat' dir='ltr'>hostes</span> <span class='ocrx_word' id='word_1_136' title='bbox 526 1157 733 1213; x_wconf 89' lang='lat' dir='ltr'>impetum</span> <span class='ocrx_word' id='word_1_137' title='bbox 761 1156 959 1205; x_wconf 79' lang='lat' dir='ltr'>fecerant,</span> <span class='ocrx_word' id='word_1_138' title='bbox 983 1170 1114 1211; x_wconf 88' lang='lat' dir='ltr'>quum</span> <span class='ocrx_word' id='word_1_139' title='bbox 1137 1170 1288 1210; x_wconf 88' lang='lat' dir='ltr'>repens</span> <span class='ocrx_word' id='word_1_140' title='bbox 1310 1162 1442 1195; x_wconf 89' lang='lat' dir='ltr'>terror</span> <span class='ocrx_word' id='word_1_141' title='bbox 1463 1154 1604 1195; x_wconf 89' lang='lat' dir='ltr'>castris</span> <span class='ocrx_word' id='word_1_142' title='bbox 1629 1153 1756 1194; x_wconf 86' lang='lat' dir='ltr'>infer-</span> 
     </span>
     <span class='ocr_line' id='line_1_19' title="bbox 360 1210 1756 1271; baseline -0.004 -14"><span class='ocrx_word' id='word_1_143' title='bbox 360 1225 439 1257; x_wconf 87' lang='lat' dir='ltr'>tur.</span> <span class='ocrx_word' id='word_1_144' title='bbox 503 1214 735 1271; x_wconf 88' lang='lat' dir='ltr'>Trepidare</span> <span class='ocrx_word' id='word_1_145' title='bbox 761 1213 862 1263; x_wconf 81' lang='lat' dir='ltr'>dux,</span> <span class='ocrx_word' id='word_1_146' title='bbox 885 1222 933 1254; x_wconf 87' lang='lat' dir='ltr'>ut</span> <span class='ocrx_word' id='word_1_147' title='bbox 954 1212 1028 1269; x_wconf 92' lang='lat' dir='ltr'>qui</span> <span class='ocrx_word' id='word_1_148' title='bbox 1058 1212 1198 1254; x_wconf 88' lang='lat' dir='ltr'>hostes</span> <span class='ocrx_word' id='word_1_149' title='bbox 1229 1227 1451 1268; x_wconf 86' lang='lat' dir='ltr'>nusquam,</span> <span class='ocrx_word' id='word_1_150' title='bbox 1477 1212 1553 1252; x_wconf 88' lang='lat' dir='ltr'>nisi</span> <span class='ocrx_word' id='word_1_151' title='bbox 1587 1226 1680 1252; x_wconf 88' lang='lat' dir='ltr'>raro</span> <span class='ocrx_word' id='word_1_152' title='bbox 1711 1210 1756 1251; x_wconf 91' lang='lat' dir='ltr'>in</span> 
     </span>
     <span class='ocr_line' id='line_1_20' title="bbox 360 1268 1756 1328; baseline -0.004 -13"><span class='ocrx_word' id='word_1_153' title='bbox 360 1273 536 1315; x_wconf 89' lang='lat' dir='ltr'>collibus</span> <span class='ocrx_word' id='word_1_154' title='bbox 557 1280 654 1314; x_wconf 87' lang='lat' dir='ltr'>ante</span> <span class='ocrx_word' id='word_1_155' title='bbox 680 1271 919 1328; x_wconf 86' lang='lat' dir='ltr'>Sicyonem,</span> <span class='ocrx_word' id='word_1_156' title='bbox 941 1285 1028 1311; x_wconf 90' lang='lat' dir='ltr'>non</span> <span class='ocrx_word' id='word_1_157' title='bbox 1059 1270 1263 1311; x_wconf 86' lang='lat' dir='ltr'>audentes</span> <span class='ocrx_word' id='word_1_158' title='bbox 1283 1285 1435 1326; x_wconf 79' lang='lat' dir='ltr'>agmen</span> <span class='ocrx_word' id='word_1_159' title='bbox 1461 1269 1682 1311; x_wconf 88' lang='lat' dir='ltr'>demittere</span> <span class='ocrx_word' id='word_1_160' title='bbox 1711 1268 1756 1309; x_wconf 91' lang='lat' dir='ltr'>in</span> 
     </span>
     <span class='ocr_line' id='line_1_21' title="bbox 361 1328 1756 1387; baseline -0.004 -15"><span class='ocrx_word' id='word_1_161' title='bbox 361 1345 541 1387; x_wconf 85' lang='lat' dir='ltr'>campOS,</span> <span class='ocrx_word' id='word_1_162' title='bbox 564 1329 757 1378; x_wconf 83' lang='lat' dir='ltr'>vidisset3</span> <span class='ocrx_word' id='word_1_163' title='bbox 791 1329 844 1370; x_wconf 89' lang='lat' dir='ltr'>ad</span> <span class='ocrx_word' id='word_1_164' title='bbox 869 1328 1051 1369; x_wconf 87' lang='lat' dir='ltr'>Cleonas</span> <span class='ocrx_word' id='word_1_165' title='bbox 1071 1328 1245 1383; x_wconf 88' lang='lat' dir='ltr'>quidem</span> <span class='ocrx_word' id='word_1_166' title='bbox 1277 1343 1512 1369; x_wconf 90' lang='lat' dir='ltr'>accessuros</span> <span class='ocrx_word' id='word_1_167' title='bbox 1536 1340 1756 1382; x_wconf 89' lang='lat' dir='ltr'>nunquam</span> 
     </span>
     <span class='ocr_line' id='line_1_22' title="bbox 361 1384 1754 1441; baseline -0.004 -12"><span class='ocrx_word' id='word_1_168' title='bbox 361 1387 616 1430; x_wconf 86' lang='lat' dir='ltr'>credidisset.</span> <span class='ocrx_word' id='word_1_169' title='bbox 681 1386 888 1428; x_wconf 81' lang='lat' dir='ltr'>Revocari</span> <span class='ocrx_word' id='word_1_170' title='bbox 920 1386 1022 1427; x_wconf 90' lang='lat' dir='ltr'>tuba</span> <span class='ocrx_word' id='word_1_171' title='bbox 1050 1386 1168 1426; x_wconf 88' lang='lat' dir='ltr'>iubet</span> <span class='ocrx_word' id='word_1_172' title='bbox 1188 1400 1313 1441; x_wconf 80' lang='lat' dir='ltr'>vagos</span> <span class='ocrx_word' id='word_1_173' title='bbox 1345 1401 1368 1426; x_wconf 86' lang='lat' dir='ltr'>a</span> <span class='ocrx_word' id='word_1_174' title='bbox 1398 1385 1542 1426; x_wconf 87' lang='lat' dir='ltr'>castris</span> <span class='ocrx_word' id='word_1_175' title='bbox 1563 1384 1754 1440; x_wconf 88' lang='lat' dir='ltr'>dilapsos.</span> 
     </span>
     <span class='ocr_line' id='line_1_23' title="bbox 361 1441 1754 1502; baseline -0.004 -15"><span class='ocrx_word' id='word_1_176' title='bbox 361 1446 472 1502; x_wconf 90' lang='lat' dir='ltr'>Ipse,</span> <span class='ocrx_word' id='word_1_177' title='bbox 498 1446 651 1501; x_wconf 91' lang='lat' dir='ltr'>raptim</span> <span class='ocrx_word' id='word_1_178' title='bbox 679 1459 827 1500; x_wconf 85' lang='lat' dir='ltr'>capere</span> <span class='ocrx_word' id='word_1_179' title='bbox 859 1458 973 1485; x_wconf 88' lang='lat' dir='ltr'>arma</span> <span class='ocrx_word' id='word_1_180' title='bbox 1002 1443 1122 1484; x_wconf 86' lang='lat' dir='ltr'>iussis</span> <span class='ocrx_word' id='word_1_181' title='bbox 1150 1443 1366 1492; x_wconf 85' lang='lat' dir='ltr'>militibus,</span> <span class='ocrx_word' id='word_1_182' title='bbox 1398 1441 1656 1498; x_wconf 85' lang='lat' dir='ltr'>infrequenti</span> <span class='ocrx_word' id='word_1_183' title='bbox 1687 1456 1754 1497; x_wconf 82' lang='lat' dir='ltr'>ag-</span> 
     </span>
     <span class='ocr_line' id='line_1_24' title="bbox 362 1498 1757 1559; baseline -0.004 -15"><span class='ocrx_word' id='word_1_184' title='bbox 362 1504 475 1544; x_wconf 89' lang='lat' dir='ltr'>mine</span> <span class='ocrx_word' id='word_1_185' title='bbox 497 1510 619 1559; x_wconf 88' lang='lat' dir='ltr'>porta</span> <span class='ocrx_word' id='word_1_186' title='bbox 635 1516 837 1558; x_wconf 82' lang='lat' dir='ltr'>egressus,</span> <span class='ocrx_word' id='word_1_187' title='bbox 856 1516 981 1557; x_wconf 89' lang='lat' dir='ltr'>super</span> <span class='ocrx_word' id='word_1_188' title='bbox 1000 1501 1161 1542; x_wconf 89' lang='lat' dir='ltr'>flumen</span> <span class='ocrx_word' id='word_1_189' title='bbox 1182 1500 1365 1541; x_wconf 89' lang='lat' dir='ltr'>instituit</span> <span class='ocrx_word' id='word_1_190' title='bbox 1382 1501 1526 1541; x_wconf 88' lang='lat' dir='ltr'>aciem.</span> <span class='ocrx_word' id='word_1_191' title='bbox 1578 1498 1757 1540; x_wconf 85' lang='lat' dir='ltr'>Ceterae</span> 
     </span>
     <span class='ocr_line' id='line_1_25' title="bbox 362 1557 1759 1617; baseline -0.004 -15"><span class='ocrx_word' id='word_1_192' title='bbox 362 1561 521 1617; x_wconf 89' lang='lat' dir='ltr'>copiae,</span> <span class='ocrx_word' id='word_1_193' title='bbox 543 1560 615 1601; x_wconf 81' lang='lat' dir='ltr'>vix</span> <span class='ocrx_word' id='word_1_194' title='bbox 635 1559 777 1615; x_wconf 82' lang='lat' dir='ltr'>colligi</span> <span class='ocrx_word' id='word_1_195' title='bbox 807 1567 934 1614; x_wconf 85' lang='lat' dir='ltr'>atque</span> <span class='ocrx_word' id='word_1_196' title='bbox 966 1558 1117 1598; x_wconf 89' lang='lat' dir='ltr'>instrui</span> <span class='ocrx_word' id='word_1_197' title='bbox 1138 1573 1271 1614; x_wconf 89' lang='lat' dir='ltr'>quum</span> <span class='ocrx_word' id='word_1_198' title='bbox 1299 1558 1546 1613; x_wconf 87' lang='lat' dir='ltr'>potuissent,</span> <span class='ocrx_word' id='word_1_199' title='bbox 1575 1557 1759 1613; x_wconf 88' lang='lat' dir='ltr'>primum</span> 
     </span>
     <span class='ocr_line' id='line_1_26' title="bbox 362 1614 1759 1674; baseline -0.004 -14"><span class='ocrx_word' id='word_1_200' title='bbox 362 1618 547 1660; x_wconf 90' lang='lat' dir='ltr'>hostium</span> <span class='ocrx_word' id='word_1_201' title='bbox 581 1618 787 1674; x_wconf 92' lang='lat' dir='ltr'>impetum</span> <span class='ocrx_word' id='word_1_202' title='bbox 824 1631 910 1657; x_wconf 89' lang='lat' dir='ltr'>non</span> <span class='ocrx_word' id='word_1_203' title='bbox 948 1615 1147 1656; x_wconf 86' lang='lat' dir='ltr'>tulerunt.</span> <span class='ocrx_word' id='word_1_204' title='bbox 1211 1615 1472 1656; x_wconf 87' lang='lat' dir='ltr'>Macedones</span> <span class='ocrx_word' id='word_1_205' title='bbox 1503 1624 1547 1656; x_wconf 92' lang='lat' dir='ltr'>et</span> <span class='ocrx_word' id='word_1_206' title='bbox 1577 1614 1759 1655; x_wconf 81' lang='lat' dir='ltr'>maxime</span> 
     </span>
     <span class='ocr_line' id='line_1_27' title="bbox 363 1671 1761 1731; baseline -0.004 -14"><span class='ocrx_word' id='word_1_207' title='bbox 363 1676 553 1717; x_wconf 89' lang='lat' dir='ltr'>omnium</span> <span class='ocrx_word' id='word_1_208' title='bbox 592 1676 835 1731; x_wconf 89' lang='lat' dir='ltr'>frequentes</span> <span class='ocrx_word' id='word_1_209' title='bbox 874 1673 927 1714; x_wconf 91' lang='lat' dir='ltr'>ad</span> <span class='ocrx_word' id='word_1_210' title='bbox 968 1673 1086 1729; x_wconf 84' lang='lat' dir='ltr'>signa</span> <span class='ocrx_word' id='word_1_211' title='bbox 1124 1672 1305 1722; x_wconf 89' lang='lat' dir='ltr'>fuerant,</span> <span class='ocrx_word' id='word_1_212' title='bbox 1340 1681 1383 1714; x_wconf 92' lang='lat' dir='ltr'>et</span> <span class='ocrx_word' id='word_1_213' title='bbox 1418 1673 1493 1713; x_wconf 91' lang='lat' dir='ltr'>diu</span> <span class='ocrx_word' id='word_1_214' title='bbox 1532 1671 1761 1728; x_wconf 85' lang='lat' dir='ltr'>ancipitem</span> 
     </span>
     <span class='ocr_line' id='line_1_28' title="bbox 362 1729 1759 1789; baseline -0.004 -14"><span class='ocrx_word' id='word_1_215' title='bbox 362 1734 561 1775; x_wconf 86' lang='lat' dir='ltr'>victoriae</span> <span class='ocrx_word' id='word_1_216' title='bbox 593 1748 711 1789; x_wconf 89' lang='lat' dir='ltr'>spem</span> <span class='ocrx_word' id='word_1_217' title='bbox 738 1731 953 1773; x_wconf 84' lang='lat' dir='ltr'>fecerunt:</span> <span class='ocrx_word' id='word_1_218' title='bbox 987 1742 1198 1787; x_wconf 89' lang='lat' dir='ltr'>postremo</span> <span class='ocrx_word' id='word_1_219' title='bbox 1219 1731 1319 1786; x_wconf 82' lang='lat' dir='ltr'>fuga</span> <span class='ocrx_word' id='word_1_220' title='bbox 1339 1738 1576 1771; x_wconf 87' lang='lat' dir='ltr'>ceterorum</span> <span class='ocrx_word' id='word_1_221' title='bbox 1597 1729 1759 1778; x_wconf 89' lang='lat' dir='ltr'>nudati,</span> 
     </span>
     <span class='ocr_line' id='line_1_29' title="bbox 363 1787 1761 1847; baseline -0.004 -15"><span class='ocrx_word' id='word_1_222' title='bbox 363 1806 497 1847; x_wconf 89' lang='lat' dir='ltr'>quum</span> <span class='ocrx_word' id='word_1_223' title='bbox 518 1791 626 1832; x_wconf 90' lang='lat' dir='ltr'>duae</span> <span class='ocrx_word' id='word_1_224' title='bbox 648 1790 732 1831; x_wconf 89' lang='lat' dir='ltr'>iam</span> <span class='ocrx_word' id='word_1_225' title='bbox 752 1789 861 1830; x_wconf 89' lang='lat' dir='ltr'>acies</span> <span class='ocrx_word' id='word_1_226' title='bbox 881 1788 1065 1829; x_wconf 88' lang='lat' dir='ltr'>hostium</span> <span class='ocrx_word' id='word_1_227' title='bbox 1087 1803 1140 1829; x_wconf 76' lang='lat' dir='ltr'>ex</span> <span class='ocrx_word' id='word_1_228' title='bbox 1162 1788 1338 1837; x_wconf 84' lang='lat' dir='ltr'>diverso,</span> <span class='ocrx_word' id='word_1_229' title='bbox 1357 1787 1458 1829; x_wconf 88' lang='lat' dir='ltr'>levis</span> <span class='ocrx_word' id='word_1_230' title='bbox 1479 1796 1689 1828; x_wconf 87' lang='lat' dir='ltr'>armatura</span> <span class='ocrx_word' id='word_1_231' title='bbox 1709 1787 1761 1827; x_wconf 91' lang='lat' dir='ltr'>ab</span> 
     </span>
     <span class='ocr_line' id='line_1_30' title="bbox 363 1844 1761 1904; baseline -0.004 -14"><span class='ocrx_word' id='word_1_232' title='bbox 363 1848 508 1898; x_wconf 89' lang='lat' dir='ltr'>latere,</span> <span class='ocrx_word' id='word_1_233' title='bbox 540 1847 708 1904; x_wconf 89' lang='lat' dir='ltr'>clipeati</span> <span class='ocrx_word' id='word_1_234' title='bbox 740 1846 998 1901; x_wconf 85' lang='lat' dir='ltr'>caetratique</span> <span class='ocrx_word' id='word_1_235' title='bbox 1030 1861 1054 1886; x_wconf 92' lang='lat' dir='ltr'>a</span> <span class='ocrx_word' id='word_1_236' title='bbox 1083 1845 1219 1887; x_wconf 87' lang='lat' dir='ltr'>fronte</span> <span class='ocrx_word' id='word_1_237' title='bbox 1254 1856 1476 1901; x_wconf 82' lang='lat' dir='ltr'>urgerent3</span> <span class='ocrx_word' id='word_1_238' title='bbox 1520 1854 1561 1886; x_wconf 89' lang='lat' dir='ltr'>et</span> <span class='ocrx_word' id='word_1_239' title='bbox 1592 1844 1683 1900; x_wconf 88' lang='lat' dir='ltr'>ipsi,</span> <span class='ocrx_word' id='word_1_240' title='bbox 1717 1859 1761 1884; x_wconf 89' lang='lat' dir='ltr'>re</span> 
     </span>
     <span class='ocr_line' id='line_1_31' title="bbox 364 1902 1764 1961; baseline -0.004 -14"><span class='ocrx_word' id='word_1_241' title='bbox 364 1906 577 1955; x_wconf 86' lang='lat' dir='ltr'>inclinata,</span> <span class='ocrx_word' id='word_1_242' title='bbox 594 1905 731 1961; x_wconf 91' lang='lat' dir='ltr'>primo</span> <span class='ocrx_word' id='word_1_243' title='bbox 752 1903 933 1945; x_wconf 87' lang='lat' dir='ltr'>retulere</span> <span class='ocrx_word' id='word_1_244' title='bbox 954 1903 1131 1959; x_wconf 87' lang='lat' dir='ltr'>pedem:</span> <span class='ocrx_word' id='word_1_245' title='bbox 1166 1903 1321 1944; x_wconf 89' lang='lat' dir='ltr'>deinde</span> <span class='ocrx_word' id='word_1_246' title='bbox 1344 1902 1512 1960; x_wconf 91' lang='lat' dir='ltr'>impulsi</span> <span class='ocrx_word' id='word_1_247' title='bbox 1534 1910 1651 1957; x_wconf 83' lang='lat' dir='ltr'>terga</span> <span class='ocrx_word' id='word_1_248' title='bbox 1669 1916 1764 1942; x_wconf 78' lang='lat' dir='ltr'>ver-</span> 
     </span>
     <span class='ocr_line' id='line_1_32' title="bbox 365 1960 1762 2019; baseline -0.005 -14"><span class='ocrx_word' id='word_1_249' title='bbox 365 1972 474 2013; x_wconf 90' lang='lat' dir='ltr'>tunt,</span> <span class='ocrx_word' id='word_1_250' title='bbox 492 1971 534 2005; x_wconf 90' lang='lat' dir='ltr'>et</span> <span class='ocrx_word' id='word_1_251' title='bbox 555 1962 758 2019; x_wconf 89' lang='lat' dir='ltr'>plerique,</span> <span class='ocrx_word' id='word_1_252' title='bbox 777 1961 950 2003; x_wconf 87' lang='lat' dir='ltr'>abiectis</span> <span class='ocrx_word' id='word_1_253' title='bbox 971 1961 1107 2010; x_wconf 89' lang='lat' dir='ltr'>armis,</span> <span class='ocrx_word' id='word_1_254' title='bbox 1129 1960 1246 2001; x_wconf 90' lang='lat' dir='ltr'>nulla</span> <span class='ocrx_word' id='word_1_255' title='bbox 1267 1976 1339 2017; x_wconf 91' lang='lat' dir='ltr'>spe</span> <span class='ocrx_word' id='word_1_256' title='bbox 1361 1969 1591 2002; x_wconf 87' lang='lat' dir='ltr'>castrorum</span> <span class='ocrx_word' id='word_1_257' title='bbox 1613 1967 1762 1999; x_wconf 90' lang='lat' dir='ltr'>tenen-</span> 
     </span>
     <span class='ocr_line' id='line_1_33' title="bbox 365 2017 1762 2074; baseline -0.004 -12"><span class='ocrx_word' id='word_1_258' title='bbox 365 2020 516 2061; x_wconf 90' lang='lat' dir='ltr'>dorum</span> <span class='ocrx_word' id='word_1_259' title='bbox 540 2020 698 2069; x_wconf 88' lang='lat' dir='ltr'>relicta,</span> <span class='ocrx_word' id='word_1_260' title='bbox 724 2019 981 2061; x_wconf 86' lang='lat' dir='ltr'>Corinthum</span> <span class='ocrx_word' id='word_1_261' title='bbox 1012 2018 1237 2074; x_wconf 86' lang='lat' dir='ltr'>petierunt.</span> <span class='ocrx_word' id='word_1_262' title='bbox 1302 2017 1579 2065; x_wconf 81' lang='lat' dir='ltr'>Nicostratus,</span> <span class='ocrx_word' id='word_1_263' title='bbox 1602 2030 1762 2057; x_wconf 89' lang='lat' dir='ltr'>merce-</span> 
     </span>
     <span class='ocr_line' id='line_1_34' title="bbox 365 2073 1762 2132; baseline -0.004 -13"><span class='ocrx_word' id='word_1_264' title='bbox 365 2078 492 2119; x_wconf 85' lang='lat' dir='ltr'>nariis</span> <span class='ocrx_word' id='word_1_265' title='bbox 519 2077 724 2119; x_wconf 88' lang='lat' dir='ltr'>militibus</span> <span class='ocrx_word' id='word_1_266' title='bbox 751 2077 805 2118; x_wconf 88' lang='lat' dir='ltr'>ad</span> <span class='ocrx_word' id='word_1_267' title='bbox 835 2076 910 2117; x_wconf 91' lang='lat' dir='ltr'>hos</span> <span class='ocrx_word' id='word_1_268' title='bbox 940 2075 1267 2132; x_wconf 85' lang='lat' dir='ltr'>persequendos,</span> <span class='ocrx_word' id='word_1_269' title='bbox 1291 2075 1505 2130; x_wconf 90' lang='lat' dir='ltr'>equitibus</span> <span class='ocrx_word' id='word_1_270' title='bbox 1527 2073 1762 2114; x_wconf 89' lang='lat' dir='ltr'>Thracum-</span> 
     </span>
     <span class='ocr_line' id='line_1_35' title="bbox 366 2132 1762 2191; baseline -0.004 -14"><span class='ocrx_word' id='word_1_271' title='bbox 366 2151 449 2191; x_wconf 91' lang='lat' dir='ltr'>que</span> <span class='ocrx_word' id='word_1_272' title='bbox 481 2135 647 2177; x_wconf 85' lang='lat' dir='ltr'>auxiliis</span> <span class='ocrx_word' id='word_1_273' title='bbox 680 2135 725 2175; x_wconf 90' lang='lat' dir='ltr'>in</span> <span class='ocrx_word' id='word_1_274' title='bbox 757 2133 1025 2190; x_wconf 87' lang='lat' dir='ltr'>populatores</span> <span class='ocrx_word' id='word_1_275' title='bbox 1057 2133 1144 2190; x_wconf 84' lang='lat' dir='ltr'>agri</span> <span class='ocrx_word' id='word_1_276' title='bbox 1178 2132 1365 2190; x_wconf 83' lang='lat' dir='ltr'>Sicyonii</span> <span class='ocrx_word' id='word_1_277' title='bbox 1397 2132 1542 2181; x_wconf 90' lang='lat' dir='ltr'>missis,</span> <span class='ocrx_word' id='word_1_278' title='bbox 1567 2146 1762 2187; x_wconf 83' lang='lat' dir='ltr'>magnam</span> 
     </span>
     <span class='ocr_line' id='line_1_36' title="bbox 366 2188 1794 2249; baseline -0.004 -15"><span class='ocrx_word' id='word_1_279' title='bbox 366 2193 591 2249; x_wconf 89' lang='lat' dir='ltr'>utrobique</span> <span class='ocrx_word' id='word_1_280' title='bbox 614 2192 787 2234; x_wconf 88' lang='lat' dir='ltr'>caedem</span> <span class='ocrx_word' id='word_1_281' title='bbox 809 2191 966 2232; x_wconf 88' lang='lat' dir='ltr'>edidit:</span> <span class='ocrx_word' id='word_1_282' title='bbox 1000 2191 1200 2232; x_wconf 90' lang='lat' dir='ltr'>maiorem</span> <span class='ocrx_word' id='word_1_283' title='bbox 1223 2205 1366 2247; x_wconf 84' lang='lat' dir='ltr'>prope,</span> <span class='ocrx_word' id='word_1_284' title='bbox 1389 2204 1517 2246; x_wconf 89' lang='lat' dir='ltr'>quam</span> <span class='ocrx_word' id='word_1_285' title='bbox 1538 2189 1583 2229; x_wconf 92' lang='lat' dir='ltr'>in</span> <span class='ocrx_word' id='word_1_286' title='bbox 1603 2188 1794 2244; x_wconf 90' lang='lat' dir='ltr'>proeli08</span> 
     </span>
    </p>
   </div>
   <div class='ocr_carea' id='block_1_3' title="bbox 367 2304 1765 2942">
    <p class='ocr_par' dir='ltr' id='par_1_3' title="bbox 367 2304 1763 2388">
     <span class='ocr_line' id='line_1_37' title="bbox 367 2304 1762 2346; baseline -0.004 -6"><span class='ocrx_word' id='word_1_287' title='bbox 367 2308 555 2343; x_wconf 70' lang='lat' dir='ltr'>Perizonius</span> <span class='ocrx_word' id='word_1_288' title='bbox 584 2307 823 2345; x_wconf 84' lang='lat' dir='ltr'>animadvertit,</span> <span class='ocrx_word' id='word_1_289' title='bbox 853 2307 907 2346; x_wconf 90' lang='lat' dir='ltr'>qui</span> <span class='ocrx_word' id='word_1_290' title='bbox 938 2311 1043 2338; x_wconf 89' lang='lat' dir='ltr'>totum</span> <span class='ocrx_word' id='word_1_291' title='bbox 1090 2307 1151 2337; x_wconf 87' lang='lat' dir='ltr'>rari</span> <span class='ocrx_word' id='word_1_292' title='bbox 1182 2307 1307 2338; x_wconf 85' lang='lat' dir='ltr'>debeat.</span> <span class='ocrx_word' id='word_1_293' title='bbox 1368 2306 1541 2342; x_wconf 80' lang='lat' dir='ltr'>Quaenam</span> <span class='ocrx_word' id='word_1_294' title='bbox 1571 2309 1645 2335; x_wconf 87' lang='lat' dir='ltr'>sunt</span> <span class='ocrx_word' id='word_1_295' title='bbox 1675 2304 1762 2335; x_wconf 86' lang='lat' dir='ltr'>enim</span> 
     </span>
     <span class='ocr_line' id='line_1_38' title="bbox 367 2348 1763 2388; baseline -0.003 -7"><span class='ocrx_word' id='word_1_296' title='bbox 367 2351 454 2382; x_wconf 88' lang='lat' dir='ltr'>hunc</span> <span class='ocrx_word' id='word_1_297' title='bbox 472 2351 581 2382; x_wconf 88' lang='lat' dir='ltr'>locum</span> <span class='ocrx_word' id='word_1_298' title='bbox 597 2351 780 2382; x_wconf 87' lang='lat' dir='ltr'>felicissime</span> <span class='ocrx_word' id='word_1_299' title='bbox 796 2350 990 2381; x_wconf 86' lang='lat' dir='ltr'>emendavit.</span> <span class='ocrx_word' id='word_1_300' title='bbox 1090 2350 1168 2379; x_wconf 87' lang='lat' dir='ltr'>illae</span> <span class='ocrx_word' id='word_1_301' title='bbox 1190 2349 1273 2379; x_wconf 85' lang='lat' dir='ltr'>aliae</span> <span class='ocrx_word' id='word_1_302' title='bbox 1292 2352 1415 2388; x_wconf 86' lang='lat' dir='ltr'>gentes,</span> <span class='ocrx_word' id='word_1_303' title='bbox 1434 2358 1533 2388; x_wconf 88' lang='lat' dir='ltr'>quum</span> <span class='ocrx_word' id='word_1_304' title='bbox 1556 2348 1666 2378; x_wconf 86' lang='lat' dir='ltr'>nullus</span> <span class='ocrx_word' id='word_1_305' title='bbox 1688 2351 1763 2378; x_wconf 83' lang='lat' dir='ltr'>ante</span> 
     </span>
    </p>

    <p class='ocr_par' dir='ltr' id='par_1_4' title="bbox 369 2389 1764 2812">
     <span class='ocr_line' id='line_1_39' title="bbox 411 2389 1763 2431; baseline -0.003 -7"><span class='ocrx_word' id='word_1_306' title='bbox 411 2393 431 2424; x_wconf 92' lang='lat'><strong>6</strong></span> <span class='ocrx_word' id='word_1_307' title='bbox 454 2395 557 2425; x_wconf 82' lang='lat' dir='ltr'>Parte</span> <span class='ocrx_word' id='word_1_308' title='bbox 586 2395 718 2424; x_wconf 72' lang='lat' dir='ltr'>dimidia</span> <span class='ocrx_word' id='word_1_309' title='bbox 749 2395 908 2424; x_wconf 70' lang='lat' dir='ltr'>eoeercz&#39;tus</span> <span class='ocrx_word' id='word_1_310' title='bbox 938 2393 1042 2422; x_wconf 80' lang='lat' dir='ltr'>dimis-</span> <span class='ocrx_word' id='word_1_311' title='bbox 1089 2392 1229 2431; x_wconf 89' lang='lat' dir='ltr'>populus</span> <span class='ocrx_word' id='word_1_312' title='bbox 1259 2392 1446 2431; x_wconf 85' lang='lat' dir='ltr'>appellatus</span> <span class='ocrx_word' id='word_1_313' title='bbox 1477 2391 1528 2428; x_wconf 84' lang='lat' dir='ltr'>sit,</span> <span class='ocrx_word' id='word_1_314' title='bbox 1552 2391 1607 2420; x_wconf 86' lang='lat' dir='ltr'>sed</span> <span class='ocrx_word' id='word_1_315' title='bbox 1638 2389 1763 2420; x_wconf 84' lang='lat' dir='ltr'>diversa</span> 
     </span>
     <span class='ocr_line' id='line_1_40' title="bbox 369 2432 1763 2474; baseline -0.004 -7"><span class='ocrx_word' id='word_1_316' title='bbox 369 2437 422 2474; x_wconf 79' lang='lat' dir='ltr'>sa]</span> <span class='ocrx_word' id='word_1_317' title='bbox 452 2436 577 2466; x_wconf 85' lang='lat' dir='ltr'>Vocem</span> <span class='ocrx_word' id='word_1_318' title='bbox 594 2437 723 2467; x_wconf 83' lang='lat' dir='ltr'>dimissa</span> <span class='ocrx_word' id='word_1_319' title='bbox 743 2446 763 2466; x_wconf 87' lang='lat' dir='ltr'>a</span> <span class='ocrx_word' id='word_1_320' title='bbox 785 2435 885 2466; x_wconf 86' lang='lat' dir='ltr'>sciolo</span> <span class='ocrx_word' id='word_1_321' title='bbox 902 2435 1042 2474; x_wconf 84' lang='lat' dir='ltr'>quodam</span> <span class='ocrx_word' id='word_1_322' title='bbox 1087 2438 1283 2464; x_wconf 84' lang='lat' dir='ltr'>armatorum</span> <span class='ocrx_word' id='word_1_323' title='bbox 1299 2444 1415 2473; x_wconf 80' lang='lat' dir='ltr'>genera</span> <span class='ocrx_word' id='word_1_324' title='bbox 1427 2437 1440 2464; x_wconf 72' lang='lat' dir='ltr'><em>P</em></span> <span class='ocrx_word' id='word_1_325' title='bbox 1465 2433 1595 2464; x_wconf 86' lang='lat' dir='ltr'>Deinde</span> <span class='ocrx_word' id='word_1_326' title='bbox 1611 2432 1692 2463; x_wconf 92' lang='lat' dir='ltr'>nihil</span> <span class='ocrx_word' id='word_1_327' title='bbox 1707 2442 1763 2472; x_wconf 84' lang='lat' dir='ltr'>ap-</span> 
     </span>
     <span class='ocr_line' id='line_1_41' title="bbox 369 2474 1761 2518; baseline -0.002 -10"><span class='ocrx_word' id='word_1_328' title='bbox 369 2478 527 2509; x_wconf 86' lang='lat' dir='ltr'>intrusam</span> <span class='ocrx_word' id='word_1_329' title='bbox 562 2478 658 2509; x_wconf 80' lang='lat' dir='ltr'>fuisse</span> <span class='ocrx_word' id='word_1_330' title='bbox 691 2478 870 2518; x_wconf 84' lang='lat' dir='ltr'>suspicatur</span> <span class='ocrx_word' id='word_1_331' title='bbox 902 2477 1041 2509; x_wconf 83' lang='lat' dir='ltr'>Crevier.</span> <span class='ocrx_word' id='word_1_332' title='bbox 1089 2480 1192 2516; x_wconf 81' lang='lat' dir='ltr'>paret,</span> <span class='ocrx_word' id='word_1_333' title='bbox 1222 2477 1308 2507; x_wconf 88' lang='lat' dir='ltr'>unde</span> <span class='ocrx_word' id='word_1_334' title='bbox 1335 2476 1399 2516; x_wconf 83' lang='lat' dir='ltr'>regi</span> <span class='ocrx_word' id='word_1_335' title='bbox 1430 2476 1529 2516; x_wconf 88' lang='lat' dir='ltr'>possit</span> <span class='ocrx_word' id='word_1_336' title='bbox 1556 2474 1593 2504; x_wconf 82' lang='grc' dir='ltr'>τὸ</span> <span class='ocrx_word' id='word_1_337' title='bbox 1622 2476 1761 2506; x_wconf 75' lang='lat' dir='ltr'>aliarum</span> 
     </span>
     <span class='ocr_line' id='line_1_42' title="bbox 370 2517 1763 2560; baseline -0.003 -9"><span class='ocrx_word' id='word_1_338' title='bbox 370 2531 471 2560; x_wconf 85' lang='lat' dir='ltr'>quum</span> <span class='ocrx_word' id='word_1_339' title='bbox 492 2524 616 2560; x_wconf 83' lang='lat' dir='ltr'>partem</span> <span class='ocrx_word' id='word_1_340' title='bbox 642 2520 786 2560; x_wconf 86' lang='lat' dir='ltr'>aliquam</span> <span class='ocrx_word' id='word_1_341' title='bbox 813 2520 972 2551; x_wconf 84' lang='lat' dir='ltr'>exercitus</span> <span class='ocrx_word' id='word_1_342' title='bbox 996 2530 1041 2550; x_wconf 86' lang='lat' dir='ltr'>re-</span> <span class='ocrx_word' id='word_1_343' title='bbox 1084 2520 1240 2559; x_wconf 76' lang='lat' dir='ltr'>yentium.</span> <span class='ocrx_word' id='word_1_344' title='bbox 1294 2518 1442 2549; x_wconf 81' lang='lat' dir='ltr'>Fortasse</span> <span class='ocrx_word' id='word_1_345' title='bbox 1473 2517 1592 2549; x_wconf 82' lang='lat' dir='ltr'>excidit</span> <span class='ocrx_word' id='word_1_346' title='bbox 1617 2517 1763 2549; x_wconf 82' lang='lat' dir='ltr'>Achaeo-</span> 
     </span>
     <span class='ocr_line' id='line_1_43' title="bbox 370 2560 1763 2601; baseline -0.002 -8"><span class='ocrx_word' id='word_1_347' title='bbox 370 2563 523 2594; x_wconf 84' lang='lat' dir='ltr'>mansisse</span> <span class='ocrx_word' id='word_1_348' title='bbox 554 2563 587 2593; x_wconf 89' lang='lat' dir='ltr'>in</span> <span class='ocrx_word' id='word_1_349' title='bbox 623 2563 733 2593; x_wconf 86' lang='lat' dir='ltr'>castris</span> <span class='ocrx_word' id='word_1_350' title='bbox 767 2573 806 2593; x_wconf 83' lang='lat' dir='ltr'>ex</span> <span class='ocrx_word' id='word_1_351' title='bbox 837 2562 1044 2601; x_wconf 76' lang='lat' dir='ltr'>sequentibus</span> <span class='ocrx_word' id='word_1_352' title='bbox 1089 2571 1157 2591; x_wconf 92' lang='lat' dir='ltr'>rum</span> <span class='ocrx_word' id='word_1_353' title='bbox 1170 2571 1346 2598; x_wconf 77' lang='lat' dir='ltr'>nomen,ac</span> <span class='ocrx_word' id='word_1_354' title='bbox 1360 2561 1491 2591; x_wconf 84' lang='lat' dir='ltr'>dederat</span> <span class='ocrx_word' id='word_1_355' title='bbox 1504 2560 1630 2591; x_wconf 82' lang='lat' dir='ltr'>Livius:</span> <span class='ocrx_word' id='word_1_356' title='bbox 1648 2561 1763 2591; x_wconf 78' lang='lat' dir='ltr'>Altera</span> 
     </span>
     <span class='ocr_line' id='line_1_44' title="bbox 371 2604 1763 2644; baseline -0.002 -9"><span class='ocrx_word' id='word_1_357' title='bbox 371 2609 493 2644; x_wconf 80' lang='lat' dir='ltr'>pateat,</span> <span class='ocrx_word' id='word_1_358' title='bbox 510 2615 634 2636; x_wconf 89' lang='lat' dir='ltr'>necnon</span> <span class='ocrx_word' id='word_1_359' title='bbox 651 2615 780 2635; x_wconf 83' lang='lat' dir='ltr'>sensum</span> <span class='ocrx_word' id='word_1_360' title='bbox 798 2605 968 2635; x_wconf 85' lang='lat' dir='ltr'>manifeste</span> <span class='ocrx_word' id='word_1_361' title='bbox 988 2605 1043 2634; x_wconf 86' lang='lat' dir='ltr'>fla·</span> <span class='ocrx_word' id='word_1_362' title='bbox 1088 2605 1218 2643; x_wconf 74' lang='lat' dir='ltr'>clipeati</span> <span class='ocrx_word' id='word_1_363' title='bbox 1230 2605 1527 2641; x_wconf 79' lang='lat' dir='ltr'>Achaeormn,dein</span> <span class='ocrx_word' id='word_1_364' title='bbox 1538 2604 1678 2633; x_wconf 78' lang='lat' dir='ltr'>aliarum</span> <span class='ocrx_word' id='word_1_365' title='bbox 1687 2613 1763 2642; x_wconf 77' lang='lat' dir='ltr'>yen-</span> 
     </span>
     <span class='ocr_line' id='line_1_45' title="bbox 370 2646 1764 2687; baseline -0.002 -9"><span class='ocrx_word' id='word_1_366' title='bbox 370 2647 472 2687; x_wconf 86' lang='lat' dir='ltr'>gitare</span> <span class='ocrx_word' id='word_1_367' title='bbox 490 2647 611 2679; x_wconf 82' lang='lat' dir='ltr'>iudicat</span> <span class='ocrx_word' id='word_1_368' title='bbox 633 2658 738 2678; x_wconf 80' lang='lat' dir='ltr'>secum</span> <span class='ocrx_word' id='word_1_369' title='bbox 756 2652 881 2678; x_wconf 75' lang='lat' dir='ltr'>retenta</span> <span class='ocrx_word' id='word_1_370' title='bbox 906 2647 955 2678; x_wconf 86' lang='lat' dir='ltr'>vel</span> <span class='ocrx_word' id='word_1_371' title='bbox 979 2647 1044 2676; x_wconf 78' lang='lat' dir='ltr'>tale</span> <span class='ocrx_word' id='word_1_372' title='bbox 1089 2648 1180 2684; x_wconf 81' lang='lat' dir='ltr'>tium,</span> <span class='ocrx_word' id='word_1_373' title='bbox 1196 2656 1314 2685; x_wconf 86' lang='lat' dir='ltr'>nempe</span> <span class='ocrx_word' id='word_1_374' title='bbox 1336 2646 1479 2685; x_wconf 81' lang='lat' dir='ltr'>clipeati,</span> <span class='ocrx_word' id='word_1_375' title='bbox 1494 2647 1653 2676; x_wconf 56' lang='lat' dir='ltr'>emeremus</span> <span class='ocrx_word' id='word_1_376' title='bbox 1667 2646 1764 2675; x_wconf 78' lang='lat' dir='ltr'>robur</span> 
     </span>
     <span class='ocr_line' id='line_1_46' title="bbox 371 2687 1763 2729; baseline -0.002 -9"><span class='ocrx_word' id='word_1_377' title='bbox 371 2690 460 2729; x_wconf 88' lang='lat' dir='ltr'>quid.</span> <span class='ocrx_word' id='word_1_378' title='bbox 506 2689 793 2720; x_wconf 86' lang='lat' dir='ltr'>Drakenborchius</span> <span class='ocrx_word' id='word_1_379' title='bbox 813 2689 946 2729; x_wconf 81' lang='lat' dir='ltr'>vestigia</span> <span class='ocrx_word' id='word_1_380' title='bbox 969 2689 1044 2720; x_wconf 88' lang='lat' dir='ltr'>Crc-</span> <span class='ocrx_word' id='word_1_381' title='bbox 1089 2694 1178 2720; x_wconf 83' lang='lat' dir='ltr'>erat.-</span> <span class='ocrx_word' id='word_1_382' title='bbox 1204 2688 1249 2719; x_wconf 82' lang='lat' dir='ltr'>ita</span> <span class='ocrx_word' id='word_1_383' title='bbox 1265 2692 1301 2718; x_wconf 87' lang='lat' dir='ltr'>nt</span> <span class='ocrx_word' id='word_1_384' title='bbox 1316 2690 1476 2719; x_wconf 60' lang='lat' dir='ltr'>eoeereitus</span> <span class='ocrx_word' id='word_1_385' title='bbox 1492 2689 1589 2719; x_wconf 77' lang='lat' dir='ltr'>robur</span> <span class='ocrx_word' id='word_1_386' title='bbox 1604 2687 1763 2726; x_wconf 86' lang='lat' dir='ltr'>intelliga-</span> 
     </span>
     <span class='ocr_line' id='line_1_47' title="bbox 372 2730 1764 2772; baseline -0.001 -11"><span class='ocrx_word' id='word_1_387' title='bbox 372 2732 461 2763; x_wconf 84' lang='lat' dir='ltr'>vierii</span> <span class='ocrx_word' id='word_1_388' title='bbox 475 2732 630 2772; x_wconf 84' lang='lat' dir='ltr'>colligens</span> <span class='ocrx_word' id='word_1_389' title='bbox 645 2733 814 2763; x_wconf 76' lang='lat' dir='ltr'>consistere</span> <span class='ocrx_word' id='word_1_390' title='bbox 829 2733 917 2763; x_wconf 81' lang='lat' dir='ltr'>iussa</span> <span class='ocrx_word' id='word_1_391' title='bbox 940 2732 1044 2771; x_wconf 90' lang='lat' dir='ltr'>legen-</span> <span class='ocrx_word' id='word_1_392' title='bbox 1090 2735 1142 2761; x_wconf 80' lang='lat' dir='ltr'>tur</span> <span class='ocrx_word' id='word_1_393' title='bbox 1157 2730 1280 2761; x_wconf 88' lang='lat' dir='ltr'>dictum</span> <span class='ocrx_word' id='word_1_394' title='bbox 1303 2731 1343 2761; x_wconf 88' lang='lat' dir='ltr'>de</span> <span class='ocrx_word' id='word_1_395' title='bbox 1365 2730 1511 2770; x_wconf 84' lang='lat' dir='ltr'>clipeatis</span> <span class='ocrx_word' id='word_1_396' title='bbox 1531 2734 1601 2760; x_wconf 84' lang='lat' dir='ltr'>tum</span> <span class='ocrx_word' id='word_1_397' title='bbox 1619 2730 1764 2761; x_wconf 86' lang='lat' dir='ltr'>Achaeo-</span> 
     </span>
     <span class='ocr_line' id='line_1_48' title="bbox 371 2773 1712 2812; baseline -0.003 -7"><span class='ocrx_word' id='word_1_398' title='bbox 371 2775 448 2805; x_wconf 90' lang='lat' dir='ltr'>dum</span> <span class='ocrx_word' id='word_1_399' title='bbox 467 2775 616 2805; x_wconf 88' lang='lat' dir='ltr'>coniecit.</span> <span class='ocrx_word' id='word_1_400' title='bbox 1091 2784 1174 2810; x_wconf 83' lang='lat' dir='ltr'>rum,</span> <span class='ocrx_word' id='word_1_401' title='bbox 1190 2777 1259 2803; x_wconf 91' lang='lat' dir='ltr'>tum</span> <span class='ocrx_word' id='word_1_402' title='bbox 1275 2773 1410 2803; x_wconf 84' lang='lat' dir='ltr'>aliarum</span> <span class='ocrx_word' id='word_1_403' title='bbox 1427 2773 1581 2812; x_wconf 77' lang='lat' dir='ltr'>gentium.</span> <span class='ocrx_word' id='word_1_404' title='bbox 1606 2774 1712 2804; x_wconf 76' lang='lat' dir='ltr'>CREV.</span> 
     </span>
    </p>

    <p class='ocr_par' dir='ltr' id='par_1_5' title="bbox 372 2815 1765 2942">
     <span class='ocr_line' id='line_1_49' title="bbox 416 2815 1765 2857; baseline -0.002 -10"><span class='ocrx_word' id='word_1_405' title='bbox 416 2824 432 2856; x_wconf 92' lang='lat'><strong>7</strong></span> <span class='ocrx_word' id='word_1_406' title='bbox 456 2818 570 2848; x_wconf 79' lang='lat' dir='ltr'>Altera</span> <span class='ocrx_word' id='word_1_407' title='bbox 581 2818 722 2857; x_wconf 77' lang='lat' dir='ltr'>clipeati,</span> <span class='ocrx_word' id='word_1_408' title='bbox 734 2818 809 2848; x_wconf 76' lang='lat' dir='ltr'>(lein</span> <span class='ocrx_word' id='word_1_409' title='bbox 819 2818 959 2847; x_wconf 78' lang='lat' dir='ltr'>aliarum.</span> <span class='ocrx_word' id='word_1_410' title='bbox 969 2827 1045 2855; x_wconf 68' lang='lat' dir='ltr'>yen-</span> <span class='ocrx_word' id='word_1_411' title='bbox 1134 2817 1153 2845; x_wconf 86' lang='grc'>8</span> <span class='ocrx_word' id='word_1_412' title='bbox 1186 2817 1359 2856; x_wconf 73' lang='lat' dir='ltr'>Utrobique</span> <span class='ocrx_word' id='word_1_413' title='bbox 1392 2817 1534 2853; x_wconf 77' lang='lat' dir='ltr'>caedem]</span> <span class='ocrx_word' id='word_1_414' title='bbox 1594 2815 1765 2854; x_wconf 63' lang='lat' dir='ltr'>Utrobique</span> 
     </span>
     <span class='ocr_line' id='line_1_50' title="bbox 372 2856 1765 2899; baseline -0.004 -9"><span class='ocrx_word' id='word_1_415' title='bbox 372 2861 451 2890; x_wconf 77' lang='lat' dir='ltr'>tium</span> <span class='ocrx_word' id='word_1_416' title='bbox 481 2861 640 2891; x_wconf 59' lang='lat' dir='ltr'>emer-citus</span> <span class='ocrx_word' id='word_1_417' title='bbox 670 2861 768 2890; x_wconf 76' lang='lat' dir='ltr'>robur</span> <span class='ocrx_word' id='word_1_418' title='bbox 793 2861 881 2898; x_wconf 81' lang='lat' dir='ltr'>erat]</span> <span class='ocrx_word' id='word_1_419' title='bbox 915 2859 1047 2898; x_wconf 88' lang='lat' dir='ltr'>Aliquid</span> <span class='ocrx_word' id='word_1_420' title='bbox 1095 2868 1150 2897; x_wconf 80' lang='lat' dir='ltr'>pro</span> <span class='ocrx_word' id='word_1_421' title='bbox 1166 2859 1282 2899; x_wconf 71' lang='lat' dir='ltr'>ubique</span> <span class='ocrx_word' id='word_1_422' title='bbox 1304 2869 1343 2889; x_wconf 78' lang='lat' dir='ltr'>cx</span> <span class='ocrx_word' id='word_1_423' title='bbox 1367 2858 1594 2889; x_wconf 83' lang='lat' dir='ltr'>emendatione</span> <span class='ocrx_word' id='word_1_424' title='bbox 1611 2856 1765 2888; x_wconf 61' lang='lat' dir='ltr'>Gronov-ii</span> 
     </span>
     <span class='ocr_line' id='line_1_51' title="bbox 372 2901 1526 2942; baseline -0.003 -8"><span class='ocrx_word' id='word_1_425' title='bbox 372 2907 419 2934; x_wconf 72' lang='lat' dir='ltr'>est</span> <span class='ocrx_word' id='word_1_426' title='bbox 435 2902 498 2940; x_wconf 80' lang='lat' dir='ltr'>hic,</span> <span class='ocrx_word' id='word_1_427' title='bbox 514 2903 599 2941; x_wconf 83' lang='lat' dir='ltr'>quod</span> <span class='ocrx_word' id='word_1_428' title='bbox 620 2906 780 2934; x_wconf 80' lang='lat' dir='ltr'>attentum</span> <span class='ocrx_word' id='word_1_429' title='bbox 806 2903 958 2932; x_wconf 81' lang='lat' dir='ltr'>lectorem</span> <span class='ocrx_word' id='word_1_430' title='bbox 982 2912 1047 2930; x_wconf 78' lang='lat' dir='ltr'>lno-</span> <span class='ocrx_word' id='word_1_431' title='bbox 1097 2901 1234 2932; x_wconf 74' lang='lat' dir='ltr'>Bekkcr.</span> <span class='ocrx_word' id='word_1_432' title='bbox 1251 2911 1380 2942; x_wconf 83' lang='lat' dir='ltr'>quoque</span> <span class='ocrx_word' id='word_1_433' title='bbox 1395 2901 1526 2942; x_wconf 79' lang='lat' dir='ltr'>recepit.</span> 
     </span>
    </p>
   </div>
  </div>
 </body>
</html>
