1960 3218
368 160 448 198 180
885 155 1035 198 ΤΙΤΙ
1073 155 1254 199 LIVII

159 257 202 288 U.
224 257 262 288 C
282 264 354 298 559.
369 247 614 314 ‘proprium
636 261 780 304 agrum
799 246 1247 303 Carthaginiensium
1236 263 1280 288 ln
1298 247 1442 290 Africa
1458 264 1569 290 esse.
1560 249 1578 280 f*
1620 248 1765 290 Adve-

223 300 261 332 C.
287 309 356 341 Ι93·
371 311 383 330 ‘
399 306 476 356 nis,
510 314 713 362 quantum
751 313 865 346 secto
897 305 1015 346 bovis
1046 314 1163 361 telgo
1194 305 1392 371 amplecti
1422 306 1502 348 loci
1533 307 1798 362 potuerint,4

372 370 563 406 ‘tantum
585 363 638 404 ad
659 363 805 404 urbem
827 363 1198 405 communiendam
1219 365 1406 420 plecario
1423 364 1580 405 datum.
1633 363 1766 412 Quic-

373 422 502 479 ‘quid
535 421 711 479 Bylsam
744 421 888 462 sedem
921 436 1038 462 suam
1075 422 1340 472 excesserint,
1374 422 1416 462 vi
1449 432 1575 478 atque
1612 421 1767 462 iniuria

372 486 566 562 ‘'paltunl
597 479 762 520 habere.
826 478 981 534 Neque
1003 494 1114 529 eum,
1137 479 1189 520 de
1212 495 1296 535 quo
1318 488 1475 536 agatur,
1498 480 1673 536 probare
1696 494 1767 520 eos

373 544 534 595 ‘posse,
566 553 652 578 non
685 536 811 577 modo
845 551 1021 592 semper,
1052 552 1105 578 ex
1131 553 1215 593 quo
1244 538 1472 594 coepeiint,
1502 537 1576 578 sed
1606 552 1660 578 ne
1692 536 1768 577 diu

373 596 576 653 ‘quidem
609 610 680 636 eos
711 594 955 651 possedisse.
1018 594 1102 636 Per
1133 596 1478 651 oppoltunitates,
1512 611 1626 636 nunc
1659 593 1765 644 illos,

373 660 385 678 ‘
401 669 515 695 nunc
536 668 654 709 reges
677 652 975 717 Numidarum,
999 667 1217 709 usurpasse
1239 653 1325 694 ius:
1360 668 1608 709 semperque
1637 667 1767 708 penes

374 717 386 736 ‘
402 727 498 753 eum
520 710 824 767 possessionem
844 709 983 760 fuisse,
1008 711 1080 775 qui
1102 710 1195 766 plus
1217 711 1340 751 armis
1361 711 1574 767 potuisset.
1633 709 1768 751 Cuius

375 769 657 811 ‘conditionis
692 783 757 808 les
791 767 930 818 fuerit,
964 768 1207 833 priusqnam
1244 769 1385 810 hostes
1419 768 1624 809 Romanis
1663 766 1768 809 Car-

374 827 698 884 ‘thaginienses,
721 825 857 866 socius
888 834 1014 881 atque
1044 826 1201 866 amicus
1229 841 1303 867 rex
1334 825 1619 867 Numidarum
1644 833 1766 875 esset,

374 886 492 927 ‘eius
513 885 700 925 sinerent
721 898 833 924 esse:
867 898 946 924 nec
977 898 1020 924 se
1051 883 1383 939 intelponerent,
1406 899 1490 939 quo
1520 884 1670 933 minus,
1694 883 1768 939 qui

375 949 584 1000 ‘,possent
619 940 839 982 teneient.⁹
903 940 1169 996 Responderi
1205 941 1352 997 legatis
1385 941 1603 997 utriusque
1639 941 1768 997 partis

371 1001 543 1065 placuit,
576 999 772 1040 missuros
803 1013 845 1039 se
879 998 925 1038 in
957 998 1159 1048 Africam,
1183 999 1256 1054 qui
1290 999 1400 1040 inter
1429 998 1634 1055 populum
1665 998 1770 1039 Car-

162 1070 272 1111 Scipio
289 1071 332 1101 le-
373 1058 681 1130 thaginiensem
703 1065 745 1098 et
766 1071 909 1112 regem
930 1056 975 1096 in
996 1071 1040 1097 re
1061 1056 1269 1113 piaesenti
1293 1057 1588 1113 disceptarent.
1647 1055 1769 1097 Missi

160 1113 302 1162 gatqsin
374 1117 422 1159 P.
450 1116 590 1172 Scipio
612 1115 852 1164 Africanus,
882 1123 924 1155 et
948 1113 998 1155 C.
1018 1112 1242 1155 Cornelius
1267 1114 1497 1170 Cethegus,
1525 1122 1567 1155 et
1595 1113 1657 1155 M.
1683 1113 1771 1155 Mi·-

161 1157 307 1231 ssfpscgm
373 1174 523 1217 nucius
545 1173 706 1222 Rufus3
740 1172 884 1213 audita
904 1172 1177 1228 inspectaque
1199 1187 1256 1222 re,
1274 1187 1475 1228 suspensa
1496 1172 1648 1222 omnia,
1666 1187 1771 1213 neu-

374 1241 438 1275 tro
468 1231 680 1273 inclinatis
713 1230 946 1279 sententiis,
978 1229 1198 1285 reliquere.
1261 1230 1312 1271 Id
1338 1239 1480 1270 utrum
1515 1245 1589 1270 sua
1621 1238 1770 1285 sponte

373 1290 563 1339 fecerint,
598 1304 652 1330 an
689 1288 788 1344 quia
819 1287 1066 1328 mandatum
1102 1287 1160 1328 ita
1191 1287 1331 1337 fuerit,
1365 1303 1451 1329 non
1489 1296 1573 1328 tam
1609 1295 1770 1328 certum

374 1358 449 1399 est,
473 1363 600 1404 quam
621 1346 790 1387 videtur
818 1345 998 1410 tempoli
1029 1352 1173 1401 aptum
1194 1345 1332 1395 fuisse,
1355 1346 1520 1401 integro
1542 1345 1768 1386 certamine
1783 1367 1800 1396 5

374 1422 446 1448 eos
476 1403 671 1461 lelinqui.
735 1403 863 1453 Nam,
893 1403 937 1443 ni
968 1403 1027 1443 ita
1055 1411 1177 1452 esset,
1206 1418 1315 1444 unus
1349 1402 1502 1459 Scipio,
1525 1402 1591 1444 vel
1621 1402 1772 1443 notitia

375 1465 448 1514 rei,
482 1462 549 1504 vel
585 1461 846 1510 auctoritate,
880 1461 940 1501 ita
974 1460 1027 1502 de
1062 1460 1250 1516 utrisque
1286 1460 1472 1511 melitus,
1507 1460 1627 1501 finire
1663 1468 1772 1501 nutu

376 1520 726 1578 disceptationem
747 1518 964 1575 potuisset.

416 1664 436 1691 4
456 1653 621 1688 Quantum
636 1654 718 1681 secto
734 1649 819 1680 bovis
835 1649 938 1688 teryo]
964 1648 1047 1678 Iam-
1094 1649 1227 1686 corium,
1238 1647 1315 1678 inde
1332 1650 1509 1687 propagata
1525 1650 1572 1677 est
1588 1646 1698 1686 lepida
1714 1646 1772 1677 illa

374 1695 498 1725 dudum
523 1694 581 1723 illa
606 1693 727 1723 fabella
749 1703 768 1722 a
791 1691 894 1722 doctis
917 1691 1051 1730 explosa
1095 1691 1216 1721 fabella
1243 1692 1283 1721 de
1309 1694 1396 1721 secto
1423 1690 1513 1721 bovis
1538 1694 1637 1729 tergo.
1664 1690 1771 1721 CREV.

373 1741 431 1768 est.
478 1735 581 1767 Poeni
611 1738 804 1766 vocaverant
834 1734 974 1773 primum
1006 1734 1049 1763 lo·
1096 1734 1238 1773 cf.Virg.
1253 1734 1333 1764 Aen.
1350 1733 1369 1764 i.
1387 1732 1458 1773 367.
1484 1733 1585 1764 Boch.
1603 1732 1771 1764 chanaan.

374 1790 449 1811 cum
465 1790 485 1810 a
500 1789 533 1809 se
550 1777 784 1808 communitum
802 1778 917 1813 Basra,
938 1776 971 1805 id
992 1779 1051 1813 est,
1097 1776 1116 1807 i.
1135 1787 1184 1814 24.

373 1833 491 1854 arcem.
537 1820 667 1858 Graeci,
690 1820 778 1860 apud
800 1829 879 1858 quos
902 1819 1015 1849 literae
1037 1830 1052 1848 s
1140 1828 1156 1858 5
1180 1820 1312 1858 Inteyr⁰
1336 1817 1525 1858 certamine]
1560 1818 1611 1848 Re
1637 1828 1701 1848 non
1726 1817 1771 1848 di-

375 1869 407 1896 et
436 1876 455 1895 r
483 1873 650 1903 nunquam
689 1862 929 1899 continuantur,
964 1860 1050 1891 dixe·
1095 1861 1248 1893 iudicata.

374 1911 450 1939 runt
468 1905 580 1946 βύρσα,
596 1916 679 1945 quae
700 1915 762 1936 vox
783 1914 884 1944 quum
908 1903 1051 1943 designet
