1960 3218
523 131 651 173 LIB.
686 130 904 172 XXXIV.
948 130 1088 172 CAP.
1121 135 1190 172 44.
1470 133 1548 173 165

153 227 492 278 ‘transgressum.
558 222 677 271 Quid
709 221 864 263 deinde
900 221 1108 263 facturum
1144 229 1378 271 censerent,
1416 236 1548 277 quum
1564 229 1608 260 U.
1626 229 1664 261 C.
1687 229 1760 269 558·

152 280 276 322 ‘hinc
306 280 451 322 Aetoli
477 280 592 321 haud
623 280 750 321 dubie
776 280 916 321 hostes
941 287 1139 321 vocarent
1160 279 1214 320 ad
1237 278 1409 329 bellum,
1432 279 1548 321 illinc
1562 273 1602 304 A.
1627 273 1665 304 C.
1691 282 1761 314 194·

152 344 165 362 ‘
181 337 410 388 Hannibal,
435 338 638 379 Romanis
669 338 856 380 cladibus
887 338 1063 393 insignis
1094 337 1333 393 imperator,
1360 337 1548 379 stimula-

152 402 164 420 ‘
179 404 244 437 ret
258 396 288 437 ’θ’
323 396 442 437 Dum
463 396 516 437 de
544 396 770 452 provinciis
798 395 1019 437 consulum
1041 395 1311 451 disceptatur,
1334 405 1547 451 praetores

149 454 284 496 sortiti
311 461 421 495 sunt.
486 453 567 495 Cn.
588 453 780 495 Domitio
809 454 969 495 urbana
999 453 1246 503 iurisdictio,
1280 452 1331 494 Τ.
1351 452 1548 494 Iuventio

148 512 371 568 peregrina
397 512 550 553 evenit.
611 512 660 553 P.
683 511 883 553 Cornelio
912 511 1121 568 Hispania
1140 510 1326 560 ulterior,
1353 510 1448 552 Sex.
1468 510 1548 551 Di-

148 570 252 625 gitio
281 569 470 611 citerior:
504 569 669 612 duobus
702 570 781 611 Cn.
805 568 1026 619 Corneliis,
1050 568 1238 610 Blasioni
1269 568 1422 619 Sicilia,
1450 568 1547 610 Me-

148 627 304 669 rendae
330 627 533 669 Sardinia.
596 627 649 669 In
670 627 967 669 Macedoniam
984 642 1140 668 novum
1163 627 1396 668 exercitum
1415 636 1547 668 trans-

148 686 304 741 portari
325 701 412 726 non
432 685 615 742 placuit:
649 701 761 735 eum,
785 685 858 741 qui
879 694 987 726 esset
1006 685 1078 735 ibi,
1101 685 1247 726 reduci
1268 685 1314 725 in
1335 684 1500 726 Italiam
1522 700 1547 726 a.

152 743 369 793 Quinctio,
407 759 454 784 ae
494 743 675 785 dimitti:
719 743 821 784 item
863 758 959 784 eum
997 743 1229 784 exercitum
1265 742 1435 792 dimitti,
1473 743 1547 799 qui

148 816 245 842 cum
287 801 349 843 M.
374 801 525 843 Porcio
564 801 729 843 Catone
770 801 815 841 in
858 800 1068 857 Hispania
1101 809 1221 842 esset.
1288 800 1547 842 Consulibus

116 875 135 903 4
149 859 351 901 ambobus
374 858 538 901 Italiam
560 859 820 916 provinciam
841 874 943 909 esse,
962 868 1005 900 et
1025 859 1129 901 duas
1150 859 1330 900 urbanas
1352 874 1422 900 cos
1443 858 1548 915 legi-

149 932 250 958 ones
281 917 485 958 scribere:
519 927 579 966 ut,
603 917 795 967 dimissis,
819 933 924 973 quos
956 926 1123 958 senatus
1154 917 1396 967 censuisset,
1427 932 1547 958 exer-

148 975 312 1025 citibus,
335 984 429 1016 octo
451 975 624 1016 omnino
648 975 864 1016 Romanae
886 975 1072 1031 legiones
1094 984 1242 1016 essent.

205 1032 295 1074 Ver
329 1048 490 1074 sacrum
521 1033 677 1074 factum
709 1041 797 1074 erat
826 1033 963 1089 priore
994 1049 1118 1083 anno,
1153 1033 1214 1074 M.
1240 1033 1390 1074 Porcio
1421 1045 1462 1074 et
1494 1033 1544 1074 L.
1622 1037 1692 1076 44.

149 1089 320 1132 Valerio
360 1090 611 1132 consulibus.
675 1090 727 1132 Id
768 1106 900 1147 quum
936 1091 983 1132 P.
1010 1091 1199 1132 Licinius
1232 1091 1423 1147 pontifex
1459 1107 1546 1133 non
1562 1092 1628 1123 Ver
1644 1104 1690 1124 δα-

149 1163 237 1190 esse
265 1157 377 1190 recte
408 1149 565 1189 factum
593 1148 768 1204 collegio
797 1149 994 1204 primurn,
1027 1149 1182 1191 delnde
1214 1165 1268 1190 ex
1296 1149 1545 1191 auctoritate
1560 1146 1660 1168 crum.

148 1206 314 1262 collegii
341 1206 536 1247 Patribus
567 1207 858 1256 renuntiasset,
888 1207 940 1247 de
969 1207 1135 1263 integro
1165 1207 1405 1248 faciendum
1438 1208 1547 1249 arbi-

117 1273 258 1310 5tratu
295 1264 543 1320 pontificum
574 1273 856 1314 censuerunt3
899 1264 1106 1320 ludosque
1138 1280 1324 1321 magnOS,
1357 1265 1431 1321 qui
1462 1281 1548 1307 una

146 1321 234 1362 voti
274 1330 425 1371 essent,
469 1331 584 1363 tanta
630 1322 822 1378 pecunia,
865 1331 1024 1378 quanta
1064 1323 1275 1372 assoleret,
1317 1323 1544 1365 faciendos.

115 1385 134 1417 6
148 1378 236 1420 Ver
256 1395 417 1421 sacrum
439 1379 572 1421 videri
593 1395 734 1435 pecus,
757 1380 874 1436 quod
902 1389 1048 1421 natum
1069 1389 1178 1422 esset
1198 1381 1308 1422 inter
1331 1380 1548 1423 Kalendas

147 1437 337 1487 Martias,
360 1447 403 1479 et
423 1437 555 1494 pridie
576 1437 792 1479 Kalendas
815 1437 965 1488 Maias,
988 1438 1035 1480 P.
1059 1438 1259 1480 Cornelio
1285 1438 1481 1495 Scipione
1504 1449 1548 1480 et

148 1495 214 1536 Ti.
237 1495 486 1552 Sempronio
509 1495 659 1552 Longo
681 1496 934 1538 consulibus.

208 1553 444 1595 Censorum
480 1553 579 1594 inde
617 1554 787 1595 comitia
821 1554 964 1595 habita
997 1563 1108 1597 sunt.
1173 1554 1318 1596 Creati
1354 1570 1546 1597 censores
1560 1565 1725 1597 Censores.

151 1611 248 1653 Sex.
273 1611 425 1652 Aelius
456 1611 611 1652 Paetus
646 1621 689 1653 et
723 1612 772 1653 C.
801 1612 1025 1653 Cornelius
1059 1612 1276 1666 Cethegus
1312 1613 1546 1670 principem

149 1678 317 1711 senatus
345 1669 392 1710 P.
415 1668 655 1725 Scipionem
688 1670 916 1720 consulem,
947 1686 1074 1726 quem
1103 1680 1144 1712 et
1172 1666 1331 1727 priores
1356 1687 1548 1713 censores

147 1727 350 1784 legerant,
366 1727 569 1783 legerunt.
634 1728 739 1769 Tres
753 1728 926 1769 omnino
940 1738 1165 1778 senatores,
1181 1729 1394 1770 neminem
1413 1729 1548 1771 curuli

148 1784 308 1826 honore
341 1800 477 1835 usum,
515 1786 832 1841 praeterierunt.
898 1785 1089 1827 Gratiam
1123 1802 1293 1843 quoque
1330 1787 1548 1843 ingentem
1561 1794 1753 1843 Lnga-sena-

149 1843 262 1899 apud
283 1858 379 1884 eum
403 1843 593 1884 ordinem
616 1852 883 1900 pepererunt,
907 1844 1036 1900 quod,
1059 1844 1170 1886 ludis
1193 1844 1410 1895 Romanis,
1433 1845 1548 1887 aedi-
1560 1842 1641 1912 ‘19⁰²'
1657 1849 1688 1869 ¹¹¹
1705 1839 1752 1869 lu-

147 1901 256 1942 libus
277 1901 492 1942 curulibus
519 1901 791 1957 imperarunt,
814 1911 862 1942 ut
882 1901 974 1943 loca
1001 1903 1210 1944 senatoria
1236 1912 1505 1945 secernerent
1525 1892 1619 1945 ans.

149 1958 331 2015 populo:
375 1974 473 2000 nam
505 1968 629 2000 antea
658 1960 703 2000 in
733 1960 970 2015 promiscuo
1001 1961 1257 2016 spectabant.
1322 1961 1548 2017 Equitibus

150 2032 319 2072 quoque
341 2017 562 2073 perpaucis
583 2017 769 2073 adempti
792 2018 904 2073 equi,
924 2033 1003 2059 nec
1025 2019 1068 2058 in
1090 2018 1224 2059 ullum
1246 2018 1438 2061 ordinem
1460 2034 1549 2061 sae÷

193 2219 212 2246 4
243 2208 393 2239 Urbanas
422 2218 472 2239 eos
502 2208 639 2247 [essiones
669 2208 823 2245 scrihere]

151 2250 227 2281 Hae
247 2250 399 2290 legiones,
415 2255 451 2280 ut
473 2250 579 2289 ipsum
603 2261 721 2281 nomen
745 2251 826 2280 indi-

150 2293 199 2323 cio
226 2297 285 2331 est,
308 2294 348 2323 ad
374 2293 553 2324 custodiam
579 2293 665 2324 urbis
689 2293 826 2324 destina-

149 2337 278 2373 bantur,
294 2340 326 2366 et
343 2336 470 2367 Romae
489 2340 688 2374 manserunt,
703 2340 739 2366 ut
755 2336 825 2367 infr.

150 2377 200 2418 56.
218 2382 318 2419 patet.
344 2378 450 2409 Cruzv.

195 2429 212 2460 5
237 2423 406 2462 Ludosque
430 2433 573 2461 mafflzos,
593 2423 649 2462 qui
672 2432 740 2452 una
763 2424 827 2453 voci

150 2465 269 2503 essent]
306 2465 462 2495 Observat
478 2465 612 2504 Pighius
627 2465 720 2495 ludos
736 2465 827 2504 Mag-

151 2517 220 2544 nos,
250 2506 305 2546 qui
336 2518 400 2538 una
431 2518 503 2537 curn
537 2518 607 2538 vere
643 2518 732 2538 sucro
764 2508 827 2537 voti

152 2554 254 2586 erant,
270 2549 461 2589 iampridem
484 2550 585 2580 factos
607 2561 686 2588 esse,
703 2554 737 2580 ut
755 2561 827 2580 con-

152 2596 215 2622 stat
231 2602 270 2621 ex
287 2592 384 2623 xxvii.
402 2601 452 2631 33.
499 2593 616 2631 Itaque
640 2593 691 2623 hic
712 2603 828 2623 sermo-

153 2644 226 2665 nem
245 2644 313 2664 esse
330 2639 422 2674 putat
439 2636 478 2666 de
500 2636 584 2666 ludis
599 2647 618 2666 a
636 2636 671 2666 P.
684 2636 830 2675 Sulpicio

154 2677 263 2708 Galba
279 2677 370 2714 votis,
385 2678 425 2708 de
441 2678 557 2716 quibus
578 2678 659 2709 infru
680 2679 741 2709 hoc
760 2678 830 2717 ipso

154 2719 270 2759 capite.
316 2720 367 2750 Ad
388 2719 474 2750 hunc
490 2731 615 2751 sensum
635 2723 729 2751 verba
745 2721 827 2752 Livii

153 2763 376 2792 accommodat
403 2763 602 2802 transpositis
628 2765 753 2794 duabus
778 2775 828 2793 xo-

155 2805 245 2836 culis.
284 2805 396 2844 ltaque
410 2805 504 2845 legit:
528 2807 830 2846 ludosqueAla-(snus

157 2858 234 2886 una,
250 2849 305 2888 qui
326 2849 388 2878 voli
411 2853 525 2885 essent,
542 2849 719 2886 filcicmlmz
767 2850 830 2880 Sed

872 2207 916 2238 sic
940 2218 1069 2247 quoquc
1092 2219 1221 2239 necesse
1244 2212 1292 2239 est
1315 2209 1422 2246 adiici,
1445 2221 1464 2241 a
1485 2220 1549 2249 quo

872 2250 940 2281 ludi
958 2252 1023 2281 voti
1041 2251 1169 2282 fuerint.
1217 2252 1334 2291 Itaque
1350 2257 1406 2283 aut
1420 2253 1549 2283 Livium

872 2293 924 2324 hic
940 2294 1096 2324 memoria
1110 2294 1237 2332 fefellit,
1254 2300 1310 2325 aut
1325 2295 1448 2335 aliquid
1470 2307 1490 2327 a
1513 2296 1549 2326 li-

873 2337 984 2367 brariis
1000 2341 1168 2376 peccatum
1187 2341 1245 2369 cst.
1268 2338 1375 2370 Cmsv.

915 2378 934 2409 6
959 2381 1019 2411 Ver
1032 2391 1160 2410 Sacrum
1177 2382 1279 2411 videri
1293 2383 1409 2420 pecus]
1433 2382 1549 2419 Pecus,

873 2423 959 2461 quod
989 2433 1029 2453 cx
1063 2423 1140 2453 veris
1171 2423 1250 2453 sacri
1283 2428 1356 2454 voto
1388 2424 1549 2455 immolari

873 2469 1046 2505 oporteret,
1062 2465 1143 2496 illud
1163 2477 1242 2503 esse,
1257 2467 1344 2506 quod
1367 2471 1479 2497 uatum
1504 2468 1548 2497 fo—

873 2513 920 2538 ret
945 2507 1026 2538 inter
1044 2508 1121 2539 Kal.
1139 2509 1286 2546 Martias,
1302 2514 1333 2540 et
1352 2509 1454 2548 pridie
1471 2510 1549 2541 Kal.

874 2551 988 2581 Maias.
1043 2552 1148 2581 Videre*
1178 2551 1231 2582 hic
1261 2552 1384 2582 dictum
1416 2558 1463 2583 cst
1494 2563 1550 2592 pro

874 2603 961 2624 more
983 2594 1076 2624 solito
1095 2594 1317 2625 Romanorum
1342 2599 1374 2625 ct
1397 2600 1552 2626 consueta

874 2636 1037 2667 iudicandi
1050 2637 1308 2677 dcccrucndique
1320 2638 1469 2669 formula.
1500 2639 1553 2669 Ita

875 2679 959 2709 euim
992 2679 1078 2710 cauti
1109 2685 1200 2710 erant
1236 2681 1267 2711 in
1301 2680 1486 2718 iudicando,
1518 2686 1551 2711 ut

875 2732 1039 2761 nunquam
1065 2732 1130 2752 rem
1153 2723 1197 2753 itu
1221 2734 1253 2753 se
1276 2723 1405 2757 habere..
1429 2725 1482 2754 sed
1510 2726 1551 2754 rti-

874 2766 942 2794 aelvri
971 2765 1224 2803 prorumtiarcnt.
1272 2767 1349 2802 Qua
1374 2767 1413 2796 tle
1435 2777 1467 2797 rc
1490 2767 1551 2797 vid.

875 2808 944 2838 Cic.
974 2808 1073 2838 Acad.
1103 2810 1237 2844 Quat-st.
1270 2809 1310 2839 iv.
1343 2808 1409 2847 146.
1446 2810 1551 2840 Cum.

877 2852 916 2880 cf.
933 2861 1017 2889 supr.
1037 2850 1112 2880 xxii.
1130 2862 1159 2890 ι).
