1960 3218
344 155 427 195 358
859 153 1007 196 ΤΙΤΙ
1050 152 1231 196 LIVII

137 251 183 283 U.
200 251 239 283 C.
261 243 462 292 564.cinas
491 242 724 284 invadunt:
760 244 974 300 caesisque
1005 244 1262 292 custodibus,
1288 242 1440 299 partim
1472 257 1533 291 ea,
1561 257 1669 298 quae
1700 241 1745 282 in

139 296 177 327 A.
202 295 241 327 C.
265 295 335 326 188.
347 300 543 357 plaustris
570 310 702 351 erant,
725 301 919 358 diripere,
942 303 1093 358 partim
1115 303 1191 343 sub
1213 301 1410 343 oneribus
1439 300 1628 341 iumenta
1654 300 1746 340 abs-

203 1341 273 1379 41.

141 2101 291 2132 Alterum

141 2144 311 2184 proelium.

349 359 528 400 trahere.
594 359 723 400 Unde
745 368 969 416 postquam
990 361 1147 402 clamor
1166 360 1348 416 primum
1371 358 1423 399 ad
1445 373 1528 407 eos,
1553 358 1639 422 qui,
1662 357 1746 398 iam

349 417 525 472 ingressi
565 416 731 467 saltum,
773 418 1069 474 sequebantur,
1107 418 1261 459 deinde
1304 418 1428 458 etiam
1473 415 1526 456 ad
1563 430 1745 471 primum

350 489 502 530 agmen
534 483 597 516 est
628 475 825 531 perlatus,
855 476 1066 533 utrimque
1100 476 1144 517 in
1178 475 1365 517 medium
1401 474 1674 538 concurritur,
1704 481 1748 513 et

350 532 640 573 inordinatum
690 533 814 574 simul
863 534 1054 590 pluribus
1102 534 1204 575 1001ε
1248 533 1454 589 proelium
1500 540 1745 573 conseritur.

351 590 539 631 Thracas
567 591 724 646 praeda
754 591 844 647 ipsa
872 592 1099 648 impeditos
1129 591 1338 640 oneribus,
1365 599 1406 631 et
1437 590 1673 646 plerosque,
1700 597 1749 629 ut

350 647 405 688 ad
425 648 675 704 rapiendum
700 664 849 690 manus
869 665 1020 690 vacuas
1045 650 1262 698 haberent,
1285 649 1477 697 inermes,
1500 647 1553 688 ad
1574 646 1749 687 caedem

349 707 550 761 praebet3
585 706 800 747 Romanos
836 707 1036 763 iniquitas
1069 707 1269 756 locorum,
1302 705 1486 747 barbaris
1518 719 1594 761 per
1624 703 1749 745 calles

349 772 473 804 notos
518 764 845 813 occursantibus,
892 774 935 805 et
983 764 1211 805 latentibus
1255 763 1469 805 interdum
1509 777 1586 818 per
1630 776 1751 803 cavas

349 821 490 871 valles,
525 821 741 877 prodebat.
804 821 902 878 Ipsa
937 822 1064 863 etiam
1102 837 1231 863 onera
1265 822 1548 878 plaustraque,
1585 828 1633 860 ut
1659 820 1750 884 ’fors

350 878 461 928 tulit,
514 878 578 919 his
633 887 706 920 aut
764 878 845 920 illis
904 880 1173 921 incommode
1231 880 1406 929 obiecta,
1464 878 1750 935 pugnantibus

350 936 658 992 impedimento
698 946 821 978 sunt:
875 937 974 979 alibi
1013 938 1184 994 praedo,
1226 937 1326 979 alibi
1365 936 1546 994 praedae
1592 935 1751 1000 vindex

352 994 477 1035 cadit.
559 994 693 1035 Prout
747 994 864 1036 locus
919 996 1092 1052 iniquus
1146 1011 1358 1052 aequusve
1412 994 1478 1035 his
1531 1003 1604 1034 aut
1655 992 1749 1058 illls,

351 1060 477 1108 prout
502 1052 667 1093 animus
694 1053 975 1108 pugnantium
1008 1062 1083 1103 est,
1113 1063 1238 1110 prout
1269 1067 1482 1102 numerus,
1514 1051 1605 1108 (alii
1636 1065 1750 1092 ennn

350 1109 554 1165 pluribus,
592 1125 719 1165 quam
758 1111 837 1167 ipsi
873 1120 1005 1162 erant,
1042 1111 1112 1152 alii
1146 1111 1426 1167 paucioribUS,
1463 1113 1752 1164 occurrerant)

351 1167 466 1208 varia
492 1183 659 1224 pugnae
691 1168 858 1210 fortuna
889 1178 962 1210 est.
1027 1169 1157 1210 Multi
1185 1169 1399 1224 utrimque
1427 1167 1596 1209 cadunt.
1660 1165 1752 1207 Iam

351 1240 439 1266 nox
467 1226 704 1281 appetebat,
728 1242 861 1282 quum
889 1227 1048 1283 proelio
1077 1228 1291 1269 excedunt
1313 1227 1512 1275 Thraces,
1539 1240 1626 1266 non
1652 1224 1752 1280 fuga

352 1282 576 1324 vulnerum
617 1293 690 1324 aut
730 1285 888 1334 mortis,
931 1285 1006 1326 sed
1041 1286 1142 1341 quia
1176 1285 1274 1326 satis
1308 1283 1488 1340 praedae
1525 1283 1748 1323 habebant.

354 1340 646 1382 Romanorum
677 1342 860 1397 primum
893 1357 1046 1398 agmen
1077 1352 1197 1384 extra
1226 1342 1378 1384 saltum
1408 1341 1518 1382 circa
1545 1340 1783 1396 templum8

354 1398 615 1439 Bendidium
638 1408 770 1440 castra
790 1399 882 1441 loco
904 1409 1048 1456 aperto
1069 1401 1208 1456 posuit
1226 1417 1235 1441 :
1268 1415 1363 1456 pars
1389 1399 1518 1440 altera
1538 1398 1592 1439 ad
1613 1406 1752 1439 custo-

352 1456 466 1496 diam
494 1456 895 1512 impedimentorum
923 1458 1063 1499 medio
1090 1458 1135 1499 in
1163 1458 1283 1507 saltu,
1306 1457 1465 1514 duplici
1493 1456 1752 1498 circumdata

351 1513 473 1563 vallo,
511 1514 674 1555 mansit.
740 1515 912 1556 Postero
948 1515 1030 1565 die,
1062 1516 1177 1572 prius
1213 1515 1430 1572 explorato
1466 1514 1586 1564 saltu,
1623 1528 1752 1569 quam

351 1582 582 1621 moverent,
610 1571 756 1627 primis
783 1587 826 1613 se
855 1573 1131 1629 coniungunt.
1195 1573 1247 1614 In
1275 1589 1325 1614 eo
1353 1572 1526 1629 proelio,
1549 1587 1682 1628 quum
1710 1579 1754 1612 et

350 1628 754 1684 impedimentorum
775 1645 870 1685 pars
891 1639 933 1671 et
955 1631 1164 1681 calonum,
1188 1640 1231 1673 et
1251 1631 1405 1671 milites
1425 1630 1599 1686 aliquot,
1619 1644 1752 1685 quum

350 1686 504 1741 passim
533 1695 621 1728 toto
649 1702 778 1743 prope
808 1687 915 1729 saltu
943 1698 1215 1745 pugnaretur,
1238 1688 1500 1738 cecidissent,
1522 1687 1752 1744 plurimum

355 1743 408 1792 Q.
434 1743 617 1785 Minucii
649 1745 826 1785 Thermi
857 1755 991 1787 morte
1023 1747 1168 1788 damni
1201 1756 1263 1788 est
1295 1755 1528 1802 acceptum,
1558 1745 1673 1786 fortis
1703 1759 1752 1786 ac

350 1802 511 1842 strenui
541 1802 631 1843 viri.
696 1802 760 1843 Eo
793 1802 862 1844 die
896 1804 949 1844 ad
979 1804 1173 1845 Hebrum
1200 1805 1360 1845 fiumen
1391 1812 1642 1860 perventum
1674 1811 1749 1844 est.

351 1858 459 1900 Inde
482 1859 719 1900 Aeniorum
747 1860 853 1902 fines
880 1870 1046 1917 praeter
1068 1862 1292 1918 Apollinis,
1320 1861 1601 1918 Zerynthium
1624 1875 1784 1917 que1n9

350 1925 504 1957 vocant
532 1916 707 1967 incolae,
735 1918 939 1974 templum
968 1928 1179 1976 superant.
1242 1920 1366 1961 Aliae
1396 1919 1611 1975 angustiae
1643 1918 1753 1959 circa

352 1974 569 2031 Tempyra
590 1975 820 2031 excipiunt,
843 1976 943 2032 (hoc
964 1977 1056 2019 loco
1082 1993 1238 2019 nomen
1268 1977 1350 2033 est)
1377 1992 1456 2018 nec
1485 1978 1623 2017 minus
1651 1991 1752 2018 con-

351 2031 550 2088 fragosae,
574 2048 700 2088 quam
728 2034 911 2089 priores:
946 2035 1033 2085 sed,
1062 2035 1162 2091 quia
1188 2035 1295 2076 nihil
1323 2035 1508 2076 silvestre
1537 2035 1647 2076 circa
1674 2043 1750 2084 est,

351 2104 406 2130 ne
444 2089 621 2131 latebras
658 2091 832 2147 quidem
871 2092 925 2133 ad
961 2092 1248 2134 insidiandum
1285 2093 1499 2149 praebent.
1562 2092 1662 2133 Huc
1699 2091 1752 2133 ad

352 2147 532 2188 eandem
568 2163 686 2204 spem
720 2149 900 2204 praedae
938 2150 1119 2191 Thrausi
1155 2151 1278 2207 (gens
1314 2159 1355 2191 et
1391 2150 1481 2206 ipsa
1517 2149 1752 2205 Thracum)

352 2220 613 2255 convenere:
660 2206 747 2256 sed,
785 2207 885 2262 quia
920 2208 1059 2249 nudae
1095 2208 1234 2258 valles,
1271 2208 1417 2264 procul
1454 2217 1501 2249 ut
1536 2207 1751 2264 conspice-

351 2271 498 2304 rentur
528 2264 741 2319 angustias
767 2265 1018 2315 obsidentes,
1042 2266 1292 2315 efficiebant,
1315 2266 1455 2306 minus
1486 2265 1653 2306 terroris
1684 2274 1751 2305 tu-

352 2320 594 2376 multusque
627 2321 708 2362 fuit
740 2322 854 2378 apud
886 2322 1128 2365 Romanos:
1163 2325 1320 2380 quippe
1353 2324 1430 2364 etsi
1462 2323 1610 2379 iniquo
1643 2322 1748 2372 loco,

351 2378 512 2433 proelio
534 2388 675 2420 tamen
698 2380 820 2429 iusto,
844 2381 931 2422 acie
955 2391 1109 2437 aperta,
1133 2381 1293 2423 collatis
1314 2381 1441 2436 signis
1462 2379 1751 2421 dimicandum

352 2444 450 2476 erat.
516 2435 709 2478 Conferti
760 2438 988 2480 subeuntes
1038 2454 1134 2480 cum
1180 2439 1373 2488 clamore,
1420 2438 1582 2494 impetu
1626 2437 1749 2487 facto,

395 2594 414 2623 8
442 2597 605 2634 Templum
645 2598 853 2634 Bendidium]
899 2599 1030 2635 Bendis,
1075 2599 1282 2636 Zerynllzins.
1329 2599 1406 2629 Fuit
1422 2610 1551 2638 (1110(1110
1567 2602 1751 2639 Zerynllzus

354 2640 389 2666 ut
406 2637 515 2667 scribit
532 2638 729 2677 Hesychius,
743 2639 852 2679 lingua
865 2640 1029 2670 Thracum
1074 2645 1215 2677 antrum,
1240 2641 1336 2671 sacris
1360 2642 1520 2681 111111111110,
1541 2643 1656 2682 quibus
1682 2644 1750 2674 He-

354 2680 464 2710 Diana
480 2681 686 2719 appellatur:
714 2682 799 2711 unde
821 2685 853 2712 et
869 2684 1030 2713 Bendidm
1076 2687 1147 2713 cate
1170 2683 1213 2713 ibi
1238 2684 1415 2721 colebatur,
1431 2685 1549 2717 nobile.
1595 2686 1749 2717 Ceterum

354 2722 422 2752 cius
450 2723 548 2752 feriae
579 2723 716 2753 Athenis
748 2726 952 2756 vocabantur.
990 2726 1029 2755 cf.
1076 2726 1238 2756 Crevierio
1265 2737 1441 2766 pronomen
1469 2739 1572 2768 quem,
1601 2729 1749 2759 Draken-

354 2765 496 2796 Turneb.
514 2766 647 2796 Advers.
666 2766 730 2796 xiv.
752 2776 798 2797 11.
823 2768 930 2798 Cmev.
1074 2769 1206 2798 bor-chio
1223 2780 1294 2799 vero
1312 2781 1372 2800 vox
1389 2772 1511 2801 incolae
1526 2775 1677 2810 suspecta
1692 2776 1749 2803 est.

396 2818 415 2848 9
439 2809 667 2847 Zerynthium]
712 2809 763 2838 Ab
798 2811 874 2840 urbe
912 2820 1029 2849 nempe
1075 2812 1136 2841 Sed
1171 2812 1285 2850 optimi
1318 2813 1437 2852 quique
1471 2813 1641 2853 scriptores
1671 2814 1750 2844 talia

353 2852 514 2890 Zerynllzo
529 2850 561 2882 in
575 2851 715 2882 Thracia.
727 2851 832 2882 (lictus
848 2857 895 2883 est
909 2853 1029 2892 Apollo
1074 2855 1171 2884 1110110
1187 2855 1336 2894 adiicere,
1352 2856 1448 2887 1110110
1465 2856 1613 2887 mnitt-crc
1630 2857 1749 2887 solent.
