1960 3218
666 142 794 185 LIB.
828 142 925 184 XL.
970 141 1116 184 CAP.
1151 145 1218 184 59.
1248 190 1256 196 Α,
1548 145 1632 183 483

246 237 461 294 oppressit.
525 235 678 292 Neque
700 234 815 276 enim
835 234 966 275 imbre
988 242 1152 275 tantum
1174 233 1319 283 effuso,
1340 231 1441 274 dein
1471 231 1636 274 creber·
1650 243 1694 275 U.
1710 244 1749 276 C.
1771 250 1844 284 573-

247 296 353 336 rima
381 293 584 351 grandine
614 292 752 334 obruti
778 300 890 341 sunt,
911 307 1008 333 cum
1034 291 1198 348 ingenti
1217 291 1378 347 fragore
1398 289 1505 331 coeli
1526 290 1636 331 toni·
1648 288 1689 319 A.
1712 287 1750 319 C.
1776 294 1846 329 Ι79·

249 353 464 409 tribusque
494 360 535 393 et
564 350 798 407 fulguribus
818 349 1219 406 praestringentibus
1239 349 1372 390 aciem
1394 347 1634 398 oculorum3

248 410 323 452 sed
343 410 518 451 fulmina
537 409 664 450 etiam
685 408 742 449 sic
763 407 952 463 undique
974 407 1198 456 micabant,
1218 415 1266 448 ut
1285 406 1373 463 peti
1393 405 1638 447 viderentur

249 483 444 524 corpora;
479 481 557 507 nec
578 465 713 507 solum
733 465 899 515 milites,
922 464 997 506 sed
1017 465 1143 506 etiam
1174 465 1398 520 principes,
1421 463 1494 505 icti
1515 463 1638 505 cade-

248 535 352 567 rent.
415 524 578 580 Itaque,
613 539 744 580 quum
780 522 1000 580 praecipiti
1033 522 1133 579 fuga
1166 537 1242 578 per
1275 536 1399 578 rupes
1434 521 1638 577 praealtas

248 582 470 639 improvidi
502 590 788 623 sternerentur
814 588 1082 637 ruerentque,
1108 580 1320 621 instabant
1341 579 1513 635 quidem
1543 595 1639 636 per-

249 640 373 682 culsis
395 640 602 681 Thraces:
636 639 709 681 sed
738 640 816 696 ipsi
844 639 945 680 deos
975 649 1163 680 auctores
1183 638 1306 695 fugae
1329 652 1430 687 esse,
1453 636 1638 678 coelum-

250 713 333 754 que
355 698 400 738 in
420 713 462 739 sc
484 713 604 739 ruere
626 698 805 739 aiebant.
847 696 1048 753 Dissipati
1065 695 1259 753 procella,
1275 710 1420 751 quum,
1438 703 1639 751 tanquam

249 771 304 797 ex
333 755 563 812 naufragio,
585 755 775 811 plerique
806 755 1046 796 semiermes
1076 755 1120 795 in
1150 762 1297 804 castra,
1319 753 1431 794 unde
1461 753 1639 810 profecti

249 822 380 862 erant,
404 813 632 862 redissent3
666 812 904 862 consultari,
933 811 1037 868 quid
1068 824 1252 869 agerent,
1282 820 1505 868 coeptum:
1539 810 1638 852 inde

249 881 340 912 orta
359 870 575 920 dissensio,
598 870 687 911 aliis
715 870 993 920 redeundum,
1016 870 1105 911 aliis
1135 869 1441 927 penetrandum
1463 869 1507 910 in
1530 868 1641 910 Dar-

249 928 417 970 daniam
464 928 743 970 censentibus.
818 928 1013 984 Triginta
1061 928 1190 969 ferme
1241 927 1371 968 millia
1418 927 1639 968 hominurn

249 986 481 1041 (Clondico
503 986 610 1028 duce
639 986 813 1042 profecti
841 986 980 1040 erant)
1001 994 1305 1043 pervenerunt:
1339 994 1478 1027 cetera
1498 984 1641 1026 multi-

250 1044 354 1085 tudo
385 1054 506 1093 retro,
530 1060 613 1100 qua
633 1055 816 1094 venerat,
849 1043 1241 1086 transdanubianam
1274 1044 1489 1100 regionem
1521 1057 1641 1099 repe-

251 1102 328 1143 tiit.
374 1102 562 1151 Perseus,
584 1102 742 1158 potitus
762 1118 905 1159 regno,
928 1102 1108 1144 interfici
1129 1102 1392 1157 Antigonum
1415 1101 1555 1142 iussit:
1583 1109 1637 1150 et,
1652 1107 1833 1157 Antigonus

250 1160 351 1201 dum
379 1160 563 1200 firmaret
593 1175 670 1210 res,
692 1159 851 1216 legatos
873 1160 1054 1201 Romam
1084 1160 1137 1201 ad
1168 1159 1392 1200 amicitiam
1422 1167 1639 1215 paternam
1650 1153 1849 1181 mternmtur.

250 1218 544 1267 renovandam,
567 1217 897 1274 petendumque,
921 1227 967 1259 ut
988 1233 1061 1259 rex
1090 1218 1141 1259 ab
1167 1225 1315 1259 senatu
1347 1216 1638 1274 appellaretur,

250 1276 374 1316 misit.
439 1275 557 1316 Haec
579 1291 628 1316 eo
650 1291 760 1316 anno
781 1276 826 1316 in
848 1275 1101 1317 Macedonia
1121 1285 1248 1331 gesta.

219 1343 236 1374 5
308 1333 432 1373 Alter
463 1333 681 1373 consulum
717 1333 770 1381 Q.
791 1333 961 1374 Fulvius
994 1349 1047 1374 ex
1078 1333 1306 1389 Liguribus
1343 1332 1636 1389 triumphavit:
1717 1337 1783 1376 59.

250 1405 377 1446 quem
418 1389 676 1446 triumphum
715 1391 846 1447 magis
883 1391 1054 1447 gratiae,
1092 1406 1219 1446 quam
1254 1405 1394 1432 rerum
1430 1399 1638 1447 gestarum
1653 1392 1759 1440 Fulvii
1776 1393 1851 1423 Cos.

250 1447 544 1503 magnitudini,
575 1447 719 1488 datum
751 1450 975 1490 constabat.
1039 1449 1267 1490 Armorum
1289 1448 1502 1489 hostilium
1525 1464 1640 1505 mag·
1652 1435 1845 1475 tnumphus.

250 1520 348 1546 nam
379 1505 463 1545 vim
499 1505 734 1554 transtulit3
772 1506 930 1546 nullam
964 1507 1187 1562 pecuniam
1218 1506 1456 1547 admodum.
1520 1506 1641 1547 Divi-

251 1563 303 1603 sit
336 1572 474 1603 tamen
506 1562 550 1602 in
580 1563 765 1618 singulos
796 1563 948 1605 milites
982 1573 1171 1605 trecenos
1204 1564 1321 1613 aeris,
1355 1564 1511 1620 duplex
1544 1579 1642 1605 cen-

253 1620 499 1669 turionibus,
534 1620 687 1676 triplex
724 1621 868 1677 equiti.
944 1621 1064 1662 Nihil
1099 1622 1143 1662 in
1179 1637 1229 1663 eo
1265 1621 1478 1677 triumpho
1512 1623 1642 1678 magis

252 1678 415 1733 insigne
436 1678 527 1727 fuit,
551 1693 676 1734 quam
699 1679 815 1734 quod
838 1679 943 1720 forte
971 1679 1122 1729 evenit,
1146 1687 1193 1721 ut
1220 1679 1367 1720 eodem
1397 1678 1465 1720 die
1494 1680 1643 1720 trium-

251 1735 410 1791 pharet,
438 1751 522 1791 quo
549 1736 686 1791 priore
716 1752 826 1778 anno
857 1753 910 1778 ex
940 1746 1133 1793 praetura
1166 1737 1501 1793 triumphaverat.
1568 1737 1642 1779 Se-
1655 1745 1805 1777 Comitia.

251 1793 438 1834 cundum
471 1793 729 1850 triumphum
760 1795 929 1836 comitia
954 1795 1098 1844 edixit,
1122 1796 1274 1851 quibus
1302 1795 1429 1836 creati
1451 1795 1641 1837 consules

220 1858 239 1889 6
252 1859 349 1892 sunt
366 1850 428 1892 M.
444 1850 592 1892 Iunius
607 1851 775 1903 Brutus,
796 1853 847 1894 A.
865 1852 1053 1894 Manlius
1069 1853 1213 1895 Vulso.
1264 1853 1510 1894 Praetorum
1527 1853 1639 1903 inde,

253 1909 383 1949 tribus
414 1909 574 1958 creatis,
597 1910 765 1952 comitia
795 1920 1018 1967 tempestas
1049 1911 1228 1952 diremit.
1291 1911 1465 1952 Postero
1487 1911 1555 1952 die
1577 1927 1641 1953 re-

252 1965 357 2022 liqui
388 1975 470 2007 tres
499 1967 596 2007 facti
628 1976 724 2009 ante
753 1968 866 2010 diem
892 1978 1087 2024 quartum
1113 1969 1214 2010 Idus
1237 1968 1424 2019 Martias,
1449 1968 1510 2010 M.
1531 1969 1641 2010 Titi-

252 2024 347 2064 nius
371 2023 549 2073 Curvus,
568 2025 634 2066 Ti.
654 2025 858 2067 Claudius
876 2026 1004 2076 Nero,
1024 2027 1074 2068 T.
1091 2027 1290 2068 Fonteius
1310 2026 1475 2083 Capito.
1526 2026 1638 2068 Ludi
1654 2032 1812 2072 Prodigia·

269 2081 437 2122 ’tomani
458 2082 674 2123 instaurati
697 2084 747 2124 ab
770 2084 972 2125 aedilibus
993 2085 1206 2126 curulibus
1230 2086 1308 2127 Cn.
1332 2084 1506 2126 Servilio
1531 2084 1640 2127 Cac—

252 2139 390 2194 pione,
416 2139 497 2195 Ap.
521 2139 701 2182 Claudio
725 2142 962 2192 Centhone,
986 2152 1155 2199 propter
1184 2143 1327 2199 prodiC

252 2205 412 2237 nerant.
476 2197 606 2238 Terra
628 2199 780 2240 movit:
815 2200 856 2240 in
885 2200 982 2241 foris
1010 2201 1200 2257 publicis,
1233 2200 1305 2242 ubi
1337 2200 1641 2242 lectisternium

253 2263 352 2304 erat,
386 2254 559 2295 deorum
592 2258 740 2312 capita,
777 2273 883 2313 quae
920 2258 963 2298 in
995 2258 1111 2300 lectis
1142 2268 1274 2308 erant,
1307 2267 1547 2300 averterunt
1572 2274 1638 2307 se3

224 2311 435 2368 Jlanxque
458 2328 552 2353 cum
576 2313 888 2370 integumentis,
904 2331 1010 2372 quae
1034 2317 1121 2358 Iovi
1145 2317 1334 2373 apposita
1354 2317 1446 2366 fuit,
1470 2316 1638 2358 decidit.

1309 2143 1388 2195 ogia,
1412 2158 1519 2198 quae
1545 2158 1640 2184 evc-

296 2477 313 2507 5
344 2471 584 2510 Triumphauit]
635 2471 699 2501 Hic
730 2470 924 2510 triumphus,

968 2472 1117 2511 cuperus
1141 2473 1336 2511 emendavit,
1359 2474 1411 2504 ubi
1439 2485 1494 2514 per
1519 2476 1642 2514 intepu-

253 2511 339 2541 haud
356 2512 431 2550 scin,
441 2524 481 2543 an
494 2514 703 2543 adumbretur
715 2524 753 2544 ex
770 2514 923 2544 Diodoro.

968 2520 1074 2545 menta
1100 2516 1234 2546 indicari
1267 2520 1372 2556 putat,
1401 2518 1449 2547 vel
1477 2519 1643 2557 opercula,

257 2554 295 2584 cf.
314 2554 409 2584 Diod.
429 2555 582 2596 Excerpt.
604 2557 752 2587 Vatican.
770 2557 855 2587 xxvi.
877 2564 923 2595 17.

296 2595 315 2625 6
339 2598 531 2628 I’raelorum
556 2601 641 2637 inde,
662 2601 765 2630 tribus
788 2601 920 2637 creatis]

255 2639 417 2670 Videntur
436 2640 488 2670 hic
508 2641 662 2672 excidisse
680 2642 812 2672 nomina
828 2643 924 2672 trium

254 2681 382 2712 illorum
422 2687 615 2721 praetorum.
683 2684 800 2724 Neque
839 2685 922 2716 enim

255 2724 322 2754 ulla
345 2725 424 2755 ratio
448 2729 505 2763 est,
529 2736 584 2756 cur
608 2726 665 2757 hos
689 2728 796 2766 potius
816 2739 923 2768 supcr-

254 2767 369 2797 sederit
400 2768 565 2798 nominare
597 2769 718 2807 Livius,
744 2780 840 2809 quam
871 2781 924 2801 eos

255 2809 308 2849 qui
327 2815 452 2848 postero
468 2811 518 2841 die
535 2811 610 2842 facti
628 2816 710 2842 sunt.
735 2814 841 2844 Cur-zv,

302 2860 316 2890 7
340 2854 496 2894 Luamque
516 2865 584 2885 cum
608 2856 849 2895 inleyumentis]
875 2856 926 2887 Ita

969 2558 1084 2596 quibus
1101 2558 1209 2589 lances
1225 2564 1358 2598 opertae
1373 2560 1405 2589 in
1423 2561 1527 2600 epulis
1543 2571 1641 2600 oppo-

969 2602 1138 2638 nebantur,
1156 2602 1205 2631 vel
1230 2606 1349 2632 vestem
1372 2603 1557 2641 stragulam,
1579 2614 1643 2641 qua

969 2653 1080 2673 mensa
1091 2648 1157 2674 erut
1169 2648 1277 2676 strata.
1307 2645 1555 2684 Oudendorpius
1570 2656 1642 2675 vero

971 2696 1027 2725 pro
1062 2688 1288 2726 inleyunwntz's
1321 2688 1417 2718 etiam
1452 2688 1512 2727 legi
1551 2698 1642 2726 posse

969 2729 1148 2768 suspicatur
1171 2732 1376 2767 intrimentis,
1403 2741 1498 2769 quam
1532 2741 1640 2760 vocem

970 2772 1140 2802 Bckkerus
1161 2773 1311 2812 reposuit.
1360 2775 1552 2804 lntrimenta
1569 2779 1641 2803 sunt

971 2826 1007 2844 cu
1025 2825 1106 2853 quae
1129 2816 1206 2845 cibis
1227 2816 1452 2846 admiscentur.
1500 2816 1537 2846 In
1557 2816 1641 2856 vulg.

972 2858 1044 2888 edd.
1062 2859 1138 2888 lana
1156 2868 1213 2897 pro
1229 2859 1308 2888 lam¹
1325 2858 1448 2897 legitur.
