1960 3218
559 150 686 193 LIB.
719 149 914 191 XXXV.
959 147 1107 191 CAP.
1139 151 1209 190 46.
1507 150 1591 191 219

192 250 204 270 ‘
216 244 430 302 quoniam,
464 241 580 300 quod
620 241 854 283 maximum
894 240 1033 291 fuerit,
1069 239 1159 296 ipse
1191 238 1350 281 vindex
1387 237 1592 280 Graeciae
1608 247 1651 280 U.
1669 247 1707 279 C.
1731 246 1804 288 560.

193 303 395 352 ‘venerit,
436 301 576 358 copias
622 315 793 356 quoque
843 307 1059 340 terrestres
1106 297 1359 353 navalesque
1401 305 1590 338 arcessat.
1606 291 1646 322 A·
1671 292 1709 323 C.
1735 300 1805 332 ¹9²·

193 366 205 385 ‘
222 361 446 402 Armatum
467 373 609 415 regem
627 357 787 414 aliquid
809 357 1155 414 impetraturum:
1189 356 1396 397 inermem
1413 370 1498 396 non
1516 369 1593 411 pro

194 418 386 460 ‘Aetolis
414 417 553 466 modo,
577 416 650 458 sed
672 431 725 457 ne
751 430 827 472 pro
848 430 891 456 se
914 415 1086 471 quidem
1113 415 1217 470 ipso,
1240 413 1446 454 momenti
1468 412 1594 454 ullius

195 477 410 518 ‘futurum
441 474 554 531 apud
589 474 830 516 Romanos?
892 473 1013 514 Haec
1045 473 1149 515 vicit
1184 471 1416 513 sententia:
1460 471 1595 527 impe·
1608 485 1789 524 Imperato-

193 536 459 589 ratoremque
495 548 638 590 regem
679 531 978 588 appellandum
1016 539 1295 572 censuerunt:
1340 538 1382 571 et
1422 529 1765 584 trigintaremepm

192 592 416 649 principes,
448 606 544 632 cum
577 590 742 647 quibus,
776 590 810 631 si
841 605 925 646 qua
954 589 1093 639 vellet,
1125 587 1393 637 consultaret,
1425 586 1595 643 delege-
1607 571 1788 654 {Jeffiffisst‘fp‘

193 659 304 692 runt.

253 707 332 758 Ita,
365 707 536 748 dimisso
567 705 759 756 concilio,
788 705 1016 747 multitudo
1046 705 1182 747 omnis
1210 704 1254 745 in
1282 719 1376 745 suas
1407 703 1596 744 civitates
1671 708 1740 747 46.

195 766 356 822 dilapsa
383 774 455 806 est.
520 764 617 806 Rex
645 773 812 821 postero
841 763 909 805 die
937 779 1034 805 cum
1064 762 1263 820 apocletis
1294 777 1453 811 eorum,
1481 761 1595 802 unde

194 824 353 866 bellum
375 823 596 873 ordiretur,
620 822 894 864 consultabat.
961 821 1184 878 Optimum
1212 821 1346 861 visum
1369 828 1443 869 est,
1469 819 1598 861 Chal-

197 882 347 931 cidem,
370 881 521 922 frustra
542 896 678 937 nuper
699 881 750 922 ab
768 880 932 921 Aetolis
955 888 1171 929 tentatam,
1194 879 1378 936 primum
1400 877 1594 934 aggredi:

197 949 240 982 et
260 939 474 981 celeritate
496 939 539 979 in
562 955 654 980 eam
676 954 764 980 rem
786 938 931 994 magis,
956 953 1081 994 quam
1104 953 1258 993 magno
1279 944 1434 978 conatu
1455 945 1498 977 et
1525 951 1599 992 ap-

198 1007 358 1054 paratu,
381 1013 486 1054 opus
508 1012 609 1038 esse.
673 997 822 1053 Itaque
845 1011 941 1038 cum
963 995 1076 1037 mille
1099 995 1311 1052 peditibus
1338 1010 1425 1043 rex,
1451 994 1525 1050 qui
1546 994 1598 1035 ab

199 1055 472 1097 Demetriade
505 1055 637 1096 secuti
666 1064 796 1104 erant,
825 1055 1037 1110 profectus
1067 1069 1144 1110 per
1174 1053 1408 1094 Phocidem
1437 1060 1522 1093 est:
1557 1060 1600 1093 et

200 1114 281 1155 alio
307 1114 457 1154 itinere
483 1113 696 1169 principes
722 1113 880 1162 Aetoli,
911 1112 1123 1153 iuniorum
1154 1111 1299 1168 paucis
1324 1110 1518 1159 evocatis,
1546 1109 1599 1151 ad

202 1171 494 1213 Chaeroneam
513 1179 798 1220 occurrerunt,
817 1179 859 1211 et
873 1170 1019 1211 decem
1041 1169 1262 1211 constratis
1275 1169 1450 1210 navibus
1467 1168 1601 1209 secuti

199 1238 308 1271 sunt.
374 1229 483 1279 Rex,
508 1228 560 1269 ad
597 1228 801 1285 Salganea
829 1228 972 1269 castris
999 1228 1157 1284 positiS,
1181 1228 1357 1268 navibus
1385 1227 1473 1283 ipse
1503 1241 1601 1267 cum

200 1287 460 1344 principibus
496 1286 748 1328 Aetolorum
782 1286 989 1343 Euripum
1027 1285 1202 1335 traiecit,
1235 1294 1290 1335 et,
1323 1299 1456 1341 quum
1487 1283 1601 1325 haud

199 1344 346 1401 procul
366 1353 491 1401 portu
513 1360 701 1401 egressus
722 1353 843 1395 esset,
867 1344 1132 1401 magistratus
1153 1359 1323 1400 quoque
1345 1341 1602 1383 Chalciden-

200 1403 309 1444 sium
331 1412 373 1444 et
393 1403 604 1459 principes
625 1411 721 1444 ante
742 1411 905 1458 portam
934 1410 1237 1459 processerunt.
1301 1400 1432 1441 Pauci
1454 1399 1603 1440 utrim-

201 1476 284 1516 que
306 1460 359 1502 ad
381 1460 638 1516 colloquium
660 1460 871 1517 congressi
893 1469 1001 1501 sunt.
1066 1459 1210 1501 Aetoli
1232 1473 1487 1515 magnopere
1509 1472 1603 1498 sua-

202 1518 315 1569 dere,
340 1524 423 1568 ‘ut,
447 1518 557 1559 salva
583 1518 873 1559 Romanorum
904 1518 1100 1567 amicitia,
1123 1532 1266 1574 regem
1296 1532 1466 1573 quoque
1489 1531 1602 1557 assu-

204 1581 217 1600 ‘
229 1585 393 1618 merent
406 1576 565 1617 socium
583 1585 709 1632 atque
727 1576 920 1617 amicum.
976 1575 1131 1632 Neque
1145 1575 1258 1616 enim
1278 1590 1375 1616 eum
1393 1573 1602 1615 inferendi

205 1639 217 1658 ‘
229 1634 341 1683 belli,
360 1634 432 1675 sed
450 1633 690 1675 liberandae
708 1634 911 1675 Graeciae
929 1649 1053 1675 causa
1072 1634 1117 1674 in
1141 1633 1353 1689 Europam
1372 1632 1600 1681 traiecisse3

205 1697 218 1716 ‘
233 1701 276 1733 et
295 1691 534 1733 liberandae
557 1707 613 1742 re,
636 1707 722 1733 non
745 1692 880 1734 verbis
902 1701 944 1733 et
968 1691 1248 1740 simulatione,
1272 1690 1387 1747 quod
1409 1690 1605 1731 fecissent

206 1755 218 1774 ‘
235 1749 430 1791 Romani.
496 1749 617 1791 Nihil
648 1760 789 1792 autem
820 1749 964 1791 utilius
998 1749 1202 1791 Graeciae
1234 1749 1470 1790 civitatibus
1501 1763 1604 1797 esse,

206 1813 219 1832 ‘
234 1823 361 1864 quam
384 1817 605 1864 utramque
633 1808 857 1864 complecti
886 1808 1124 1849 amicitiam.
1188 1807 1255 1848 Ita
1281 1806 1393 1848 enim
1422 1806 1473 1847 ab
1502 1806 1607 1846 utri-

206 1871 367 1922 ‘usque
396 1866 549 1907 iniuria
579 1874 713 1907 tutam
744 1865 913 1907 alterius
944 1881 1109 1922 semper
1138 1865 1346 1921 praesidio
1377 1873 1419 1905 et
1450 1864 1608 1905 fiducia

207 1924 333 1965 ‘fore.
405 1923 517 1964 Nam
559 1924 593 1964 si
633 1939 720 1965 non
760 1924 1017 1980 recepissent
1056 1938 1212 1979 regem,
1254 1922 1459 1972 viderent,
1501 1921 1603 1978 quid

208 1981 479 2037 ‘patiendum
506 1981 556 2021 iis
587 1981 801 2037 extemplo
831 1982 951 2031 foret,
981 1996 1113 2037 quum
1142 1981 1430 2021 Romanorum
1459 1978 1606 2036 procul

209 2039 450 2088 ‘auxilium,
473 2039 603 2080 hostis
632 2039 883 2088 Antiochus,
907 2039 973 2080 cui
1006 2039 1195 2079 resistere
1224 2038 1380 2079 viribus
1408 2038 1492 2078 suis
1519 2052 1607 2078 non

210 2102 419 2152 ζΡο55οηϊ,
455 2105 551 2137 ante
587 2105 726 2152 portas
759 2097 892 2137 esset.⁹
955 2095 1025 2137 Ad
1058 2096 1162 2137 haec
1204 2095 1368 2145 Mictio,
1406 2110 1516 2136 unus
1551 2108 1605 2136 ex

208 2154 481 2210 principibus,
513 2154 687 2194 ‘Mirari
719 2155 788 2204 se,’
809 2154 929 2203 dixit,
950 2154 1026 2194 ‘ad
1056 2168 1161 2210 quos
1185 2153 1423 2194 liberandos
1452 2152 1607 2194 Antio-

210 2212 349 2261 ‘chus,
373 2211 519 2253 relicto
548 2227 677 2268 regno
699 2227 787 2261 suo,
811 2212 854 2252 in
885 2211 1097 2267 Europam
1127 2211 1366 2252 traiecisset.
1431 2210 1606 2251 Nullam

211 2270 352 2310 ‘enim
374 2269 586 2310 civitatem
615 2285 657 2311 se
688 2270 730 2310 in
757 2269 936 2310 Graecia
956 2284 1090 2319 nosse,
1114 2284 1221 2325 quae
1251 2278 1323 2309 aut
1351 2268 1605 2324 praesidium

210 2327 401 2376 ‘habeat,
425 2336 495 2369 aut
524 2328 781 2384 stipendium
813 2327 1017 2368 Romanis
1045 2326 1216 2383 pendat,
1239 2336 1310 2368 aut
1330 2326 1498 2367 foedere
1527 2326 1607 2366 ini-

210 2391 320 2441 ‘quo
352 2385 529 2442 alligata,
563 2401 666 2441 quas
697 2385 815 2435 nolit,
848 2385 962 2441 leges
993 2385 1186 2441 patiatur.
1250 2384 1399 2440 Itaque
1435 2383 1607 2425 Chalci-

211 2443 386 2484 ‘denses
421 2459 560 2499 neque
594 2443 760 2484 vindice
794 2443 995 2484 libertatis
1031 2443 1117 2483 ullo
1150 2457 1286 2498 egere,
1322 2457 1454 2498 quum
1486 2441 1607 2483 liberi

211 2501 333 2549 ‘sint,
364 2516 503 2557 neque
535 2501 754 2557 praesidio,
782 2517 914 2557 quum
940 2515 1086 2557 pacem
1120 2500 1308 2541 eiusdem
1340 2499 1485 2556 populi
1519 2499 1608 2540 Ro-

213 2558 353 2598 ‘mani
383 2559 590 2600 beneficio
622 2568 664 2600 ct
694 2558 928 2600 libertatem
961 2559 1154 2600 habeant.
1218 2558 1463 2599 Amicitiam
1497 2558 1607 2613 regis

213 2621 322 2655 ‘non
359 2617 581 2671 aspernari,
616 2632 755 2673 neque
792 2617 978 2673 ipsorum
1017 2616 1278 2657 Aetolorum.
1342 2615 1393 2656 Id
1423 2615 1606 2671 primum

214 2679 224 2696 ‘
242 2688 312 2713 eos
333 2688 408 2728 pro
436 2674 578 2715 amieis
605 2674 799 2724 facturos,
822 2675 855 2715 si
885 2674 1020 2715 insula
1040 2674 1262 2723 excedant,
1285 2682 1410 2729 atque
1440 2674 1603 2714 abeant.

180 2745 200 2771 4
214 2736 225 2755 ⁶
243 2729 355 2771 Nam
378 2731 476 2786 ipsis
496 2740 656 2773 certum
680 2747 782 2781 esse,
803 2747 890 2773 non
912 2732 1038 2773 modo
1060 2747 1144 2773 non
1166 2731 1350 2787 recipere
1373 2731 1606 2779 moenibus,

257 2899 275 2924 4
300 2889 373 2917 Non
406 2887 492 2916 mado
524 2887 604 2924 non]
639 2887 784 2917 Alterum
814 2898 889 2923 nrm,
933 2889 1013 2919 dem.
1030 2885 1082 2917 hic
1098 2887 1228 2917 additur
1243 2890 1277 2916 ut
1295 2896 1380 2925 supr.
1401 2896 1426 2916 r.
1445 2894 1494 2921 42.

215 2930 300 2969 quod
318 2929 422 2959 omitti
444 2929 522 2959 solet
540 2933 694 2968 sequente
716 2941 755 2961 nc
772 2954 778 2960 .
797 2953 803 2960 .
820 2932 888 2970 qui-
