1960 3218
383 149 466 189 294
895 147 1044 189 TITI
1085 147 1150 189 LI
1165 147 1262 190 VII

180 243 224 276 U.
241 244 279 275 C.
303 242 374 283 562.
387 238 477 279 sine
500 237 685 279 tumultu
706 237 919 279 traiecere.
966 238 1029 279 Ea
1045 253 1143 280 vero
1164 253 1230 280 res
1249 238 1452 279 Romanis
1473 238 1590 280 auxit
1607 239 1781 289 animos,

179 287 219 318 A.
243 287 282 319 C.
308 296 376 328 190.

242 699 309 737 34.

179 753 321 794 Legatus

178 797 334 828 Antiochi

178 839 219 869 de
234 849 325 879 pace.

178 1169 281 1200 Filius
294 1168 377 1200 Afri-

178 1213 249 1243 cani
267 1213 366 1253 capti—

178 1266 236 1286 vus
252 1257 341 1295 apud

177 1298 292 1329 Antio-

178 1341 287 1373 chum.

243 2029 310 2069 35.

179 2085 293 2124 Legati
310 2096 377 2116 ora-

179 2128 224 2158 tio
235 2128 275 2158 de
286 2139 374 2168 pace.

389 310 632 337 concessum
664 295 743 336 sibi
771 296 943 336 transire
969 295 1238 337 cernentibus
1263 296 1306 336 in
1330 296 1503 345 Asiam3
1537 311 1664 352 quam
1693 312 1783 338 rem

389 353 531 409 magni
552 353 791 394 certaminis
815 353 998 394 futuram
1024 353 1300 394 crediderant.
1366 353 1525 395 Stativa
1550 353 1704 395 deinde
1730 353 1784 395 ad

391 410 718 468 Hellespontum
770 410 1029 467 aliquamdiu
1078 411 1328 461 habuerunt,
1376 412 1475 467 quia
1525 411 1615 452 dies
1663 411 1782 461 forte,

389 469 542 525 quibus
563 468 714 510 ancilia
734 477 969 518 moventur,
986 468 1168 525 religiosi
1185 468 1238 509 ad
1259 469 1338 510 iter
1359 469 1604 510 inciderant.
1648 468 1784 509 Iidem
1798 460 1815 524 ζ

390 527 479 568 dies
517 527 564 568 P.
596 526 835 582 Scipionem
870 526 1063 582 propiore
1100 526 1223 567 etiam
1262 526 1477 581 religione,
1512 527 1612 582 quia
1651 526 1785 567 Salius

391 594 491 634 erat,
514 585 806 625 disiunxerant
838 585 889 625 ab
912 584 1127 625 exercitu:
1161 599 1368 640 causaque
1398 593 1440 625 et
1467 584 1501 625 is
1530 585 1616 640 ipse
1645 598 1817 629 morae3

389 652 490 691 erat,
513 643 615 683 dum
636 650 973 698 consequeretur.

448 700 532 741 Per
557 716 627 741 eos
652 700 756 741 forte
779 700 868 740 dies
894 699 1054 754 legatus
1083 699 1134 739 ab
1158 698 1372 740 Antiocho
1394 699 1438 740 in
1460 709 1593 741 castra
1613 708 1787 741 venerat

391 757 620 815 Byzantius
656 757 916 806 Heraclides,
952 756 1004 797 de
1042 771 1143 812 pace
1180 757 1356 798 afferens
1393 757 1613 798 mandata:
1659 772 1787 813 quam

389 815 696 871 impetrabilem
729 815 829 864 fore,
853 829 1047 869 magnam
1079 814 1117 854 ei
1149 828 1265 869 spem
1297 814 1436 855 attulit
1466 830 1582 856 mora
1611 823 1653 856 et
1683 830 1788 856 cun-

391 874 518 914 ctatio
553 873 869 921 Romanorum3
904 887 1021 927 quos,
1051 871 1175 911 simul
1201 870 1345 912 Asiam
1376 872 1622 928 attigissent,
1655 873 1787 913 effuso

390 931 557 986 agmine
589 931 642 971 ad
673 939 805 972 castra
836 930 951 985 regia
981 929 1111 970 ituros
1144 928 1390 971 crediderat.
1457 929 1611 971 Statuit
1645 938 1787 971 tamen

390 1003 476 1029 non
499 989 612 1044 prius
634 988 748 1029 adire
770 987 998 1036 consulem,
1018 1001 1144 1043 quam
1167 986 1213 1027 P.
1235 985 1498 1043 Scipionem:
1530 997 1572 1028 et
1592 987 1650 1028 ita
1670 1002 1789 1028 man-

390 1046 535 1087 datum
558 1047 610 1087 ab
631 1061 729 1101 rege
751 1054 851 1087 erat.
915 1044 966 1085 In
991 1060 1042 1085 eo
1067 1044 1293 1085 maximam
1315 1059 1433 1101 spem
1454 1045 1646 1094 habebat,
1668 1060 1788 1101 prae-

390 1112 581 1159 terquam
605 1103 721 1160 quod
749 1112 792 1144 et
821 1102 1068 1159 magnitudo
1096 1101 1226 1143 animi
1254 1110 1297 1143 et
1324 1102 1491 1144 satietas
1514 1102 1670 1159 gloriae
1699 1102 1788 1159 pla-

390 1162 565 1203 cabilem
599 1177 697 1203 eum
729 1161 910 1202 maxime
946 1160 1150 1208 faciebat3
1190 1168 1422 1216 notumque
1457 1170 1545 1202 erat
1574 1160 1785 1217 gentibus,

390 1219 464 1275 qui
495 1220 628 1261 victor
660 1219 727 1261 ille
762 1219 805 1259 in
838 1217 1057 1274 Hispania,
1081 1217 1154 1273 qui
1186 1217 1341 1259 deinde
1373 1218 1416 1258 in
1439 1218 1585 1260 Africa
1614 1218 1821 1259 fuissetz4

390 1277 518 1318 etiam
547 1277 662 1334 quod
692 1276 803 1317 filius
835 1276 924 1317 eius
957 1284 1103 1331 captus
1136 1275 1180 1315 in
1211 1284 1416 1331 potestate
1445 1276 1554 1331 regis
1585 1284 1683 1318 erat.
1745 1275 1818 1322 Is5

390 1335 475 1385 ubi,
499 1344 541 1376 et
563 1334 747 1390 quando,
771 1342 813 1375 et
834 1349 919 1389 quo
947 1348 1045 1374 casu
1073 1342 1218 1388 captus
1246 1333 1309 1382 sit,
1333 1333 1440 1374 sicut
1464 1334 1664 1389 pleraque
1693 1333 1786 1383 alia,

389 1408 537 1449 parum
561 1393 672 1433 inter
694 1400 884 1433 auctores
905 1399 1078 1432 constat.
1138 1390 1225 1431 Alii
1247 1391 1455 1446 principio
1477 1391 1588 1441 belli,
1612 1406 1636 1432 a
1659 1390 1788 1432 Chal-

390 1451 484 1492 cide
524 1449 684 1492 Oreum
720 1458 948 1506 petentem,
986 1449 1319 1489 circumventum
1361 1449 1412 1489 ab
1449 1449 1572 1504 regiis
1613 1448 1788 1490 navibus

390 1508 585 1549 tradunt:
618 1508 700 1557 alii,
718 1515 941 1563 postquam
966 1506 1184 1548 transitum
1207 1506 1251 1547 in
1268 1506 1416 1547 Asiam
1438 1515 1512 1555 est,
1531 1521 1628 1548 cum
1651 1515 1789 1547 turma

391 1565 639 1621 Fregellana
678 1566 850 1606 missum
896 1564 1159 1620 exploratum
1206 1563 1259 1604 ad
1304 1564 1419 1620 regia
1463 1572 1608 1613 castra,
1655 1564 1787 1605 effuso

390 1624 555 1664 obviam
587 1623 792 1679 equitatu,
816 1637 948 1677 quum
980 1621 1185 1677 reciperet
1215 1636 1316 1671 sese,
1343 1622 1387 1662 in
1419 1637 1469 1662 eo
1498 1621 1682 1663 tumultu
1714 1621 1789 1662 de-

390 1680 552 1737 lapsum
578 1696 631 1723 ex
657 1696 782 1736 equo,
805 1695 901 1720 cum
927 1679 1091 1720 duobus
1118 1679 1331 1735 equitibus
1357 1694 1615 1735 oppressum,
1646 1679 1704 1720 ita
1733 1678 1788 1719 ad

389 1754 531 1795 regem
568 1738 800 1779 deductum
841 1753 940 1778 esse.
1005 1736 1117 1777 Illud
1153 1737 1249 1777 satis
1284 1746 1459 1787 constat,
1498 1737 1531 1777 si
1566 1752 1649 1793 pax
1690 1751 1787 1777 cum

389 1797 546 1852 populo
571 1797 763 1837 Romano
786 1804 985 1843 maneret,
1009 1794 1323 1850 hospitiumque
1354 1794 1547 1850 privatim
1574 1794 1661 1850 regi
1690 1809 1787 1835 cum

393 1853 660 1910 Scipionibus
681 1862 801 1902 essct,
824 1868 963 1908 neque
987 1851 1210 1900 liberalius,
1234 1867 1372 1907 neque
1396 1852 1617 1907 benignius
1642 1851 1787 1893 haberi

390 1911 556 1967 colique
579 1911 904 1959 adolescentem,
928 1925 1054 1965 quam
1076 1909 1213 1950 cultus
1235 1918 1309 1959 est,
1332 1909 1527 1966 potuisse.
1594 1908 1662 1950 Ob
1684 1909 1786 1950 haec

390 1984 522 2024 quum
556 1969 785 2010 adventum
817 1968 864 2009 P.
893 1967 1100 2023 Scipionis
1133 1966 1294 2023 legatus
1327 1976 1620 2023 exspectasset,
1648 1967 1720 2008 ubi
1753 1966 1788 2007 is

390 2027 518 2076 venit,
545 2026 760 2068 consulem
792 2026 892 2075 adit,
918 2025 1123 2081 petitque,
1152 2033 1198 2065 ut
1228 2025 1425 2066 mandata
1455 2025 1630 2066 audiret.
1696 2024 1787 2065 Ad-

390 2094 537 2126 vocato
574 2084 785 2140 frequenti
821 2083 1007 2132 eonsilio,
1046 2082 1171 2138 legati
1212 2083 1337 2123 verba
1377 2093 1475 2123 sunt
1514 2082 1667 2123 audita.
1730 2081 1785 2131 Is,

391 2141 571 2183 ‘Multis
604 2152 700 2183 ante
734 2141 1013 2197 legationibus
1049 2139 1333 2195 nequicquam
1370 2140 1479 2181 ultro
1510 2140 1700 2196 citroque
1732 2139 1785 2180 de

390 2205 519 2255 ‘pace
555 2200 701 2249 missis,
737 2215 829 2240 eam
867 2199 998 2254 ipsam
1031 2198 1229 2238 fiduciam
1267 2198 1520 2253 impetrandi
1557 2198 1634 2238 sibi
1671 2196 1786 2245 esse,'

389 2257 508 2307 dixit,
544 2257 685 2313 ‘quod
714 2257 874 2313 priores
902 2256 1029 2312 legati
1057 2255 1163 2295 nihil
1194 2256 1496 2310 impetrassent.
1562 2254 1784 2310 Smyrnam

390 2320 401 2339 ‘
418 2315 543 2363 enim,
567 2323 609 2355 et
631 2315 925 2370 Lampsacum,
949 2322 992 2354 et
1014 2312 1319 2353 Alexandriani
1346 2312 1570 2360 Troadem,
1594 2320 1636 2352 et
1661 2310 1784 2366 Lysi-

390 2378 400 2398 ‘
418 2373 624 2413 machiam
646 2373 689 2412 in
714 2372 896 2427 Europa,
920 2371 1090 2411 iaetatas
1115 2370 1158 2410 in
1185 2369 1264 2410 illis
1285 2369 1658 2425 disceptationibus
1680 2383 1781 2409 esse.

391 2429 613 2478 ‘Quarum
656 2429 926 2486 Lysimachia
969 2428 1052 2470 iam
1094 2427 1262 2468 cessisse
1306 2441 1460 2482 regem,
1503 2441 1555 2467 ne
1593 2425 1694 2482 quid
1739 2425 1784 2466 in

435 2584 444 2603 ι
473 2575 596 2610 Quibus
619 2575 739 2603 ancilia
761 2572 942 2612 mot-entur]
981 2572 1062 2608 Qui·
1108 2573 1190 2609 loco,
1207 2571 1238 2602 in
1256 2582 1319 2610 quo
1336 2576 1438 2608 erant,
1454 2572 1625 2602 discedere.
1674 2571 1783 2611 Scipio

388 2617 445 2646 bus
466 2616 543 2647 Salii
567 2616 685 2645 ancilia
709 2617 847 2646 ferentes
870 2625 926 2654 per
950 2616 1061 2645 urbem
1107 2620 1214 2644 autem
1239 2615 1344 2644 adhuc
1367 2614 1399 2644 in
1426 2615 1557 2654 Europa
1580 2618 1658 2652 crat,
1682 2623 1782 2654 quum

386 2663 464 2689 eunt
492 2669 564 2688 cuin
596 2657 744 2697 tripudiis
770 2658 972 2696 sollemnique
1002 2658 1062 2687 sal-
1107 2657 1175 2686 dies
1190 2657 1236 2687 illi
1255 2657 1449 2688 incidissent.
1475 2657 1614 2687 DUKER.

386 2702 517 2732 tatione.
543 2701 582 2732 cf.
599 2711 684 2739 supr.
703 2700 721 2730 i.
741 2710 788 2730 πο.
813 2700 919 2730 Οηιῑν.
1150 2711 1168 2737 4
1193 2701 1256 2736 Qui
1275 2699 1389 2739 victor]
1419 2700 1561 2735 Qualem
1579 2710 1611 2729 se
1628 2699 1782 2739 praebue·

431 2754 446 2774 2
470 2742 637 2783 Reliyiosi]
658 2742 788 2778 Quibus
804 2753 860 2781 per
875 2741 1062 2781 religionem
1107 2746 1164 2772 rat.

385 2798 448 2816 non
478 2786 553 2817 licet
579 2785 639 2816 iter
663 2786 780 2815 tacere.
813 2785 852 2815 cf.
869 2794 955 2823 supr.
974 2784 1013 2815 vi.
1035 2793 1060 2816 1.
1149 2793 1165 2822 5
1184 2785 1293 2814 Elium
1307 2784 1407 2824 quod]
1425 2785 1498 2815 Hoc
1511 2784 1683 2824 respondet
1696 2783 1782 2813 clau-

384 2830 491 2860 Cum.
1105 2827 1194 2856 sulae
1233 2827 1450 2866 praecedenti,
1480 2829 1514 2858 in
1543 2838 1578 2858 eo
1609 2827 1782 2857 mavimam

428 2881 444 2910 3
470 2873 710 2902 Dis-iunxerant
731 2871 769 2900 ab
792 2870 952 2907 exercitu]
994 2869 1058 2899 Sci-
1103 2880 1187 2909 spem
1205 2870 1349 2902 habebat.

384 2914 457 2947 licet
484 2925 547 2944 non
575 2913 692 2944 licebat
716 2912 810 2943 Saliis
837 2922 893 2951 per
916 2922 970 2942 eos
993 2911 1060 2941 dies
