1960 3218
625 122 750 164 LIB.
785 120 880 162 XL.
929 120 1076 163 CAP.
1109 125 1176 163 34.
1281 116 1285 117 ⁷
1518 124 1600 163 461

210 214 428 269 sexaginta
452 213 549 255 duo.
615 212 701 261 Qui
733 212 858 268 palati
888 227 910 253 e
938 212 1037 268 fuga
1060 213 1231 254 domum
1261 227 1303 252 se
1331 211 1602 267 recipiebant,
1618 225 1663 257 U.
1679 225 1719 256 C.
1741 233 1815 265 571·

210 272 387 314 alterum
408 286 560 328 agmen
584 270 893 311 Celtiberorum
914 271 1188 320 venientium,
1206 269 1465 311 deditionem
1487 269 1604 311 Con·
1620 269 1658 299 A.
1682 269 1728 300 C.
1746 269 1816 299 181.

210 330 367 373 trebiae
389 339 431 371 et
451 344 568 370 suam
593 327 755 369 cladem
783 328 1003 377 narrando,
1026 336 1292 369 averterunt:
1325 327 1538 384 extemplo
1559 328 1601 368 in

211 388 324 430 vicos
344 386 595 442 castellaque
624 401 698 426 sua
725 401 870 427 omnes
890 385 1050 441 dilapsi.
1114 385 1299 434 Flaccus,
1324 400 1349 426 a
1372 384 1606 427 Contrebia

211 446 434 503 profectuS,
465 459 540 500 per
573 443 846 485 Celtiberiam
882 443 1205 499 populabundus
1237 443 1355 483 dueit
1389 442 1602 498 legiones:

213 503 346 545 multa
361 501 528 544 castella
545 502 814 558 expugnavit,
829 501 966 542 donec
983 501 1165 542 maxima
1181 516 1274 556 pars
1294 499 1604 542 Celtiberorum

212 562 258 602 in
278 560 539 602 deditionem
559 559 685 601 venit.
750 558 870 600 Haec
898 559 942 599 in
970 559 1160 600 citeriore
1186 557 1391 614 Hispania
1417 573 1467 599 eo
1495 574 1606 600 anno
1683 563 1750 600 34.

212 627 340 675 gesta.
403 617 460 658 Et
492 619 537 658 in
569 617 778 667 ulteriore,
814 616 1001 658 Manlius
1032 625 1201 673 praetor
1232 615 1418 657 secunda
1448 615 1607 672 aliquot
1621 618 1771 666 Aquileia

214 676 374 733 proelia
395 691 491 716 cum
513 675 727 716 Lusitanis
743 675 853 716 fecit.
1620 662 1757 692 ⁰⁰¹⁰¹¹¹³·

182 754 203 782 4
273 733 474 789 Aquileia
501 733 665 774 colonia
692 732 846 773 Latina
873 732 1023 773 eodem
1051 747 1162 774 anno
1190 732 1234 773 in
1265 747 1363 788 agro
1388 731 1607 774 Gallorum

215 800 278 834 est
316 791 510 833 deducta.
574 791 675 832 Tria
714 790 844 832 millia
883 790 1073 846 peditum
1115 790 1416 847 quinquagena
1450 790 1608 846 iugera,

215 849 484 891 centuriones
524 857 714 898 centena,
757 857 935 889 centena
974 848 1243 904 quadragena
1282 850 1446 905 equites
1492 863 1610 889 acce-

215 918 381 964 perunt.
444 907 484 948 T
487 907 628 947 resviri
648 906 931 956 deduxerunt,
957 905 1005 946 P.
1030 905 1253 947 Cornelius
1277 905 1418 963 Scipio
1441 905 1608 955 Nasica,

219 965 269 1007 C.
289 964 532 1014 Flaminius,
559 964 609 1005 L.
629 964 818 1005 Manlius
839 963 1059 1005 Acidinus.
1123 963 1266 1005 Aedes
1288 964 1395 1006 duae
1424 980 1474 1005 eo
1500 979 1611 1004 anno

215 1023 432 1064 dedicatae
469 1031 592 1063 sunt:
641 1037 726 1063 una
760 1021 940 1063 Veneris
977 1021 1185 1079 Erycinae
1222 1021 1275 1063 ad
1310 1031 1474 1079 portam
1512 1021 1613 1063 Col-

214 1080 371 1122 linam:
405 1080 615 1122 dedicavit
641 1079 690 1121 L.
710 1080 884 1121 Porcius
909 1079 958 1120 L.
978 1078 1024 1120 F.
1044 1079 1219 1121 Licinus
1239 1079 1462 1121 duumvir:
1496 1080 1614 1135 (vota

216 1147 305 1180 erat
331 1139 384 1180 ab
414 1137 584 1179 consule
616 1138 666 1179 L.
685 1137 849 1187 Porcio,
877 1136 1100 1193 Ligustino
1122 1137 1267 1190 bello.)
1292 1137 1433 1187 altera,
1457 1138 1501 1178 in
1522 1137 1613 1178 foro

218 1196 396 1246 olitorio,
426 1195 613 1237 Pietatis.
678 1195 785 1236 Eam
810 1194 959 1236 aedem
987 1195 1197 1236 dedicavit
1224 1195 1298 1237 Μ’.
1316 1196 1480 1237 Acilius
1511 1194 1614 1236 Gla-

187 1254 308 1300 5bri0
339 1253 559 1295 duumvir:
595 1262 861 1308 statuamque
893 1262 1093 1301 auratam,
1121 1268 1228 1309 quae
1259 1254 1394 1309 prima
1424 1252 1612 1294 omnium
1627 1261 1737 1292 Prima
1751 1273 1807 1293 au-

186 1312 263 1355 6in
284 1311 407 1353 Italia
431 1320 567 1352 statua
592 1320 737 1352 aurata
764 1320 839 1359 est,
861 1310 971 1366 patri
995 1310 1215 1351 Glabrioni
1236 1311 1387 1367 posuit.
1450 1310 1492 1351 Is
1513 1319 1613 1359 erat,
1626 1309 1695 1335 rata
1707 1309 1824 1336 statua.

218 1369 292 1426 qui
323 1369 411 1425 ipse
443 1371 536 1410 eam
567 1368 716 1409 aedem
741 1376 922 1417 voverat,
945 1383 1029 1424 quo
1055 1367 1124 1409 die
1153 1383 1249 1409 cum
1278 1384 1376 1425 rege
1399 1368 1614 1410 Antiocho

217 1426 272 1469 ad
305 1425 612 1482 Thermopylas
644 1426 950 1482 depugnasset:
991 1425 1283 1482 locaveratque
1317 1426 1431 1468 idem
1465 1441 1520 1468 ex
1551 1441 1616 1467 se-

217 1483 544 1526 natusconsulto.

276 1542 360 1583 Per
394 1541 564 1582 eosdem
595 1540 697 1590 dies,
724 1540 877 1596 quibus
907 1540 987 1581 hae
1019 1540 1143 1581 aedes
1173 1540 1391 1583 dedicatae
1419 1550 1530 1591 sunt,
1559 1540 1609 1582 L.
1625 1549 1827 1590 Triumphus

220 1599 429 1641 Aemilius
457 1598 629 1639 Paullus
655 1597 878 1654 proconsul
899 1613 951 1638 ex
980 1597 1208 1654 Liguribus
1236 1598 1437 1655 Ingaunis
1465 1599 1612 1640 trium·
1625 1593 1808 1666 ΙῙς-ΑΙῨῘΠῙῙῙῙ

219 1657 376 1713 phavit.
439 1655 672 1697 Transtulit
691 1670 864 1696 coronas
891 1670 1034 1697 aureas
1055 1656 1243 1712 quinque
1266 1666 1308 1698 et
1327 1657 1498 1713 viginti:
1533 1672 1612 1698 nec
1651 1647 1691 1666 ‘²¹¹
1721 1646 1740 1667 ¹‘

219 1723 436 1771 praeterea
455 1714 682 1770 quicquam
710 1713 799 1754 auri
821 1713 1067 1770 argentique
1090 1714 1134 1754 in
1161 1729 1211 1755 eo
1233 1715 1446 1771 triumpho
1467 1714 1610 1756 latum.

224 1772 396 1828 Captivi
412 1771 535 1812 multi
551 1771 762 1827 principes
778 1770 986 1827 Ligurum
1002 1780 1099 1812 ante
1113 1787 1282 1813 currum
1299 1773 1426 1814 ducti.
1491 1773 1614 1814 Aeris

221 1840 412 1872 trecenos
439 1829 640 1870 militibus
661 1829 812 1870 divisit.
877 1828 1105 1870 Auxerunt
1125 1829 1214 1870 eius
1239 1830 1441 1886 triumphi
1462 1830 1614 1871 famam
1629 1841 1745 1873 Pacem
1764 1852 1817 1882 pe-

220 1887 348 1945 legati
370 1887 589 1943 Ligurum,
607 1901 755 1943 pacem
771 1895 1017 1943 perpetuam
1040 1897 1228 1929 orantes:
1264 1889 1347 1929 ‘ita
1366 1889 1411 1928 in
1427 1888 1615 1929 animum
1628 1889 1702 1945 tunt
1720 1886 1814 1925 Ligu-

223 1945 467 1987 ‘induxisse
490 1944 696 2001 Ligurum
727 1953 911 2001 gentem,
935 1944 1051 1985 nulla
1071 1961 1260 2001 unquam
1289 1961 1414 1996 arma,
1437 1946 1517 1986 nisi
1538 1946 1617 1987 im·
1629 1938 1686 1959 ωδ·

223 2009 392 2060 ‘perata
431 2018 455 2043 a
493 2002 650 2059 populo
693 2002 900 2051 Romano,
937 2003 1127 2044 sumere.’
1188 2003 1455 2060 Responsum
1498 2019 1522 2045 a
1560 2004 1614 2052 Q.

222 2061 352 2103 Fabio
387 2069 576 2116 praetore
608 2069 670 2101 est
703 2059 929 2116 Liguribus
958 2060 1072 2101 iussu
1103 2070 1295 2102 senatus:
1341 2061 1616 2103 ‘Orationem

225 2124 341 2160 ‘eam
373 2133 457 2159 non
488 2133 640 2159 novam
674 2117 902 2174 Liguribus
933 2132 1044 2159 esse:
1088 2133 1207 2159 mens
1236 2135 1335 2160 vero
1367 2129 1414 2160 ut
1440 2135 1548 2160 nova
1575 2129 1617 2161 et

224 2176 427 2218 ‘orationi
458 2175 712 2217 conveniens
747 2183 867 2225 esset,
901 2175 1086 2231 ipsorum
1116 2176 1160 2217 id
1190 2176 1418 2233 plurimum
1449 2177 1613 2218 referre.

226 2239 237 2258 ⁶
251 2233 324 2274 Ad
345 2233 536 2275 consules
552 2233 674 2283 irent,
693 2240 747 2282 et,
765 2248 873 2288 quae
891 2233 942 2274 ab
959 2234 1009 2274 iis
1024 2234 1228 2290 imperata
1243 2244 1393 2284 essent,
1412 2234 1612 2276 facerent:

225 2291 355 2332 ‘nulli
375 2290 458 2340 alii,
482 2305 608 2346 quam
637 2290 889 2340 consulibus,
911 2301 1102 2333 senatum
1127 2292 1385 2333 crediturum
1408 2307 1509 2342 esse,
1532 2293 1617 2333 sin-

226 2355 345 2390 ‘eera
369 2348 452 2390 fide
484 2349 528 2389 in
558 2363 660 2404 paee
692 2347 870 2406 Ligures
900 2349 1014 2390 esse.’
1073 2349 1163 2390 Pax
1192 2350 1235 2391 in
1264 2350 1492 2406 Liguribus
1522 2351 1612 2392 fuit.

270 2513 289 2539 4
313 2503 354 2532 Ῑη
378 2513 456 2542 [tyro
482 2503 664 2539 Gallorum]
701 2501 801 2531 Hand
829 2511 899 2540 pro-
945 2502 1070 2532 bantur.
1138 2501 1235 2541 Signa
1271 2506 1384 2532 aurata
1428 2502 1491 2533 iam
1529 2513 1615 2543 supr.

230 2545 282 2575 cul
298 2545 445 2575 Venetia.
479 2545 531 2575 Ita
545 2545 650 2575 dictus
666 2548 733 2574 erat
750 2544 900 2583 hicager,
945 2544 1078 2575 xxxviii.
1109 2553 1158 2583 35.
1190 2549 1417 2576 memorantur.
1462 2546 1615 2576 Ceterum

229 2587 305 2627 quia
321 2587 409 2617 Galli
431 2587 637 2626 'l'ransalpini
661 2597 735 2617 eum
763 2597 899 2625 occupa·
947 2587 1130 2617 Gronovius
1153 2598 1210 2627 pro
1232 2592 1340 2618 statua
1365 2593 1484 2618 aurata
1505 2594 1551 2619 est
1571 2589 1615 2618 le-

232 2634 340 2660 verant
378 2639 462 2668 supr.
498 2630 608 2659 xxxix.
641 2639 689 2660 22.
721 2637 753 2659 et
784 2638 833 2667 45.
869 2634 901 2660 et
945 2630 1086 2669 gendum
1104 2635 1226 2660 stalata
1243 2636 1361 2660 aurata
1378 2636 1422 2661 est
1439 2636 1555 2662 censet.

230 2676 343 2713 postea
356 2671 513 2702 Romanis
528 2682 596 2701 sese
612 2672 812 2708 dediderant,
826 2672 902 2703 ibid.
990 2671 1009 2703 6
1033 2674 1066 2702 Is
1081 2674 1167 2710 erat]
1194 2673 1293 2703 Refer
1315 2672 1351 2702 τὸ
1376 2675 1402 2702 is
1425 2674 1465 2702 ad
1492 2678 1613 2712 patrem

232 2723 282 2754 54.
328 2715 434 2744 Voces
456 2715 492 2744 in
515 2725 593 2753 (tyro
615 2725 679 2744 non
703 2715 743 2744 ad
769 2715 903 2745 deducta
948 2715 1232 2753 Glabrionein,cui
1246 2720 1351 2746 statua
1365 2716 1466 2754 positu
1480 2721 1537 2751 cst,
1552 2726 1614 2745 non

231 2763 287 2795 est,
299 2758 354 2787 sed
367 2757 408 2787 ad
418 2757 570 2797 Aquileia
583 2758 704 2787 colonia
717 2757 904 2788 referendae
948 2759 989 2788 ad
1006 2758 1120 2795 filium,
1136 2758 1189 2797 qui
1207 2759 1322 2798 posuit.
1370 2759 1466 2793 Quod
1489 2762 1520 2788 et
1541 2758 1616 2789 satis

231 2804 315 2831 sunt.
947 2805 1037 2839 patet
1062 2811 1100 2830 ex
1126 2800 1202 2840 ipsis
1228 2801 1311 2831 Livii
1337 2801 1449 2837 verbis,
1473 2803 1505 2830 et
1530 2801 1615 2831 clare

276 2851 292 2881 5
322 2844 411 2879 Quae
445 2844 553 2881 prima
590 2842 747 2879 omnium]
796 2843 902 2873 Antea
946 2843 1076 2874 omnino
1095 2843 1286 2883 exprimitur
1301 2854 1320 2873 a
1338 2843 1412 2874 val.
1430 2843 1519 2875 Maur.
1536 2843 1568 2875 ii.
1586 2852 1615 2882 5.

232 2886 363 2925 quidem
385 2895 495 2916 ornnes
518 2895 557 2916 ex
581 2895 653 2915 aere
675 2885 760 2915 nudo
783 2889 900 2916 statue·
946 2886 1052 2917 Ciuzv.
