1960 3218
536 131 664 173 LIB.
697 129 963 171 XXXVIII.
1007 129 1155 172 CAP.
1190 133 1256 172 35.
1516 135 1596 173 351

199 222 387 264 damnati
409 237 567 272 omnes,
590 230 632 263 et
654 221 796 263 traditi
818 229 916 262 sunt
943 220 996 262 ad
1025 220 1290 286 supplicium.
1355 220 1451 263 Hoc
1483 230 1600 263 metu
1618 229 1661 260 U.
1678 229 1716 260 C.
1741 227 1813 268 563·

199 281 368 330 iniecto,
402 279 748 321 Lacedaemoniis
778 279 1030 343 impeiatum
1064 279 1260 334 primum,
1288 288 1334 319 ut
1366 295 1506 320 11111105
1537 280 1601 320 di·
1615 273 1655 303 Α
1678 272 1813 312 C.1S.9

200 348 394 380 ruerent:
431 337 598 386 deinde,
622 345 668 377 ut
690 352 836 377 omnes
857 336 1022 378 exteini
1050 336 1285 385 auxiliares,
1309 337 1382 392 qui
1405 337 1599 378 mercede
1615 373 1641 403 L
1663 318 1747 413 {3342

201 396 315 452 apud
332 406 533 460 tjrannos
552 394 812 443 militassent,
829 404 938 435 terra
955 393 1166 435 Laconica
1187 394 1464 435 excederent:
1494 404 1597 444 tum,
1614 382 1816 446 ὥίῗὲἒῗᾞδ

202 454 277 503 1111,
301 468 408 509 quae
430 452 597 493 servitia
628 452 796 508 tyranni
828 451 1085 501 liberassent,
1108 450 1178 508 (ea
1200 467 1352 508 magna
1374 452 1600 493 multitudo
1615 459 1782 489 cedaemo-

203 512 311 566 erat)
341 519 437 551 ante
471 510 585 551 diem
618 519 771 551 certam
807 509 997 558 abir·ent
1032 509 1105 565 qui
1141 509 1200 550 ibi
1233 510 1495 559 mansissent,
1531 526 1601 551 005
1615 502 1686 533 niis.

202 568 508 634 prehendendi,
532 567 758 616 vendendi,
783 567 1021 608 abducendi
1041 567 1257 608 Achaeis
1247 583 1311 608 1115
1332 576 1451 608 05501.
1516 568 1604 624 Ly-

202 626 320 682 curgi
342 625 455 682 leges
474 641 696 691 moresque
719 626 990 680 abrogaient:
1027 624 1297 666 Achaeorum
1320 637 1604 667 assuescerent

202 683 365 740 legibus
386 684 698 738 institutisque:
730 683 788 724 ita
810 683 933 723 unius
955 698 1025 724 eos
1047 683 1230 738 001ρο115
1251 683 1351 733 fore,
1375 692 1418 724 et
1439 683 1492 724 de
1515 699 1605 724 om—

202 742 326 783 nibus
358 742 480 783 rebus
510 741 672 782 facilius
700 756 986 782 consensuros.
1052 740 1173 781 Nihil
1201 740 1468 782 obedientius
1493 741 1605 782 fece-

171 806 314 849 6runt,
345 814 471 856 quam
503 809 550 840 ut
581 814 721 840 muros
758 798 996 840 diruerent:
1037 814 1115 839 nec
1149 798 1313 855 aegrius
1348 799 1457 854 passi
1493 808 1603 849 sunt,

204 873 331 914 quam
360 857 524 898 exsules
555 856 713 897 reduci.
779 856 1012 897 Decretum
1035 856 1202 912 Tegeae
1225 857 1270 897 in
1291 857 1469 898 concilio
1492 872 1605 898 com-

203 915 322 956 muni
346 915 615 956 Achaeorum
643 914 696 955 de
728 914 998 955 restituendis
1029 914 1079 955 iis
1109 915 1264 955 factum
1288 923 1373 955 est:
1408 924 1463 964 et,
1487 930 1606 956 men-

175 979 191 1012 7
206 973 319 1014 tione
348 972 473 1022 illata,
497 981 693 1013 externos
724 972 945 1013 auxiliares
967 972 1170 1021 dimissos,
1195 981 1236 1013 01
1258 972 1607 1014 Lacedaemoniis

205 1031 403 1086 ascriptos
425 1031 503 1086 (ita
526 1030 638 1071 enim
661 1031 878 1079 vocabant,
902 1030 976 1086 qui
1007 1045 1031 1070 a
1061 1030 1250 1086 tyrannis
1281 1030 1445 1071 liberati
1467 1030 1606 1085 erant)

205 1088 308 1129 urbe
331 1088 568 1137 excessisse,
591 1088 634 1128 in
665 1103 783 1143 agios
809 1087 1013 1144 dilapsos3
1046 1088 1291 1144 pliusquam
1323 1088 1608 1129 dimitteretur

206 1146 428 1196 exercitus,
452 1146 510 1187 110
542 1154 777 1202 praetorem
810 1161 905 1186 cum
937 1146 1159 1210 expeditis,
1183 1154 1225 1187 01
1246 1146 1605 1226 comprehendere

205 1203 251 1244 id
271 1219 404 1259 genus
426 1203 659 1252 hominum,
678 1212 720 1244 et
740 1203 956 1244 vstendeie
947 1219 1035 1244 11110
1058 1203 1237 1260 praedae
1259 1204 1428 1260 placuit.
1475 1203 1607 1245 Μ11111

173 1262 497 1327 Scomprehensi
520 1261 755 1302 venierunt.
819 1261 1014 1302 Porticus
1045 1277 1097 1302 ex
1129 1277 1179 1302 ea
1209 1277 1432 1317 pecunia
1414 1261 1608 1318 Megalo-

205 1318 290 1375 poli
318 1320 521 1375 permissu
544 1318 814 1360 Achaeorum
846 1318 1001 1360 refecta
1029 1328 1104 1368 051,
1129 1334 1255 1374 quam
1279 1319 1608 1360 Lacedaemonii

206 1377 432 1418 diruerant
496 1376 551 1417 Et
581 1391 680 1433 ager
706 1376 960 1426 Belbinates,
984 1391 1111 1432 quem
1144 1377 1297 1418 iniuria
1325 1377 1609 1442 1511311111οΒ3-

206 1434 574 1476 cedaemoniomm
611 1434 896 1490 possederant,
928 1435 1146 1476 restitutus
1182 1434 1322 1476 eidem
1353 1435 1524 1485 civitati,
1555 1450 1608 1476 ex

206 1493 377 1534 decreto
412 1502 553 1534 vetere
591 1492 874 1542 Achaeorum,
913 1492 1028 1548 quod
1068 1492 1225 1533 factum
1266 1501 1367 1542 erat,
1410 1492 1609 1550 Philippo

206 1550 423 1607 Amyntae
455 1550 541 1591 filio
572 1559 786 1606 regnante.
849 1550 934 1591 Per
961 1550 1064 1592 haec
1093 1550 1208 1591 velut
1238 1559 1434 1592 enervata
1464 1551 1609 1592 civitas

207 1607 641 1649 Lacedaemoniorum
664 1608 737 1648 diu
761 1608 944 1649 Achaeis
966 1608 1149 1649 obnoxia
1169 1608 1259 1649 fuit.
1312 1608 1443 1649 Nulla
1464 1618 1604 1650 tamen
1620 1615 1808 1656 Disciplina

207 1681 272 1707 res
306 1675 422 1707 tanto
455 1674 544 1707 erat
576 1666 743 1715 damno,
777 1680 904 1721 quam
939 1665 1162 1721 disciplina
1194 1666 1394 1723 Lycurgi,
1431 1667 1499 1707 cui
1532 1682 1607 1723 per
1621 1659 1762 1733 Lssl‘futsssi

208 1724 495 1780 septingentos
517 1739 648 1764 annos
669 1732 948 1773 assueveiant,
972 1724 1143 1765 sublata.
1619 1713 1676 1733 su>
1693 1713 1711 1733 a
1727 1713 1747 1733 a

267 1784 309 1822 A
337 1781 530 1831 concilio,
554 1781 626 1822 ubi
652 1781 766 1837 apud
796 1781 1011 1822 consulem
1045 1782 1154 1822 inter
1176 1781 1370 1823 Achaeos
1393 1782 1607 1824 Lacedae-
1686 1784 1753 1823 35.

207 1839 456 1895 moniosque
478 1839 759 1895 disceptatum
781 1848 855 1888 est,
880 1838 942 1880 M.
964 1839 1149 1889 Fulvius,
1173 1839 1273 1895 quia
1303 1840 1385 1880 iam
1417 1839 1460 1880 in
1490 1841 1607 1882 exitu
1621 1840 1773 1873 Comitia.

208 1912 342 1938 annus
379 1906 481 1947 erat,
515 1897 781 1938 comitiorum
819 1912 944 1938 causa
979 1897 1191 1953 profectus
1224 1897 1420 1947 Romam,
1453 1899 1610 1940 creavit

208 1955 400 1996 consules
424 1954 485 1996 M.
502 1954 720 1996 Valerium
740 1954 961 1995 Mesallam
985 1963 1027 1996 et
1052 1954 1102 1995 C.
1120 1955 1289 1996 Livium
1316 1955 1607 2007 Salinatorem,

209 2028 341 2069 quum
364 2012 426 2053 M.
448 2012 681 2053 Aemilium
705 2012 918 2068 Lepidum
950 2012 1182 2062 inimicum,
1213 2028 1263 2054 eo
1296 2029 1465 2069 quoque
1498 2029 1610 2056 anno

208 2079 438 2125 petentem,
475 2070 706 2111 deiecisset.
783 2070 1002 2111 Praetores
1039 2070 1138 2111 inde
1176 2071 1303 2112 creati
1344 2071 1396 2119 Q.
1422 2071 1611 2113 Marcius

210 2127 445 2183 Philippus,
465 2127 527 2168 M.
541 2127 746 2168 Claudius
764 2126 1005 2178 Marcellus,
1027 2127 1077 2169 C.
1098 2127 1337 2177 Stertinius,
1358 2129 1406 2170 C.
1425 2129 1609 2180 Atinius,

210 2184 258 2226 P.
280 2184 484 2226 Claudius
506 2184 702 2234 Pulcher,
726 2184 774 2225 L.
794 2184 981 2226 Manlius
1005 2185 1225 2227 Acidinus.
1293 2185 1489 2228 Comitiis
1516 2202 1612 2243 per-

208 2242 340 2293 fectis,
370 2242 586 2284 consulem
616 2242 677 2283 M.
696 2242 889 2283 Fulvium
923 2243 968 2283 in
1001 2244 1260 2299 provinciam
1292 2243 1345 2284 ad
1377 2245 1610 2286 exercitum

208 2300 346 2342 redire
378 2300 558 2357 placuit,
592 2300 716 2356 eique
738 2309 781 2341 et
801 2300 985 2356 collegae
1011 2300 1092 2341 Cn.
1114 2300 1278 2342 Manlio
1309 2301 1533 2358 imperium
1565 2303 1609 2343 in

210 2373 367 2399 annum
386 2367 654 2414 prorogatum
673 2366 746 2399 est.
792 2357 857 2399 Eo
873 2374 984 2399 anno
1003 2358 1046 2398 in
1064 2359 1210 2400 aedem
1228 2358 1426 2400 Herculis
1443 2360 1609 2415 signum

210 2415 279 2457 dei
309 2416 440 2472 ipsius
470 2431 523 2457 ex
555 2416 890 2457 decemvirorum
919 2431 1132 2472 responso,
1156 2426 1198 2458 et
1223 2417 1387 2473 seiuges
1413 2418 1457 2458 in
1478 2394 1612 2474 Capi-

255 2559 274 2591 6
291 2562 395 2598 Quam
405 2566 442 2592 ut
453 2573 558 2593 muros
573 2563 758 2601 diruerent]
784 2563 890 2600 Quos,
935 2562 1094 2602 porticum
1111 2563 1201 2593 illam
1218 2563 1317 2594 fuisse
1336 2568 1445 2595 censet
1463 2565 1610 2595 Draken-

212 2607 365 2642 tanquam
393 2604 523 2643 vestigia
546 2609 755 2645 tyrannorum
782 2606 890 2636 delere
937 2606 1095 2643 bore-hius,
1111 2616 1220 2645 quam,
1238 2604 1432 2646 Μυρόπωλον
1452 2612 1611 2645 vocatam,

213 2646 397 2693 cupiebant.
427 2647 467 2677 cf.
492 2657 578 2686 supr.
600 2648 710 2680 xxxiv.
737 2649 787 2688 38.
818 2649 889 2679 infr.
935 2649 1207 2688 Megalopolitani
1236 2659 1275 2679 ex
1301 2650 1412 2689 spoliis
1438 2651 1609 2690 Spartano-

213 2698 325 2719 xxxix.
344 2697 394 2727 37.
935 2701 1018 2729 rum,
1044 2702 1124 2731 quos
1150 2692 1303 2730 vicerant,
1328 2693 1522 2724 exstruxisse
1548 2698 1610 2723 tra-

260 2739 275 2770 7
312 2732 571 2762 Lacedaemoniis
615 2734 785 2773 ascriptos]
848 2744 891 2765 sc.
937 2734 1059 2764 duntur
1082 2735 1170 2774 apud
1195 2735 1334 2766 Pausan.
1356 2735 1387 2765 in
1408 2736 1524 2767 Aread.
1549 2736 1610 2766 viii.

214 2775 306 2811 Quae
346 2775 480 2805 servitia
524 2777 657 2813 tyranni
695 2777 893 2814 liberassent,
938 2785 987 2815 3ο.
1010 2781 1043 2808 et
1059 2787 1158 2816 quum
1180 2781 1294 2817 postea
1310 2778 1445 2809 victores
1461 2778 1610 2818 Spartani

213 2826 299 2856 supr.
324 2816 433 2847 xxxiv.
459 2816 508 2855 38.
542 2818 581 2848 cf.
608 2818 696 2849 Plut.
722 2818 754 2849 in
780 2819 890 2850 Philo·
934 2819 1025 2850 illam
1056 2819 1239 2858 diruissent,
1269 2831 1355 2851 1111110
1384 2822 1489 2851 denuo
1519 2821 1609 2851 illam

215 2869 321 2899 poem.
340 2870 370 2898 p.
388 2858 459 2897 365.
485 2860 601 2899 Polyb.
618 2860 706 2891 xxiii.
727 2870 774 2893 12.
935 2873 974 2893 ex
993 2872 1103 2892 eorum
1128 2863 1240 2902 spoliis
1255 2874 1274 2894 a
1292 2864 1548 2903 Philopoemene
1564 2873 1609 2894 re-

258 2903 277 2933 8
302 2903 453 2933 Porticus
476 2913 517 2934 ea*
540 2913 578 2934 ea
602 2904 762 2942 pecunia]
794 2904 891 2935 Hunc
935 2905 1052 2936 sectam
1070 2915 1147 2936 esse.
