1960 3218
145 262 188 294 U.
206 262 244 293 C.
269 260 340 302 564.

145 306 185 337 A.
207 306 246 337 C.
272 306 341 336 188.

215 778 281 816 39.

153 1592 221 1623 Res
236 1602 347 1632 regum

152 1639 184 1665 et
201 1636 329 1665 urbium

152 1678 309 1718 composi-

151 1723 214 1752 tae.

349 164 432 204 356
861 159 1010 204 TITI
1053 159 1232 204 LIVII

354 260 366 278 ⁶
380 255 538 296 denum
561 269 780 304 annorum,
803 269 889 295 0611
911 255 1088 295 maiores
1110 255 1288 310 quinum
1310 252 1640 309 quadragenum.
1708 249 1753 292 Si

357 313 455 369 ‘qui
488 312 695 353 sociorum
727 312 873 368 populi
905 312 1089 353 Romani
1121 312 1229 353 ultro
1255 311 1414 353 bellum
1449 310 1631 351 inferent
1660 309 1754 350 An-

358 376 369 394 ‘
384 370 536 419 tiocho,
561 370 645 411 vim
666 370 707 410 vi
728 369 899 411 arcendi
926 370 990 410 ius
1018 379 1130 418 651ος
1166 369 1267 410 dum
1290 385 1343 410 06
1366 382 1492 424 quam
1515 369 1661 408 urbem
1683 374 1755 407 aut

359 428 482 470 ‘belli
503 428 592 468 iure
616 436 769 477 teneat,
788 436 859 468 aut
880 428 923 468 in
945 427 1169 468 amicitiam
1193 427 1380 482 accipiat.
1439 423 1756 466 Controversias

360 486 495 527 ‘inter
510 501 553 526 se
571 485 660 526 iure
678 500 724 526 ac
742 485 897 526 iudicio
914 484 1188 540 disceptanto,
1204 493 1288 533 aut,
1307 484 1339 524 si
1355 483 1542 538 utrisque
1560 481 1754 538 placebit,

360 549 372 567 ‘
386 543 521 584 bello.'
574 543 642 583 De
666 542 907 583 Hannibale
930 543 1090 591 Poeno,
1109 551 1150 582 et
1168 541 1323 582 Aetolo
1341 541 1549 589 Thoante,
1570 548 1611 580 et
1630 538 1757 579 Mna-

359 601 517 642 silocho
541 600 778 650 Acarnane,
802 609 844 640 et
869 599 1219 640 Chalcidensibus
1243 598 1457 639 Eubulida
1487 607 1529 638 et
1560 597 1754 645 Philone,

359 658 581 707 dedendis,
611 658 654 698 in
684 658 763 698 hoc
795 672 964 713 quoque
997 656 1166 697 foedere
1196 656 1422 711 ascriptum
1454 664 1538 696 est:
1573 667 1615 695 et
1641 663 1700 703 ut,
1723 653 1758 694 si

361 716 466 772 quid
496 724 641 772 postea
671 715 783 764 addi,
816 714 942 763 demi,
978 714 1181 754 mutarive
1214 713 1449 768 placuisset,
1485 721 1531 753 ut
1566 712 1610 753 id
1645 711 1757 752 salvo

361 773 529 815 foedere
559 773 689 814 fieret.
756 772 916 813 Consul
950 771 1102 812 iuravit
1137 771 1180 811 in
1218 772 1296 812 hoc
1332 770 1491 811 foedus,
1555 770 1625 810 Ab
1659 784 1757 825 rege

362 832 435 888 qui
465 831 683 886 exigerent
710 829 1014 878 iusiurandum,
1037 828 1212 884 profecti
1238 828 1291 876 Q.
1310 827 1527 868 Minucius
1548 827 1758 868 Thermus

362 898 404 930 et
426 888 475 929 L.
493 887 692 937 Manlius,
717 887 790 943 qui
813 896 902 928 tum
923 887 1029 927 forte
1052 887 1103 927 ab
1123 885 1333 927 Oroandis
1354 885 1490 925 rediit.
1541 884 1598 925 Et
1615 883 1759 932 Q.Fa-

362 947 432 988 bio
455 945 658 995 Labeoni,
682 946 753 1001 qui
784 944 902 985 classi
933 952 1136 1000 praeerat,
1159 943 1336 999 scripsit,
1359 951 1404 983 ut
1426 942 1577 983 Patara
1597 951 1759 983 extem-

362 1004 433 1060 plo
458 1003 816 1059 proficisceretur3
856 1017 1049 1059 quaeque
1079 1001 1137 1042 ibi
1162 1016 1288 1041 naves
1316 1000 1454 1056 regiae
1486 1009 1636 1050 essent,
1659 1015 1760 1041 600-

363 1061 522 1103 cideret
553 1069 852 1116 cremaretquc.
915 1060 1133 1100 Profectus
1161 1059 1211 1099 ab
1239 1058 1422 1115 Epheso,
1453 1058 1762 1114 quinquaginta

364 1128 494 1160 tectas
515 1133 641 1160 naves
663 1127 735 1159 aut
757 1117 954 1167 concidit,
978 1126 1050 1158 aut
1072 1116 1271 1157 incendit.
1335 1116 1374 1156 T
1377 1115 1589 1157 clmissum
1612 1116 1760 1157 eadem

363 1176 649 1233 expeditione,
672 1176 825 1217 territis
853 1175 991 1216 subito
1020 1174 1204 1215 adventu
1229 1174 1369 1215 classis
1389 1173 1622 1230 oppidanis,
1645 1189 1761 1215 rece-

362 1235 436 1291 pit.
502 1234 569 1275 Ex
598 1233 731 1290 Lycia
762 1233 966 1289 protinus,
997 1232 1116 1273 iussis
1148 1232 1199 1273 ab
1232 1232 1402 1288 Epheso
1433 1231 1565 1287 sequi,
1595 1231 1669 1287 qui
1702 1231 1761 1272 ibi

363 1292 498 1333 relicti
534 1301 665 1341 erant,
703 1306 777 1347 per
810 1290 965 1331 insulas
1000 1290 1045 1330 in
1081 1290 1304 1331 Graeciam
1342 1289 1514 1330 traiecit.
1578 1289 1761 1330 Athenis

363 1365 518 1406 paucos
540 1358 724 1390 moratus
745 1349 847 1398 dies,
866 1348 967 1389 dum
991 1348 1210 1388 Piraeeum
1233 1348 1284 1388 ab
1307 1347 1477 1403 Epheso
1498 1362 1624 1388 naves
1644 1347 1761 1388 veni-

364 1417 470 1457 rent,
494 1416 624 1448 totam
646 1407 746 1447 inde
769 1406 941 1447 classem
963 1406 1007 1446 in
1029 1405 1193 1446 Italiam
1215 1405 1395 1446 reduxit.

426 1464 506 1506 Cn.
547 1464 734 1505 Manlius
771 1479 902 1520 quum
939 1463 1050 1504 inter
1084 1471 1234 1513 cetera,
1272 1477 1379 1518 quae
1423 1462 1668 1518 accipienda
1709 1463 1760 1504 ab

365 1522 581 1563 Antiocho
623 1531 755 1571 erant,
793 1521 1038 1577 elephantos
1075 1536 1243 1576 quoque
1286 1521 1525 1576 accepisset,
1563 1520 1760 1576 donoque

365 1580 549 1621 Eumeni
577 1595 722 1621 omnes
751 1579 961 1628 dedissct3
994 1578 1149 1619 deinde
1181 1594 1324 1619 causas
1352 1578 1596 1628 civitatium,
1619 1579 1762 1620 multis

365 1638 476 1679 inter
496 1654 623 1680 novas
644 1653 709 1679 res
731 1637 917 1686 turbatis,
940 1636 1148 1692 cognovit.
1194 1636 1250 1677 Et
1268 1636 1512 1678 Ariarathes
1533 1651 1620 1685 rex,
1642 1645 1761 1692 parte

365 1696 542 1737 dimidia
573 1695 777 1752 pecuniae
812 1695 1053 1750 imperatae,
1090 1693 1295 1735 Eumenis
1329 1694 1548 1743 beneficio,
1584 1694 1652 1734 cui
1687 1693 1762 1735 de-

364 1754 591 1810 sponderat
626 1769 702 1809 per
737 1768 807 1794 eos
838 1752 928 1793 dies
962 1751 1105 1801 filiam,
1139 1751 1322 1801 remissa,
1360 1752 1403 1792 in
1440 1752 1667 1793 amicitiam
1700 1760 1763 1793 est

364 1821 572 1868 acceptus.
639 1810 887 1851 Civitatium
917 1818 1057 1851 autem
1086 1809 1265 1865 cognitis
1293 1809 1439 1858 causis,
1462 1809 1609 1850 decem
1634 1809 1763 1866 legati

364 1869 488 1910 aliam
519 1869 694 1910 aliarum
724 1868 913 1909 fecerunt
945 1866 1244 1908 conditionem.
1311 1867 1433 1915 Quae
1467 1866 1760 1923 stipendiariae

364 1927 453 1983 regi
477 1926 692 1968 Antiocho
720 1926 899 1975 fuerant,
929 1934 971 1966 et
1002 1940 1099 1965 61110
1130 1924 1287 1981 populo
1310 1924 1505 1965 Romano
1533 1934 1761 1975 senserant,

365 1985 415 2025 iis
436 1984 746 2025 immunitatem
769 1983 999 2024 dederunt:
1026 1997 1132 2038 quae
1152 1982 1334 2038 partium
1357 1982 1562 2023 Antiochi
1583 1982 1760 2033 fuerant,

365 2051 438 2083 aut.
467 2041 762 2098 stipendiariae
786 2040 921 2082 Attali
952 2040 1073 2095 regis,
1097 2055 1165 2081 eas
1194 2055 1339 2080 omnes
1366 2039 1545 2096 vectigal
1575 2041 1761 2096 pendere

367 2099 550 2140 Eumeni
572 2100 793 2140 iusserunt.
848 2097 1114 2139 Nominatim
1136 2105 1351 2153 praeterea
1376 2096 1665 2153 Colophoniis,
1688 2098 1794 2155 qui4

365 2157 410 2197 in
432 2156 565 2198 Notio
592 2157 797 2205 habitant,
821 2164 863 2196 61
888 2155 1099 2212 Cymaeis,
1126 2164 1168 2196 et
1189 2155 1423 2212 Mylasenis
1450 2155 1763 2197 immunitatem

365 2222 673 2256 concesserunt.
740 2213 1033 2262 Clazomeniis,
1066 2227 1192 2268 super
1220 2213 1544 2262 immunitatem,
1577 2221 1619 2254 et
1648 2213 1763 2271 Dry-

366 2287 547 2312 mussam
568 2271 746 2312 insulam
769 2271 882 2312 dono
904 2270 1137 2311 dederunt:
1172 2279 1214 2311 et
1235 2269 1427 2319 Milesiis,
1450 2286 1576 2326 quem
1598 2286 1761 2312 sacrum

365 2329 592 2386 appellant,
620 2344 764 2385 agrum
793 2328 1092 2369 restituerunt:
1127 2336 1169 2369 et
1194 2327 1417 2369 Iliensibus
1447 2327 1686 2369 Rhoeteum
1719 2337 1791 2374 et5

369 2387 625 2443 Gergithum
653 2386 922 2435 addiderunt,
951 2401 1037 2427 non
1067 2393 1151 2426 tam
1180 2385 1233 2426 ob
1264 2385 1449 2426 recentia
1481 2385 1565 2426 ulla
1598 2386 1758 2435 merita,

366 2460 494 2500 quam
522 2445 732 2500 originum
756 2444 965 2484 memoria.
1030 2443 1191 2483 Eadem
1216 2451 1258 2483 et
1280 2442 1527 2483 Dardanum
1555 2442 1760 2484 liberandi

366 2517 490 2543 causa
515 2502 605 2542 fuit.
672 2501 804 2542 Chios
832 2516 1016 2557 quoquc,
1047 2509 1089 2541 61
1124 2499 1387 2556 SmyrnanS,
1417 2508 1460 2540 et
1490 2499 1758 2556 ErythranS,

364 2574 440 2614 pro
475 2558 674 2614 singulari
712 2558 809 2607 fide,
844 2573 971 2613 quam
1008 2572 1058 2598 eo
1092 2556 1203 2597 bello
1239 2557 1549 2612 praestiterunt,
1584 2567 1625 2599 ct
1661 2575 1759 2615 agro

365 2616 589 2665 donarunt,
612 2625 654 2656 ct
682 2615 725 2655 in
754 2616 869 2655 omni
897 2614 1122 2670 praecipuo
1151 2613 1308 2654 honore
1335 2614 1582 2656 habuerunt.
1646 2616 1760 2658 Pho-

364 2673 608 2715 caeensibus
629 2681 672 2713 et
692 2687 802 2727 ager,
825 2687 952 2727 quem
974 2680 1070 2712 ante
1092 2670 1248 2712 bellum
1271 2671 1517 2723 habuerant,
1541 2673 1755 2723 redditus,

364 2740 418 2781 ct,
444 2739 490 2772 ut
510 2730 671 2786 legibus
692 2729 876 2785 antiquis
897 2737 1128 2778 uterentur,
1147 2729 1407 2784 permissum.
1455 2731 1634 2772 Rhodiis
1651 2732 1758 2772 affir-

404 2890 423 2917 4
448 2880 511 2916 Qui
532 2880 567 2908 in
589 2879 686 2909 Notio
706 2879 872 2916 habitant]
900 2877 1037 2907 Notium
1083 2881 1146 2914 tur,
1162 2888 1246 2917 supr.
1264 2879 1385 2909 xxxvii.
1405 2878 1453 2910 26.

360 2921 639 2961 Colophoniorum
662 2921 820 2961 oppidum
840 2920 937 2952 fuisse
960 2920 1037 2951 dici-
1127 2930 1143 2959 5
1168 2923 1359 2960 Iliensibus]
1387 2922 1425 2952 cf.
1443 2921 1536 2961 Supr.
1552 2921 1674 2952 xxxvii.
1692 2928 1742 2960 37.
