1960 3218
579 146 706 188 LIB.
740 145 959 187 XXXIV.
1005 145 1152 187 CAP.
1187 150 1254 188 53.
1529 150 1607 191 171

212 238 444 280 civitatium
473 238 585 288 fecit,
614 238 683 279 cui
711 237 823 279 salva
852 237 1161 294 tranquillaque
1193 237 1334 279 onmia
1359 238 1490 295 magis
1520 254 1608 281 esse
1624 246 1668 279 U.
1686 247 1724 278 C.
1747 248 1819 288 558.

212 296 475 353 expediebat.
538 295 604 337 Ita
625 311 758 352 quum
782 295 1088 352 percensuisset
1111 295 1384 346 Thessaliam,
1407 312 1484 352 per
1506 297 1610 354 Epi·
1622 290 1662 322 Α·
1687 291 1820 364 Οὸι94·

182 369 305 400 3rum
337 355 381 395 in
414 354 602 404 Oricum,
629 353 743 394 unde
775 362 864 395 erat
893 353 1153 403 traiecturus,
1182 354 1310 395 venit.
1374 354 1445 395 Ab
1479 354 1609 397 Orico
1686 336 1753 374 5⁶·

211 413 356 469 copiae
384 427 529 453 omnes
561 411 835 452 Brundisium
862 420 1176 468 transportatae.
1240 411 1347 453 Inde
1372 427 1449 468 per
1478 422 1609 454 totam

211 469 377 511 Italiam
399 470 453 511 ad
474 470 620 511 urbem
647 485 778 526 prope
801 469 1120 525 triumphantes,
1143 485 1229 511 non
1257 470 1419 511 minore
1441 471 1620 527 agmine?

210 542 350 569 rerum
375 536 604 584 captarum,
628 542 755 583 quam
776 543 864 577 suo,
888 542 986 583 prae
1008 542 1050 569 se
1077 536 1183 577 acto,
1206 536 1425 569 venerunt.
1487 528 1610 570 Post-

211 601 338 642 quam
368 585 549 627 Romam
581 594 755 627 ventum
784 594 858 635 est,
881 594 1050 626 senatus
1078 594 1197 627 extra
1226 586 1372 627 urbem
1404 586 1609 635 Quinctio

210 643 263 684 ad
285 658 350 684 res
371 652 508 700 gestas
529 643 815 685 edisserendas
843 643 966 684 datus
988 651 1062 693 est,
1085 643 1409 700 triumphusque
1436 645 1609 686 meritus

209 701 261 742 ab
273 701 516 743 lubentibus
533 701 737 742 decretus.
798 701 1009 742 Triduum
1027 701 1312 758 triumphavit.
1371 701 1455 743 Die
1472 702 1609 759 primo
1623 710 1772 760 Quinctii

209 774 336 809 arma,
369 758 464 809 tela,
497 759 699 816 signaque
741 774 863 800 aerea
892 768 934 800 et
966 774 1200 800 marmorea
1232 759 1457 810 transtulit,
1489 755 1814 817 pluratriumphus.

209 816 408 874 Philippo
422 817 630 874 adempta,
641 832 768 873 quam
778 833 885 874 quae
896 832 948 858 ex
963 817 1202 860 civitatibus
1215 827 1402 874 ceperat:
1421 818 1609 860 secundo

208 873 277 916 die
301 890 450 916 aurum
476 884 796 931 argentumque,
821 875 979 916 factum
1004 875 1294 932 infectumque
1317 886 1360 917 et
1381 876 1605 932 signatum.

208 931 361 974 Infecti
382 934 543 989 argenti
566 933 645 975 fuit
672 933 820 974 decem
842 942 884 974 et
911 941 1006 974 octo
1027 932 1159 974 millia
1178 933 1335 990 pondo,
1359 943 1401 975 et
1423 934 1610 976 ducenta

208 991 475 1047 septuaginta
494 991 615 1032 facti:
650 1006 746 1032 vasa
773 990 907 1032 multa
934 991 1070 1032 omnis
1090 991 1269 1047 generis,
1293 992 1452 1033 caelata
1472 992 1609 1048 plera-

210 1063 307 1104 que,
336 1048 544 1105 quaedam
573 1049 752 1090 eximiae
781 1049 904 1090 artis:
939 1058 982 1090 et
1006 1064 1058 1090 ex
1087 1065 1182 1090 aere
1210 1049 1342 1091 multa
1368 1050 1605 1093 fabrefacta.

210 1105 282 1146 Ad
303 1106 383 1148 hoc
411 1106 546 1163 clipea
573 1116 773 1163 argentea
793 1107 952 1148 decem.
1019 1106 1182 1164 Signati
1209 1108 1373 1164 argenti
1394 1108 1609 1165 octoginta

178 1162 408 1229 ssquattuor
443 1164 574 1205 millia
604 1165 720 1206 fuere
764 1165 1029 1206 Atticorum:
1083 1165 1392 1207 tetradraehma
1426 1177 1603 1208 vocant:

176 1221 335 1267 ‘6trium
375 1221 460 1263 fere
501 1222 770 1263 denariorum
812 1223 855 1263 in
904 1222 1079 1278 singulis
1119 1223 1283 1280 argenti
1323 1232 1386 1265 est
1425 1224 1604 1280 pondus.

207 1279 317 1320 Auri
343 1279 486 1335 pondo
510 1280 590 1321 fuit
615 1280 695 1321 tria
722 1280 852 1321 millia
883 1281 1151 1337 septingenta
1182 1281 1534 1337 quattuordecim,
1564 1292 1608 1324 et

177 1335 389 1393 Jelipeum
415 1353 547 1378 unum
577 1353 629 1379 ex
658 1353 760 1379 auro
789 1347 952 1380 totum:
987 1348 1029 1380 et
1057 1338 1272 1395 Philippei
1298 1340 1461 1380 nummi
1491 1341 1606 1382 aurei

206 1395 545 1450 quattuordecim
587 1396 729 1446 millia,
772 1396 995 1453 quingenti
1036 1397 1387 1453 quattuordecim.
1459 1398 1606 1440 Tertio

206 1452 274 1493 die
316 1468 493 1494 coronae
535 1469 698 1504 aureae,
734 1454 846 1495 dona
886 1454 1131 1505 civitatium,
1170 1455 1391 1497 translatae
1433 1465 1606 1497 eentum

206 1511 568 1566 quattuordecim:
608 1522 650 1553 ct
680 1512 841 1553 hostiae
873 1512 1048 1554 ductae:
1087 1522 1130 1554 et
1160 1523 1256 1554 ante
1289 1529 1457 1555 currum
1483 1514 1607 1555 multi

205 1568 366 1609 nobiles
387 1569 542 1625 captivi
563 1570 826 1626 obsidesque,
849 1570 959 1612 inter
981 1586 1086 1627 quos
1108 1571 1353 1613 Demetrius
1374 1572 1482 1628 regis
1503 1572 1607 1613 Phi-

204 1624 309 1682 lippi
330 1626 441 1668 filius
471 1627 563 1677 fuit,
594 1637 636 1669 et
664 1630 886 1678 Armenes,
918 1628 1100 1670 Nabidis
1125 1630 1292 1686 tyranni
1318 1630 1441 1680 filius,
1472 1630 1606 1671 Lace-

204 1682 462 1726 daemonius.
525 1684 620 1742 Ipse
651 1685 805 1727 deinde
832 1686 1059 1735 Quinctius
1081 1687 1125 1727 in
1147 1688 1294 1729 urbem
1317 1698 1379 1729 cst
1399 1688 1602 1729 invectus.

208 1740 351 1783 Secuti
384 1758 553 1784 currum
592 1743 745 1785 milites
777 1744 1034 1801 frequentes,
1068 1754 1116 1786 ut
1152 1746 1267 1786 omni
1301 1761 1353 1786 ex
1389 1746 1606 1802 provincia

204 1799 392 1841 exercitu
419 1800 652 1857 deportato.
717 1801 798 1843 His
823 1802 979 1843 duceni
1007 1803 1298 1860 quinquageni
1324 1804 1430 1845 aeris
1458 1805 1502 1844 in
1530 1820 1606 1861 pe-

203 1856 311 1898 dites
341 1857 486 1899 divisi:
530 1859 689 1916 duplex
720 1861 971 1910 centurioni,
999 1860 1153 1917 triplex
1183 1861 1328 1917 equiti.
1392 1862 1606 1904 Praebue-

171 1923 301 1956 8runt
322 1916 505 1972 speciem
533 1917 748 1974 triumpho
777 1919 984 1975 capitibus
1005 1919 1105 1960 rasis
1133 1920 1278 1969 secuti,
1302 1919 1376 1976 qui
1405 1920 1604 1962 servitute

203 1974 389 2029 exempti
410 1973 587 2016 fuerant.

263 2030 394 2072 Exitu
424 2031 548 2073 huius
579 2033 679 2073 anni
705 2033 757 2081 Q.
778 2033 928 2075 Aelius
957 2034 1128 2076 Tubero
1161 2035 1353 2076 tribunus
1384 2035 1518 2091 plebis
1549 2051 1602 2077 ex
1680 2038 1748 2077 53.

171 2089 563 2139 9senatusconsulto
586 2090 682 2131 tulit
712 2090 766 2131 ad
796 2091 977 2147 plebem,
999 2091 1228 2149 plebesque
1251 2093 1384 2142 scivit,
1409 2099 1420 2116 ⁶
1437 2093 1498 2134 Ut
1519 2093 1602 2135 La·
1616 2093 1783 2168 ἓῗὶίζῑὲὲᾟ
1786 2148 1803 2168 e

1616 2179 1742 2211 ductae.

247 2234 264 2264 3
287 2227 329 2255 In
347 2226 494 2264 Oricum]
536 2225 808 2265 praepositionem
827 2226 878 2255 de-

202 2268 331 2298 lendam
350 2274 456 2299 censet
474 2268 632 2308 Sigonius,
649 2269 704 2299 sed
725 2269 770 2298 ita
792 2267 879 2307 loqui

201 2314 290 2341 amat
308 2311 430 2342 Livius.

244 2365 263 2392 4
286 2355 484 2392 Atticorum]
511 2354 587 2385 Sub.
605 2354 835 2384 Nummorum.

245 2405 261 2435 5
289 2398 555 2435 Tetradrachma]
586 2399 613 2427 Τ
611 2398 774 2428 etrachma
792 2397 877 2427 Bek-

202 2438 267 2469 kcr.
285 2439 437 2478 reposuit.

243 2481 263 2511 6
283 2483 479 2521 Trinmfere
493 2483 699 2514 denariorum
717 2484 751 2513 in
770 2484 877 2522 sirzyzt-

201 2525 240 2554 lis
255 2526 382 2563 (tr-(lenti
398 2530 444 2556 est
457 2527 601 2564 pondus]
630 2525 878 2557 observavimus

201 2576 286 2605 supr.
301 2576 350 2605 50.
367 2578 407 2597 cx
424 2567 493 2607 ipso
512 2568 603 2598 Livio
619 2568 786 2598 denarium
805 2579 877 2598 ecn-

201 2609 261 2638 seri
276 2610 443 2648 aequalem
461 2611 642 2641 drachmae.
677 2612 805 2650 Itaque,
818 2610 877 2641 nisi

203 2651 313 2681 Livius
332 2662 440 2682 secum
463 2653 530 2692 ipsc
554 2657 687 2693 pugnat,
705 2654 877 2693 legendum

201 2693 252 2724 bic
284 2696 372 2725 IIII.
399 2697 475 2733 sere
505 2698 722 2727 denariorum.
778 2697 878 2726 Addit

191 2738 279 2775 fere,
304 2737 334 2767 id
358 2742 415 2772 cst,
440 2738 575 2776 circiter,
598 2739 673 2778 quia
696 2739 800 2778 reipsa
823 2740 875 2769 de-

200 2779 323 2809 narium
350 2780 488 2818 pondere
512 2781 665 2811 drachma
692 2783 801 2821 paullo
827 2792 875 2812 su-

202 2823 353 2861 perabat:
380 2833 443 2860 qua
466 2823 505 2853 de
530 2834 560 2853 rc
584 2825 714 2854 consule
731 2824 875 2855 ‹lissei-ta-

200 2865 319 2895 tionem
338 2865 388 2896 cl.
403 2865 552 2896 Labarrci
568 2877 587 2897 a
604 2866 694 2897 nobis
710 2868 874 2898 laudatam

925 2224 956 2255 in
970 2225 1189 2264 disputatione
1202 2226 1242 2256 de
1258 2225 1453 2265 ponderibus
1467 2230 1497 2257 ct
1514 2237 1603 2258 men-

924 2268 1013 2298 suris.
1038 2269 1144 2300 Cum.
1182 2269 1221 2299 cf.
1251 2269 1410 2299 Husseius
1436 2270 1477 2300 de
1504 2272 1602 2310 pond.

925 2315 956 2341 et
973 2321 1096 2342 numm.
1114 2311 1266 2351 antiquis,
1283 2323 1313 2342 x.
1332 2320 1360 2350 5.

970 2361 985 2393 7
1009 2355 1176 2394 Philippei
1201 2357 1321 2384 nummi
1345 2356 1456 2394 aurei]
1498 2356 1602 2386 Num-

922 2407 1011 2426 mum
1037 2407 1171 2427 aureum
1198 2398 1285 2437 apud
1308 2398 1450 2429 Graecos
1475 2409 1532 2438 pro
1556 2399 1602 2430 di-

923 2439 1078 2469 drachmo
1105 2440 1187 2470 sumi
1215 2440 1353 2470 affirmat
1377 2452 1416 2471 ex
1437 2441 1602 2472 communi

922 2482 987 2512 fere
1004 2483 1171 2512 doctorum
1190 2494 1345 2514 consensu
1362 2484 1546 2515 Gronovius
1561 2486 1602 2516 de

926 2526 1000 2555 l‘cc.
1020 2526 1095 2556 Yet.
1113 2525 1144 2556 ii.
1162 2528 1190 2556 8.
1216 2527 1321 2557 Cifflv.

965 2569 983 2597 ὅ
1002 2569 1170 2607 (mutibus
1186 2570 1286 2607 rasis]
1308 2569 1368 2600 Pro
1384 2580 1473 2601 more
1489 2580 1598 2601 corum

923 2610 977 2649 qui
995 2611 1142 2641 libertate
1156 2611 1265 2642 donati
1283 2612 1417 2644 fucrant.
1454 2613 1506 2644 Sic
1522 2614 1601 2644 Pru-

922 2653 1000 2683 siam
1018 2654 1091 2683 infr.
1107 2655 1174 2685 xlv.
1192 2666 1241 2693 44.
1267 2666 1366 2694 quum
1391 2667 1424 2686 sc
1449 2655 1599 2686 libertum

924 2696 1035 2735 populi
1055 2697 1195 2727 Romani
1213 2698 1344 2735 diceret,
1364 2698 1533 2738 pileatum,
1550 2710 1600 2729 ca-

923 2739 989 2778 pite
1027 2750 1107 2776 rusb,
1139 2740 1250 2778 legatis
1284 2741 1442 2771 Romanis
1471 2742 1599 2772 obviam

921 2782 1051 2811 solitum
1070 2782 1114 2812 ire
1132 2787 1336 2815 memoratur.
1362 2786 1469 2814 Cum.

964 2836 983 2865 9
1011 2827 1053 2855 Ut
1078 2827 1217 2857 Latinae
1243 2828 1326 2857 duae
1353 2828 1510 2864 coloniae]
1559 2827 1597 2857 Iu

924 2867 1047 2898 Latinis
1078 2868 1212 2900 coloniis
1243 2869 1395 2906 Romani,
1419 2874 1450 2900 et
1479 2869 1600 2900 Latini.
