1960 3218
564 386 642 455 T.
706 392 985 455 LIVII
1050 391 1575 455 PATAVINI

741 599 844 651 LI
875 598 923 651 B
957 598 1004 650 E
1035 598 1084 650 R,
1151 595 1399 651 XXXV.

164 1026 210 1058 U.
227 1026 265 1058 C.
289 1034 360 1069 559·
479 1005 769 1049 RINCIPIO
802 1005 914 1055 anni,
938 1020 1023 1061 quo
1054 1005 1157 1046 haec
1188 1013 1304 1060 gesta
1335 1014 1445 1055 sunt,
1472 1004 1567 1047 SeX.
1584 1004 1772 1061 Digitius

161 1070 202 1100 A.
228 1070 266 1100 C.
282 1079 360 1118 ,1932-
512 1073 681 1122 praetor
701 1065 746 1105 in
764 1063 973 1118 Hispania
993 1063 1183 1103 citeriore
1206 1077 1303 1104 eum
1325 1063 1562 1104 civitatibus
1582 1063 1645 1112 iis,
1664 1078 1772 1119 quae

161 1112 362 1185 fflezffispa-
374 1132 469 1181 post
489 1123 792 1181 profectionem
817 1121 879 1162 M.
899 1120 1075 1162 Catonis
1097 1120 1328 1176 permultae
1350 1120 1665 1169 rebellaverant,
1684 1136 1774 1162 cre-

197 1174 205 1184 ι
238 1179 245 1186 ’
374 1183 450 1224 bra
480 1181 624 1237 magis,
648 1195 775 1237 quam
801 1179 930 1235 digna
958 1178 1088 1228 dictu,
1115 1178 1275 1234 proelia
1303 1178 1416 1228 fecit,
1435 1188 1478 1219 et
1502 1178 1607 1219 adeo
1637 1177 1774 1234 plera-

375 1255 458 1296 que
491 1239 675 1288 adversa,
706 1247 752 1278 ut
779 1237 850 1278 vix
882 1236 1106 1278 dimidium
1139 1236 1332 1286 rnilitum,
1356 1251 1482 1292 quam
1509 1235 1624 1292 quod
1655 1251 1803 1277 acce-1

373 1306 506 1354 perat,
530 1295 755 1338 successori
786 1294 1016 1335 tradiderit.
1081 1293 1175 1334 Nec
1204 1294 1379 1335 dubium
1405 1303 1480 1344 est,
1504 1294 1608 1349 quin
1637 1294 1773 1334 omnis

375 1355 585 1411 Hispania
615 1353 827 1395 sublatura
857 1352 1017 1392 animos
1047 1351 1187 1401 fuerit,
1210 1352 1254 1392 ni
1280 1351 1383 1393 alter
1410 1362 1578 1408 praetor
1599 1351 1646 1392 P.
1666 1350 1774 1392 Cor-

374 1413 512 1454 nelius
537 1412 617 1454 Cn.
637 1412 682 1452 F.
706 1410 846 1466 Scipio
879 1419 990 1451 trans
1021 1409 1192 1450 Iberum
1228 1410 1361 1450 multa
1395 1409 1581 1450 secunda
1615 1408 1775 1465 proelia

375 1471 563 1512 fecisset:
604 1485 688 1526 quo
720 1477 876 1510 terrore
908 1483 994 1508 non
1026 1467 1164 1508 minus
1193 1467 1502 1523 quinquaginta
1532 1467 1688 1522 oppida
1720 1465 1774 1507 ad

377 1544 473 1570 eum
492 1527 748 1569 defecerunt.
811 1526 987 1566 Praetor
1007 1525 1111 1566 haee
1132 1534 1315 1580 gesserat
1341 1524 1493 1581 Scipio.
1556 1524 1677 1565 Idem
1697 1539 1774 1580 pro

376 1597 581 1642 praetore,
605 1585 843 1633 Lusitanos,
866 1592 1101 1640 pervastata
1121 1582 1310 1624 ulteriori
1341 1582 1568 1639 provincia,
1592 1597 1689 1624 eum
1710 1582 1775 1622 in-

375 1644 494 1699 genti
510 1643 667 1700 praeda
683 1643 856 1683 domum
878 1641 1115 1689 redeuntes,
1135 1641 1180 1681 in
1201 1641 1290 1697 ipso
1308 1641 1457 1681 itinere
1475 1655 1703 1696 aggreSSUS‚
1723 1640 1774 1681 ab

375 1702 479 1742 hora
496 1701 619 1742 tertia
635 1701 720 1741 diei
737 1699 790 1740 ad
808 1708 994 1740 octavam
1014 1699 1173 1739 incerto
1191 1707 1345 1739 eventu
1367 1699 1582 1754 pugnavit,
1598 1712 1774 1739 numero

377 1759 559 1800 militum
587 1759 734 1814 impar,
759 1757 949 1813 superior
969 1756 1081 1797 aliis:
1115 1771 1213 1796 nam
1236 1765 1278 1796 et
1299 1757 1387 1797 acie
1408 1756 1620 1811 frequenti
1641 1770 1775 1796 arma·
1789 1771 1804 1792 2

377 1817 429 1858 tis
461 1817 658 1858 adversus
689 1815 863 1871 longum
894 1823 937 1854 et
966 1813 1217 1869 impeditum
1241 1815 1361 1854 turba
1386 1829 1585 1869 pecorum
1607 1828 1772 1869 agmen,

377 1883 419 1916 et
447 1874 608 1915 recenti
636 1872 768 1913 milite
801 1872 997 1913 adversus
1025 1872 1152 1912 fessos
1173 1871 1298 1926 longo
1320 1871 1470 1912 itinere
1493 1879 1771 1912 concurrerat.

378 1932 525 1973 Tertia
546 1946 729 1987 namque
751 1929 893 1986 vigilia
915 1929 1104 1970 exierant
1126 1928 1276 1970 hostes.
1340 1928 1455 1969 Huic
1477 1938 1684 1969 nocturno
1705 1928 1775 1968 iti-

377 1990 468 2031 neri
495 1999 576 2030 tres
605 1989 780 2029 diurnae
814 1988 940 2028 horae
973 1995 1252 2028 accesserant:
1289 2002 1368 2027 nec
1389 1986 1475 2027 ulla
1495 1986 1637 2042 quiete
1663 1985 1773 2035 data,

377 2047 563 2088 laborem
585 2047 675 2088 viae
699 2045 905 2102 proelium
927 2053 1162 2100 exceperat.
1208 2044 1357 2100 Itaque
1379 2044 1586 2100 principio
1607 2058 1774 2100 pugnae

378 2105 531 2160 vigoris
552 2105 714 2161 aliquid
739 2104 783 2144 in
807 2103 1049 2159 corporibus
1071 2102 1305 2158 animisque
1327 2102 1418 2152 fuit,
1442 2111 1483 2143 et
1505 2102 1776 2143 turbaverant

378 2160 514 2219 primo
538 2163 776 2204 Romanos:
811 2161 966 2201 deinde
989 2169 1167 2216 aequata,
1186 2160 1414 2217 paullisper
1433 2175 1576 2216 pugna
1597 2168 1669 2200 est.
1722 2158 1774 2199 In

378 2221 459 2261 hoe
488 2220 728 2261 discrimine
757 2218 878 2260 ludos
903 2218 1007 2268 Iovi,
1030 2219 1063 2259 si
1084 2218 1260 2258 fudisset
1285 2217 1587 2273 cecidissetque
1619 2217 1771 2265 hostes,

379 2288 623 2334 propraetor
643 2277 767 2318 vovit.
832 2276 1026 2317 Tandem
1057 2275 1234 2331 gradum
1258 2275 1392 2317 aerius
1414 2275 1591 2316 intulere
1616 2273 1770 2315 Roma-

380 2336 437 2385 ni,
460 2335 667 2390 cessitque
697 2334 936 2375 Lusitanus.
1000 2333 1170 2374 Deinde
1202 2348 1369 2389 prorsus
1401 2342 1516 2387 terga
1540 2331 1683 2372 dedit:
1718 2339 1771 2380 et,

381 2408 513 2448 quum
544 2392 792 2433 institissent
822 2391 1079 2448 fugientibus
1100 2391 1289 2439 victores,
1313 2390 1366 2430 ad
1387 2389 1611 2431 duodecim
1643 2385 1774 2429 millia

380 2450 565 2491 hostium
598 2459 695 2490 sunt
728 2464 871 2491 caesa:
912 2449 1023 2504 capti
1054 2448 1276 2504 quingenti
1307 2447 1594 2503 quadraginta,
1628 2461 1773 2487 omnes

381 2508 509 2549 ferme
547 2508 735 2563 equites:
780 2515 821 2547 et
854 2507 973 2562 signa
1009 2506 1203 2547 militaria
1239 2514 1361 2560 capta
1396 2514 1566 2546 eentum
1603 2503 1775 2560 triginta

428 2635 438 2654 1
468 2626 569 2662 Quam
597 2626 680 2664 quod
705 2624 887 2663 acceperat]
930 2623 1054 2653 Vocem
1101 2623 1179 2659 buti,
1202 2633 1296 2662 quam
1321 2623 1404 2662 quod
1426 2623 1553 2660 rqqibus
1571 2622 1665 2659 ferre
1690 2623 1774 2652 soliti

381 2668 464 2707 quod
478 2668 658 2697 tollendum
676 2666 837 2696 existimat
854 2665 1055 2701 Gronovius3
1099 2670 1203 2695 erant.
1228 2665 1266 2694 cf.
1284 2675 1368 2704 supr.
1385 2664 1494 2695 xxxiv.
1513 2673 1561 2703 52.
1578 2675 1674 2704 quam
1692 2675 1775 2705 quae

383 2709 467 2739 tollit
491 2709 588 2739 ctiam
613 2709 688 2739 alibi
714 2709 830 2748 partim
857 2718 896 2738 ex
920 2707 1055 2737 auctori·
1099 2709 1338 2738 e.z‘civ1'lalilms
1353 2708 1523 2738 ademerat.

382 2756 449 2783 tate
464 2752 614 2781 librorum
628 2751 830 2790 scriptorum,
841 2750 956 2789 partim
971 2751 1056 2789 quod
1146 2759 1160 2779 2
1185 2751 1264 2779 Acie
1272 2751 1459 2790 frequenti]
1493 2751 1659 2789 Frequens
1674 2758 1773 2788 oppo-

383 2795 510 2825 videtur
533 2798 673 2834 putasse,
697 2794 757 2824 hoc
780 2804 880 2833 genus
904 2792 1055 2831 loquendi
1101 2792 1187 2822 nitur
1201 2794 1292 2830 Ιοηῃο
1308 2794 1442 2832 aymini,
1458 2802 1557 2831 quum
1574 2801 1688 2831 agmen
1706 2791 1773 2821 lon-

382 2838 423 2868 ab
453 2838 581 2877 linguae
609 2836 745 2867 Latinae
774 2846 832 2866 usu
863 2835 1032 2865 abliorrere
1046 2847 1052 2866 t
1099 2845 1174 2874 gum
1193 2835 1356 2865 ordinibus
1372 2845 1485 2874 parum
1502 2834 1620 2871 densis,
1635 2844 1677 2864 sc.
1690 2833 1773 2863 mili-

383 2880 437 2910 sed
454 2881 619 2910 dimidium
636 2890 730 2919 quam
748 2880 831 2919 quod
846 2878 940 2917 vulgo
958 2878 1054 2908 etiam
1100 2878 1184 2908 tibus
1207 2888 1319 2917 parum
1335 2877 1567 2918 frequentibus,
1582 2876 1772 2907 instructum

384 2922 500 2961 legitur
528 2922 597 2952 infr.
626 2922 691 2954 xlv.
727 2923 772 2953 18.
803 2922 967 2952 dimidium
999 2922 1053 2952 lrae'-
1099 2920 1149 2953 sit.
