1960 3218
509 422 817 477 EPITOM
833 423 881 475 E
944 421 1085 475 LIB
1104 421 1147 473 R
1164 421 1190 473 I
1251 417 1598 473 XXXVIII.

359 813 422 853 M
443 811 737 853 FULVIUS
751 812 889 852 consul
906 814 947 852 in
969 812 1101 866 Epiro
1118 813 1419 852 Ambracienses
1440 813 1607 852 obsessos
1628 815 1669 852 in
1690 813 1756 852 de-

359 872 544 910 ditionem
586 872 749 923 accepit,
800 870 1097 923 Cephalleniam
1141 871 1303 923 subc-(sit,
1337 871 1489 910 Aetolis
1523 871 1756 924 perdomitis

351 944 494 983 pacem
516 928 632 967 dedit.
703 927 774 968 Cn.
795 928 982 967 Manlius
1004 928 1150 976 consul,
1174 928 1320 980 colleqa
1349 930 1443 976 eius,
1474 928 1757 981 Galloqraecos

369 986 636 1033 Tolistoboios,
667 991 705 1025 et
734 986 982 1039 Tectosaqos,
1011 992 1049 1025 et
1078 986 1278 1034 Trocmos,
1309 988 1379 1040 qui
1405 986 1570 1026 Brenno
1594 986 1692 1025 duce
1716 987 1757 1025 in

359 1044 503 1084 Asiam
526 1044 783 1091 transierant,
802 1058 923 1097 quum
939 1043 1013 1082 soli
1028 1044 1131 1083 citra
1157 1044 1342 1083 Taurum
1360 1050 1524 1083 montem
1544 1058 1619 1084 non
1634 1058 1758 1097 pare-

360 1107 460 1150 rent,
493 1102 597 1140 vicit.
660 1101 819 1140 Eorum
855 1102 977 1155 oriqo,
1010 1107 1047 1141 et
1081 1102 1408 1155 quemadmodum
1443 1117 1488 1141 ea
1522 1102 1620 1150 loca,
1657 1116 1759 1155 quae

360 1165 500 1207 tenent,
524 1160 814 1212 occupaverint,
838 1159 1021 1212 refertur.
1083 1159 1326 1213 Exemplum
1357 1174 1508 1214 quoque
1536 1161 1696 1199 virtutis
1722 1165 1760 1199 et

354 1218 575 1271 pudicitiae
596 1217 807 1269 infemina
836 1217 1023 1256 traditur.
1085 1216 1198 1256 Nam
1219 1231 1341 1271 quum
1371 1217 1631 1271 Ortiaqontis,
1655 1218 1758 1271 reqis

367 1274 737 1328 Galloffl'aecorum,
776 1289 875 1313 uxor
910 1276 1070 1328 captiva
1105 1281 1212 1322 esset,
1248 1276 1510 1315 centurionem
1547 1275 1755 1323 custodem,

361 1334 432 1387 qui
450 1334 486 1371 ei
505 1333 582 1371 vim
605 1332 805 1380 intulerat,
829 1333 979 1372 occidit.
1042 1332 1237 1371 Lustrum
1261 1347 1286 1371 a
1315 1334 1536 1372 censoribus
1558 1333 1757 1372 conditum

361 1396 427 1430 est.
498 1389 626 1430 Censa
666 1396 758 1429 sunt
793 1391 937 1429 civium
971 1391 1105 1444 capita
1141 1391 1310 1429 ducenta
1346 1392 1638 1445 quinquaqinta
1674 1396 1756 1429 octo

362 1448 488 1487 millia
511 1454 548 1486 et
574 1454 747 1486 trecenta
768 1449 911 1501 viqinti
930 1454 1024 1487 octo.
1095 1448 1195 1488 Cum
1217 1448 1453 1496 Ariarathe,
1476 1463 1564 1502 resse
1593 1448 1757 1502 Cappa-

361 1506 508 1554 dociae,
543 1506 721 1544 amicitia
762 1507 898 1545 iuncta
938 1511 1004 1545 est.
1075 1505 1146 1546 Cn.
1168 1506 1364 1553 Manlius,
1403 1506 1758 1545 contradicentibus

363 1564 491 1602 decem
523 1563 674 1617 lenqatis,
704 1578 750 1601 ea:
774 1578 942 1616 quorum
971 1563 1130 1602 consilio
1148 1563 1299 1616 foedus
1328 1578 1416 1603 cum
1442 1564 1639 1603 Antiocho
1667 1578 1759 1603 con-

363 1622 590 1674 scripserat,
620 1621 666 1659 de
694 1620 982 1674 Gall097·aeci3,
1006 1627 1097 1660 acta
1120 1636 1199 1674 pro
1226 1636 1265 1660 se
1294 1636 1417 1660 causa
1445 1623 1486 1661 in
1511 1628 1663 1670 senatu,
1687 1622 1760 1661 tri-

364 1679 582 1732 umphavit.
650 1677 785 1732 Scipio
805 1678 1046 1732 Africanus,
1069 1679 1182 1717 dicei
1201 1679 1320 1726 dicta,
1345 1685 1389 1718 ut
1404 1680 1567 1733 quidam
1588 1681 1714 1728 aiunt,
1733 1694 1759 1718 a

373 1736 421 1786 Q.
441 1736 600 1775 Petillia
621 1737 778 1775 tribuno
798 1737 937 1790 plebis,
962 1743 1007 1776 ut
1032 1737 1207 1790 quidam,
1231 1752 1257 1775 a
1285 1736 1452 1785 Naevio,
1477 1738 1582 1791 quod
1604 1737 1761 1790 praeda

364 1810 410 1833 ex
425 1794 622 1833 Antiocho
639 1800 758 1847 capta
775 1795 977 1833 aerarium
987 1838 994 1846 “
998 1795 1241 1844 fraudasset,
1258 1801 1471 1848 postquam
1493 1797 1526 1833 is
1546 1795 1627 1834 dies
1643 1796 1759 1843 venit,

364 1858 547 1891 evocatus
575 1852 615 1890 in
644 1851 809 1900 Rostra,
834 1850 928 1891 Hac
957 1850 1039 1899 die,
1062 1853 1203 1905 inquit,
1234 1850 1434 1900 Quirites,
1460 1851 1760 1907 Carthaginem

367 1908 470 1949 vici:
505 1915 553 1957 et,
579 1915 835 1963 prosequente
858 1909 1022 1963 populo,
1053 1909 1295 1962 Capitolium
1323 1910 1509 1949 ascendit.
1573 1910 1684 1958 Inde,
1715 1924 1762 1949 ne

366 1967 540 2020 amplius
562 1967 783 2006 tribuniciis
804 1968 962 2006 iniuriis
983 1973 1205 2014 vexaretur,
1229 1969 1270 2006 in
1291 1968 1560 2007 voluntarium
1582 1968 1761 2007 exsilium

366 2024 578 2065 Liternum
620 2026 807 2064 concessit
823 2040 834 2062 .·
889 2026 1079 2064 incertum
1121 2025 1185 2073 ibi,
1228 2040 1282 2064 an
1330 2025 1494 2074 Romae,
1537 2026 1758 2078 defianctus.

366 2082 478 2122 Nam
500 2083 582 2121 eius
608 2088 899 2121 monumentum
930 2083 1132 2137 utrobique
1147 2083 1249 2136 ficit.
1313 2083 1363 2122 L.
1386 2083 1520 2136 Scipio
1541 2084 1760 2131 Asiaticus,

352 2141 496 2193 frater
515 2139 721 2192 Afiicani,
739 2140 866 2179 eodem
881 2140 1093 2194 peculatus
1114 2141 1276 2179 crimine
1296 2147 1507 2180 accusatus
1528 2141 1763 2180 damnatus-

367 2212 452 2252 que,
476 2212 597 2251 quum
620 2199 660 2236 in
688 2198 847 2237 vincula
876 2204 913 2237 et
939 2213 1135 2237 carcerem
1163 2198 1384 2246 (luceretur,
1417 2199 1480 2238 Ti.
1506 2198 1762 2252 Sempronius

374 2255 599 2303 Gracchus,
637 2255 819 2295 tribunus
852 2255 995 2310 plebis,
1030 2257 1100 2309 qui
1133 2262 1250 2295 antea
1291 2255 1541 2309 Scipionibus
1580 2257 1762 2295 inimicus

355 2313 516 2365 ficerat,
540 2314 780 2360 intercessit,·
813 2319 850 2352 et
875 2313 919 2352 ob
942 2313 985 2352 id
1009 2313 1236 2365 beneficium
1264 2314 1460 2366 Africani
1472 2313 1615 2365 filiam
1636 2313 1759 2353 duxit.

378 2369 513 2419 Quum
534 2377 757 2424 quaestores
778 2372 817 2410 in
840 2371 940 2410 bona
962 2372 1044 2410 eius
1057 2371 1215 2424 publice
1236 2371 1476 2424 possidenda
1498 2372 1608 2409 missi
1626 2377 1761 2418 essent,

370 2442 447 2466 non
468 2428 580 2466 modo
602 2429 642 2467 in
664 2429 712 2467 iis
734 2428 859 2468 ullum
880 2430 1085 2482 vestiqium
1099 2429 1296 2482 pecuniae
1317 2429 1448 2482 reyiae
1468 2429 1674 2481 apparuit,
1697 2428 1766 2468 sed

371 2499 620 2538 nequaquam
638 2491 793 2524 tantum
814 2486 1031 2534 redactum,
1054 2492 1228 2539 quantae
1242 2500 1418 2524 summae
1433 2491 1520 2525 erat
1534 2486 1760 2525 damnatus.

379 2540 577 2581 Collatum
605 2557 631 2581 a
660 2544 836 2596 coynatis
864 2549 901 2582 et
919 2544 1058 2582 amicis
1086 2542 1408 2581 innumerabilem
1424 2545 1638 2596 pecuniam
1659 2545 1764 2583 acci-

365 2613 462 2652 pere
483 2599 632 2639 noluit:
666 2615 768 2653 quae
788 2601 1008 2640 necessaria
1030 2601 1066 2639 ei
1084 2606 1200 2639 erant
1219 2600 1276 2639 ad
1295 2600 1456 2648 cultum,
1480 2602 1691 2655 redempta.
