1960 3218
558 156 684 198 LIB.
719 156 940 197 XXXIII.
984 157 1131 197 CAP.
1171 160 1234 199 17.
1542 162 1594 200 99

190 251 293 306 ipso.
356 248 424 290 Ex
445 249 495 290 iis
516 264 700 305 quoque,
717 248 790 303 qui
813 247 1018 289 Pellenen
1037 247 1325 304 Phliuntaque
1346 248 1592 305 depopulati
1608 257 1652 289 U.
1670 257 1707 289 O.
1731 264 1801 296 555·

190 316 323 356 erant,
347 306 613 362 incompositi
643 306 796 362 partim
826 305 1100 362 omniumque
1123 306 1272 362 ignari,
1295 306 1349 347 ad
1371 316 1504 347 castra
1524 323 1590 348 rem
1605 301 1644 331 A.
1669 301 1707 332 C·
1733 309 1802 340 197·

190 374 414 414 vertentes,
433 364 477 404 in
493 364 679 405 hostium
700 363 913 412 stationes,
932 372 1134 419 tanquam
1156 364 1200 404 in
1218 379 1323 413 suas,
1340 363 1443 405 illati
1465 374 1586 414 sunt3

189 422 343 478 partim
365 437 418 463 ex
439 421 629 462 discursu
659 421 715 470 id,
739 421 854 476 quod
876 430 977 470 erat,
1001 421 1212 477 suspicati,
1237 422 1295 462 ita
1316 437 1358 462 se
1381 422 1425 462 in
1446 422 1589 478 fugam

189 480 342 536 passim
372 488 625 535 sparserunt,
659 487 707 519 ut
737 479 788 519 ab
820 478 919 535 ipsis
950 479 1181 535 agrestibus
1203 488 1388 520 errantes
1410 479 1590 520 circum--

189 537 445 578 venirentur.
511 536 774 577 Ceciderunt
805 551 856 577 eo
890 536 958 577 die
993 536 1107 577 inille
1139 546 1182 578 et
1211 537 1447 593 quingenti,
1478 538 1589 594 capti

189 595 378 636 trecenti.
442 594 607 635 Achaia
627 593 763 635 omnis
784 609 937 649 magno
957 593 1134 635 liberata
1154 603 1282 635 metu.

247 652 500 708 Priusquam
522 652 794 692 dimicaretur
814 652 867 692 ad
892 650 1249 708 Cynoscephalas,
1273 652 1322 694 L.
1346 652 1587 702 Quinctius,
1671 654 1734 692 16.

193 709 425 766 Corcyram
446 709 594 750 excitis
616 710 891 750 Acarnanum
916 709 1190 765 principibus,
1215 726 1322 766 quae
1345 710 1431 751 sola
1455 710 1590 752 Grae·
1603 710 1743 739 Acarna-

190 767 277 809 ciae
311 767 502 823 gentium
534 767 579 807 in
610 767 809 808 societate
842 766 1131 808 BIacedonum
1168 777 1389 817 manserat,
1419 768 1587 809 initium
1601 762 1789 825 ξζιρῗὲὲιῗὲῗῃ

189 825 249 866 ibi
282 824 497 880 quoddam
530 833 669 865 motus
705 825 815 865 fecit.
880 824 1004 866 Duae
1041 834 1184 865 autem
1220 826 1403 866 maxime
1440 841 1588 867 causae
1603 838 1788 869 Romanam

191 897 262 924 eos
290 891 514 924 tenuerant
545 882 586 922 in
620 882 805 923 amicitia
834 882 967 937 regis3
1002 898 1086 923 una
1106 882 1211 923 fides
1233 883 1358 924 insita
1377 884 1508 939 genti,
1532 884 1591 924 al-
1603 881 1734 920 respuit.

190 949 280 982 tera
311 949 449 981 metus
480 940 710 995 odiumque
744 939 1008 980 Aetolorum.
1075 939 1318 981 Concilium
1346 941 1591 983 Leucadem

189 998 399 1039 indictum
421 1006 493 1039 est.
549 997 614 1037 Eo
636 1012 776 1053 neque
798 998 940 1038 cuncti
963 1013 1197 1039 convenere
1221 999 1495 1040 Acarnanum
1516 1015 1592 1056 po-

190 1055 302 1112 puli3
335 1070 414 1096 nec.
436 1055 498 1104 iis,
520 1055 593 1111 qui
616 1064 912 1104 convenerant,
936 1055 1049 1096 idem
1071 1055 1240 1111 placuit.
1307 1056 1392 1098 Sed
1413 1066 1455 1098 et
1476 1058 1592 1113 prin-

158 1113 304 1169 9cipes
341 1121 383 1154 et
418 1113 683 1168 magistratus
718 1113 1000 1168 pervicerunt,
1039 1122 1085 1154 ut
1126 1114 1335 1169 privatum
1372 1115 1591 1156 decretum

192 1171 410 1212 Romanae
432 1170 641 1212 societatis
663 1170 794 1211 fieret.
859 1170 911 1211 Id
933 1186 1091 1220 omnes,
1115 1171 1186 1227 qui
1211 1172 1444 1222 abfuerant,
1467 1188 1590 1229 aegre

190 1229 323 1285 passi3
357 1237 401 1270 et
421 1228 466 1269 in
486 1228 566 1269 hoc
587 1228 758 1269 fremitu
787 1228 925 1284 gentis
956 1244 980 1269 a
1010 1228 1211 1285 Philippo
1234 1230 1348 1270 missi
1370 1230 1455 1271 duo
1475 1231 1593 1287 prin-

190 1287 304 1343 cipes
336 1285 623 1335 Acarnanum,
651 1286 888 1327 Androcles
919 1294 962 1327 et
994 1285 1277 1337 Echedemus,
1310 1303 1396 1329 non
1428 1288 1481 1329 ad
1513 1288 1592 1329 tol-

190 1343 366 1385 lendum
387 1343 514 1385 modo
536 1343 752 1384 decretum
778 1344 996 1385 Romanae
1027 1344 1238 1386 societatis
1258 1345 1493 1395 valuerunt,
1517 1346 1592 1387 sed

190 1401 319 1443 etiam
340 1410 388 1443 ut
409 1401 644 1442 Archelaus
666 1410 708 1442 et
730 1401 901 1451 Bianor,
924 1402 1136 1458 principes
1156 1403 1295 1459 gentis
1316 1404 1452 1453 ambo,
1476 1404 1593 1460 quod

191 1468 381 1501 auctores
422 1459 512 1501 eius
552 1459 785 1500 sententiae
821 1459 1010 1509 fuissent,
1044 1460 1295 1516 proditionis
1332 1461 1376 1501 in
1413 1461 1592 1503 concilio

191 1517 506 1567 damnarentur,
529 1525 571 1558 et
596 1517 815 1558 Zeuxidae
836 1517 1032 1574 praetori,
1056 1518 1171 1574 quod
1194 1518 1246 1559 de
1276 1534 1326 1560 ea
1352 1534 1396 1560 re
1426 1519 1593 1561 retulis-

191 1583 266 1625 set,
299 1575 525 1631 imperium
557 1575 838 1631 abrogaretur.
905 1575 1016 1616 Rem
1039 1576 1316 1626 temerariam,
1340 1577 1415 1618 sed
1437 1585 1591 1619 eventu

190 1648 446 1689 prosperam,
471 1633 659 1674 damnati
686 1633 891 1674 fecerunt.
959 1632 1241 1675 Suadentibus
1272 1649 1456 1691 namque
1489 1635 1592 1676 ami-

192 1690 265 1740 cis,
289 1691 491 1732 cederent
519 1691 714 1747 tempori,
744 1700 787 1731 et
817 1689 1048 1748 Corcyram
1080 1691 1134 1732 ad
1167 1691 1382 1734 Romanos
1413 1693 1591 1742 abirent,

192 1756 430 1790 statuerunt
451 1749 600 1789 offerre
630 1764 672 1790 se
700 1748 977 1799 multitudini,
1001 1758 1043 1790 et
1065 1757 1137 1790 aut
1158 1765 1208 1790 eo
1230 1750 1321 1806 ipso
1342 1750 1474 1792 lenire
1496 1751 1591 1800 iras,

192 1815 264 1848 aut
283 1806 384 1862 pati,
408 1806 522 1862 quod
545 1821 662 1847 casus
684 1806 855 1847 tulisset.
924 1806 1070 1855 Quum
1102 1822 1144 1848 se
1177 1807 1390 1863 frequenti
1412 1808 1592 1849 concilio

192 1864 444 1913 intulissent,
471 1864 607 1920 primo
629 1879 819 1905 murmur
840 1879 887 1905 ac
908 1864 1099 1906 fremitus
1130 1865 1442 1916 admirantium,
1465 1866 1593 1907 silen-

193 1922 299 1962 tium
321 1937 421 1962 mox
443 1937 466 1962 a
487 1921 742 1963 verecundia
767 1921 890 1963 simul
921 1922 1123 1978 pristinae
1146 1923 1377 1979 dignitatis,
1400 1940 1447 1965 ac
1469 1924 1593 1965 miSe-

193 1979 374 2020 ricordia
402 1979 633 2035 praesentis
663 1979 856 2020 fortunae
886 1989 1024 2021 ortum
1045 1989 1118 2021 est.
1183 1981 1396 2022 Potestate
1419 1997 1591 2038 quoque

194 2036 365 2077 dicendi
385 2037 506 2086 facta,
529 2037 738 2092 principio
759 2036 1016 2093 suppliciter,
1040 2038 1296 2093 procedente
1329 2048 1470 2080 autem
1502 2055 1594 2080 ora-

195 2094 322 2143 tione,
345 2094 417 2135 ubi
439 2094 492 2134 ad
514 2094 690 2134 crimina
710 2094 913 2135 diluenda
933 2104 1108 2136 ventum
1131 2104 1204 2144 est,
1228 2111 1324 2136 curn
1348 2105 1464 2137 tanta
1483 2097 1594 2137 fidu-

194 2151 271 2201 cia,
294 2159 495 2208 quantam
517 2151 759 2192 innocentia
780 2151 918 2201 dabat,
942 2152 1254 2194 disseruerunt:
1286 2163 1511 2209 postremo,
1530 2154 1594 2194 ul-

195 2218 260 2250 tro
281 2209 443 2265 aliquid
464 2209 590 2249 etiam
609 2209 741 2264 queri,
760 2218 802 2249 et
823 2210 1024 2265 castigare
1046 2210 1315 2265 iniquitatem
1337 2211 1460 2252 simul
1482 2212 1527 2252 in
1548 2226 1591 2253 se

195 2266 574 2323 crudelitatemque
597 2267 699 2315 ausI,
725 2266 782 2307 ita
802 2267 1033 2308 affecerunt
1054 2267 1227 2317 animos,
1246 2276 1293 2309 ut
1314 2269 1467 2318 omnia,
1484 2284 1591 2324 quac

196 2324 240 2365 in
262 2340 332 2366 eos
354 2324 523 2365 decreta
543 2333 675 2373 erant,
698 2324 939 2380 frequentes
961 2324 1178 2366 tollerent:
1219 2341 1357 2381 neque
1380 2342 1430 2367 eo
1452 2327 1593 2367 minus

196 2381 461 2423 redeundum
493 2382 537 2422 in
568 2382 811 2423 societatem
832 2382 1033 2438 Philippi,
1057 2383 1410 2440 abnuendamque
1435 2384 1593 2426 Roma—

196 2454 348 2481 norum
369 2440 610 2489 amicitiam,
632 2448 863 2481 censerent.

257 2496 454 2538 Leucade
484 2497 587 2539 haec
618 2506 717 2538 sunt
737 2497 916 2539 decreta.
980 2497 1033 2538 Id
1053 2506 1179 2553 caput
1201 2498 1466 2540 Acarnaniae
1489 2508 1590 2550 erat,
1673 2506 1737 2547 17.

198 2569 332 2610 eoque
366 2555 411 2595 in
444 2554 670 2596 concilium
696 2570 841 2596 omnes
872 2555 1018 2611 populi
1044 2556 1362 2598 conveniebant.
1426 2557 1590 2613 Itaque,
1606 2563 1643 2593 L·
1662 2562 1766 2599 Quin-

198 2627 330 2668 quum
363 2613 466 2654 haec
490 2613 712 2669 repentina
739 2613 917 2654 mutatio
945 2612 1175 2670 Corcyram
1207 2614 1260 2655 ad
1289 2614 1473 2671 legatum
1499 2615 1594 2657 Fla-
1606 2606 1791 2687 {2¹3ssss

1609 2694 1740 2731 pugnat.

241 2761 261 2793 9
285 2753 457 2782 Privatum
481 2752 658 2793 decretum]
687 2754 750 2791 An,
764 2754 870 2784 decre·
916 2764 978 2793 que
1002 2758 1135 2784 cunctos
1157 2755 1343 2785 convenisse
1367 2755 1398 2785 in
1420 2756 1592 2787 concilium

199 2796 282 2831 tum,
312 2804 375 2824 non
403 2794 502 2825 totius
532 2797 737 2826 Acarnanum
768 2796 872 2835 gentis
918 2796 1182 2836 populos,ncque
1198 2798 1593 2837 omnibus‚quiconvene-

199 2837 330 2867 nomine
352 2837 466 2874 latum,
487 2838 541 2867 sed
567 2839 779 2877 quorumdam
802 2843 869 2869 tan·
917 2839 1090 2877 rant,idem
1104 2840 1262 2879 placuisse
1271 2840 1382 2870 Livius
1392 2841 1593 2871 memoravit.

199 2882 269 2908 tum
288 2880 480 2919 populorum
496 2883 509 2909 5³
536 2880 609 2910 1100
631 2891 707 2911 sane
725 2882 874 2912 videntur
918 2882 1025 2913 Ciu-:v-

154 2945 157 2947 .
201 2922 334 2951 suadere
353 2932 390 2951 ea
412 2932 494 2960 quac
516 2923 723 2960 praecedunt,
746 2924 797 2953 ubi
820 2934 872 2953 nc-

1339 2973 1361 3005 [ί

1286 2980 1311 3004 11
