1960 3218
603 156 727 197 LIB.
762 156 857 198 XL.
899 156 1031 198 CAP.
1067 162 1103 199 9.
1462 161 1545 199 439

166 254 178 273 ‘
193 248 360 290 secretis
383 248 550 290 alterius
577 248 628 289 ab
649 247 777 289 altero
805 248 1048 289 criminibus
1075 247 1350 289 claudentur.’
1410 246 1541 297 Haec,
1558 257 1601 289 U.
1618 259 1656 289 C.
1679 269 1748 298 570·

164 306 304 347 furens
338 307 409 356 ira,
443 320 572 362 quum
608 305 793 354 dixisset,
826 305 1017 347 lacrimae
1055 305 1247 347 omnibus
1281 305 1461 355 obortae,
1500 301 1594 347 etA·
1618 301 1655 332 C.
1682 304 1748 332 ¹²5²·

165 363 238 405 diu
259 373 460 405 maestum
479 362 689 404 silentium
711 363 858 404 tenuit.

223 421 334 463 Tum
356 421 555 463 Perseus:
590 425 603 444 ‘
615 420 860 476 Aperienda
879 420 1076 462 nimirum
1097 428 1219 461 nocte
1240 420 1365 462 ianua
1383 420 1475 470 fuit,
1497 430 1540 462 et
1630 424 1667 462 9.

167 484 179 502 6
196 479 340 520 armati
389 478 669 520 comissatores
718 478 963 534 accipiendi,
1005 477 1382 543 praebendumque
1433 478 1539 520 ferro
1553 479 1660 509 Persei
1679 490 1748 509 ΟΜ·

166 541 178 559 6
193 536 395 593 iugulum,
418 535 586 592 quando
610 550 695 576 non
721 535 914 585 creditur,
936 535 1016 577 nisi
1036 543 1333 592 perpetratum,
1354 536 1536 585 facinus3
1551 520 1606 552 ‘1¹⁶⁰

166 597 235 635 ‘et
255 593 400 635 eadem
420 594 574 659 petitus
594 593 755 634 insidiis
771 593 908 642 audio,
927 609 1032 649 quae
1050 593 1153 634 latro
1170 602 1293 648 atque
1312 592 1536 635 insidiator

165 655 177 674 ‘
193 650 237 692 N
240 667 295 693 on
322 652 601 707 nequicquam
626 651 693 692 isti
720 666 851 692 unum
873 651 1138 692 Demetrium
1158 650 1292 691 filium
1312 659 1352 691 te
1372 650 1538 700 habere,

136 721 148 743 1
165 713 258 750 ‘me
299 709 512 750 subditum
554 717 596 750 et
636 708 783 765 pellice
825 709 1014 765 genitum
1055 708 1277 765 appellant.
1339 707 1464 758 Nam,
1505 709 1539 749 si

165 766 379 823 ‘gradum,
408 767 441 808 si
471 766 684 808 caritatem
714 766 789 807 filii
818 766 931 823 apud
960 775 1000 808 te
1031 766 1240 816 haberem,
1267 781 1354 807 non
1383 765 1426 807 in
1457 781 1538 815 me,

164 829 176 848 ‘
192 833 436 880 querentem
461 823 737 880 deprehensas
761 824 944 874 insidias,
966 824 1040 865 sed
1066 824 1111 865 in
1137 839 1247 874 eum,
1269 824 1343 880 qui
1362 823 1538 874 fecisset,

164 887 176 905 ‘
192 882 389 923 saevires:
419 897 497 923 nec
519 881 622 923 adeo
644 882 719 923 tibi
738 881 830 924 vilis
850 882 936 923 vita
956 890 1063 923 esset
1083 891 1234 931 nostra,
1256 891 1304 922 ut
1323 896 1401 923 nec
1421 896 1539 938 prae-

165 944 176 962 ‘
192 939 313 980 terito
343 939 527 995 periculo
558 954 651 980 meo
681 940 915 990 movereris,
937 955 1074 995 neque
1100 939 1254 989 futuro,
1277 939 1310 980 si
1339 939 1539 980 insidian-

165 1001 175 1020 ‘
191 997 301 1038 tibus
321 997 373 1038 sit
392 997 575 1053 impune.
636 996 798 1053 Itaque,
820 998 854 1039 si
881 998 986 1039 mori
1013 997 1185 1038 tacitum
1206 1005 1382 1053 oportet,
1405 1005 1539 1038 tacea-

164 1059 176 1078 ‘
191 1068 295 1104 mus,
317 1055 474 1110 precati
495 1063 658 1096 tantum
678 1055 791 1105 deos,
813 1065 860 1096 ut
881 1070 905 1096 a
925 1070 991 1096 me
1020 1063 1215 1111 coeptum
1242 1054 1373 1095 scelus
1399 1054 1443 1095 in
1471 1069 1538 1095 me

164 1116 176 1135 ‘
191 1111 319 1152 finem
340 1111 500 1162 habeat,
518 1128 596 1153 nec
612 1127 688 1169 per
707 1128 847 1154 meum
868 1112 974 1154 latus
996 1121 1042 1153 tu
1061 1112 1225 1169 petaris.
1290 1111 1365 1153 Sin
1385 1122 1538 1162 autem,

164 1169 305 1225 ‘quod
335 1170 626 1211 circumventis
655 1170 699 1211 in
732 1170 954 1212 solitudine
986 1178 1135 1211 natura
1165 1185 1254 1226 ipsa
1285 1169 1461 1219 subiicit,
1495 1178 1541 1211 ut

165 1226 422 1277 611011111111111,
464 1242 568 1283 quos
606 1243 823 1284 nunquam
862 1228 1055 1293 viderint,
1096 1227 1223 1269 fidem
1273 1236 1414 1268 tamen
1462 1227 1540 1267 im-

165 1283 368 1340 ‘,plorent
402 1285 505 1325 mihi
537 1301 719 1341 quoque,
751 1286 905 1327 ferrum
940 1285 985 1326 in
1018 1301 1083 1327 me
1117 1285 1305 1326 strictum
1338 1285 1539 1335 cernenti,

133 1347 333 1382 2‘vocem
367 1342 531 1384 mittere
564 1343 712 1392 liceat3
744 1358 819 1408 per
850 1353 903 1392 te,
932 1343 1196 1399 patriumque
1228 1357 1395 1392 nomen,
1426 1317 1541 1398 quod

164 1403 176 1422 ‘
191 1399 274 1440 utri
294 1407 480 1441 nostrum
501 1400 681 1441 sanctius
701 1400 765 1450 sit,
783 1401 866 1441 iam
881 1400 1044 1456 pridem
1060 1400 1200 1449 sentis,
1217 1400 1276 1440 ita
1296 1415 1362 1441 me
1384 1399 1539 1449 audias,

163 1461 348 1512 ‘precor,
375 1467 580 1523 tanquam
603 1458 650 1508 si,
671 1474 771 1500 voce
803 1466 846 1499 et
876 1457 1202 1514 comploratione
1232 1465 1437 1498 nocturna
1467 1472 1541 1498 ex-

164 1514 309 1563 ‘citus,
341 1515 444 1555 mihi
476 1515 691 1580 quiritanti
720 1515 1023 1564 intervenisses,
1053 1515 1320 1556 Demetrium
1351 1530 1447 1556 cum
1478 1530 1541 1556 ar-

165 1571 313 1612 ‘matis
340 1581 462 1612 nocte
492 1573 741 1629 intempesta
767 1573 812 1613 in
835 1572 1038 1614 vestibulo
1066 1588 1159 1613 meo
1184 1572 1538 1628 deprehendisses.

166 1634 178 1652 ‘
197 1628 326 1676 Quod
351 1638 439 1669 tum
464 1630 744 1671 vociferarer
734 1645 778 1670 111
808 1645 851 1671 re
882 1630 1088 1686 praesenti
1116 1629 1302 1694 pavidus,
1324 1629 1404 1671 hoc
1428 1645 1541 1671 nunc

133 1691 179 1726 36
193 1695 358 1751 postero
383 1687 449 1728 die
476 1702 636 1753 queror.
700 1688 856 1738 Frater,
878 1703 963 1729 non
993 1687 1304 1729 comissantium
1332 1687 1377 1727 in
1408 1687 1540 1728 vicem

166 1744 275 1784 ‘iam
307 1743 381 1784 diu
412 1745 587 1786 vivimus
618 1746 727 1787 inter
757 1761 844 1787 nos.
907 1746 1101 1801 Regnare
1134 1744 1280 1800 utique
1312 1744 1398 1785 vis:
1443 1745 1541 1787 huic

166 1801 281 1857 ‘spei
317 1810 411 1843 tuae
444 1802 578 1844 obstat
612 1811 723 1845 aetas
762 1818 868 1852 mea,
902 1804 1038 1844 obstat
1072 1803 1262 1859 gentium
1295 1802 1372 1851 ius,
1406 1802 1541 1844 obstat

166 1867 377 1900 ‘vetustus
402 1859 677 1902 Macedoniae
708 1876 810 1912 mos,
836 1861 970 1902 obstat
994 1875 1091 1901 vero
1121 1860 1246 1901 etiam
1275 1859 1403 1916 patris
1433 1860 1542 1901 iudi-

166 1916 315 1958 ‘cium.
378 1916 497 1959 Haec
532 1919 837 1968 transcendere,
872 1918 953 1960 nisi
989 1933 1064 1974 per
1103 1932 1243 1959 meum
1283 1917 1541 1973 sanguinem,

167 1979 282 2015 ‘non
310 1983 438 2031 potes.
503 1975 658 2017 Omnia
687 1976 843 2018 moliris
873 1986 915 2017 et
947 1984 1091 2017 tentas.
1153 1974 1310 2016 Adhuc
1342 1989 1416 2016 seu
1445 1990 1544 2016 cura

167 2036 179 2055 ‘
194 2046 299 2081 mea,
321 2047 395 2073 seu
414 2033 591 2084 fortuna,
614 2034 764 2075 restitit
782 2033 1004 2090 parricidio
1025 2042 1109 2074 tuo.
1173 2031 1383 2074 Hesterno
1405 2032 1507 2073 die
1498 2048 1542 2074 1n

169 2088 451 2140 ‘lustratione,
478 2099 520 2131 et
549 2091 739 2142 decursu,
765 2101 807 2133 et
837 2091 1054 2132 simulacro
1084 2089 1244 2131 ludicro
1274 2105 1452 2146 pugnae,
1478 2089 1542 2131 fu-

169 2152 360 2188 ‘nestum
391 2163 519 2204 prope
555 2149 758 2205 proelium
790 2149 949 2190 fecisti.
993 2163 1072 2190 nec
1107 2162 1174 2188 me
1210 2146 1323 2188 aliud
1356 2163 1379 2188 a
1411 2156 1541 2189 morte

169 2209 181 2227 6
196 2203 432 2255 vindicavit,
455 2221 580 2261 quam
601 2207 715 2262 quod
735 2222 801 2248 me
823 2222 869 2248 ac
891 2221 1004 2248 meos
1024 2205 1135 2247 vinci
1157 2220 1298 2262 passus
1319 2220 1421 2246 sum.
1471 2205 1541 2246 Ab

169 2261 334 2303 ‘hostili
363 2263 533 2318 proelio,
556 2272 754 2320 tanquam
783 2264 964 2306 fraterno
993 2263 1099 2312 lusu,
1123 2262 1361 2319 pertrahere
1393 2277 1459 2303 me
1490 2262 1543 2304 ad

169 2324 367 2360 ‘coenam
399 2320 576 2362 voluisti.
640 2321 801 2371 Credis,
831 2337 910 2372 me,
937 2330 1066 2377 pater,
1095 2321 1205 2361 inter
1234 2320 1412 2361 inermes
1443 2335 1542 2361 con-

169 2377 307 2418 ‘vivas
347 2388 618 2420 coenaturum
657 2380 794 2429 fuisse,
831 2379 883 2420 ad
924 2394 1049 2435 quem
1091 2378 1237 2418 armati
1277 2377 1542 2418 comissatum

170 2440 181 2458 ‘
195 2437 428 2476 venerunt?
454 2437 586 2477 credis
606 2437 710 2477 nihil
733 2453 756 2478 a
775 2437 827 2493 gl
819 2437 922 2477 adiis
942 2445 1064 2477 nocte
1085 2435 1259 2491 periculi
1281 2435 1383 2475 mihi
1404 2435 1541 2483 fuisse,

138 2497 182 2529 4‘
198 2506 321 2546 quem
353 2494 535 2544 sudibus,
559 2504 599 2535 te
630 2495 901 2551 inspectante,
927 2509 1056 2550 prope
1087 2493 1354 2534 occiderunt.
1345 2494 1362 2522 ‘²
1426 2492 1544 2541 Quid

217 2672 227 2693 1
250 2664 369 2694 Pelliee
382 2665 541 2702 yenitum]
565 2665 604 2696 cf.
617 2666 710 2705 Supr.
723 2665 833 2697 xxxix.
878 2665 1011 2696 monuit.
1038 2665 1152 2696 DRAK.

172 2714 221 2746 53.
921 2718 938 2747 3
963 2709 1206 2739 Comisscmtz'nm
1222 2709 1257 2737 in
1272 2706 1386 2746 vicem]
1415 2707 1453 2737 Iu
1478 2717 1542 2736 mo<

215 2757 231 2777 ι’
255 2749 322 2779 I'er
337 2753 378 2785 te,
391 2750 595 2789 patriumque
610 2753 738 2789 nomen]
758 2752 833 2781 Om-
878 2761 955 2788 reru,
972 2761 1034 2790 quo
1056 2750 1087 2780 in
1109 2750 1383 2781 comissationibus
1403 2750 1484 2778 alter
1499 2749 1542 2778 al-

171 2790 247 2821 uino
266 2791 428 2821 Gronovio
449 2792 600 2821 assentior
624 2792 684 2823 hoc
705 2794 834 2832 quidem
878 2800 981 2824 terum
1000 2793 1134 2823 vicissim
1151 2793 1239 2823 adire
1256 2793 1344 2822 solet.
1371 2792 1479 2821 Domi.

174 2834 242 2863 1000
256 2845 325 2873 per,
342 2839 381 2868 le,
397 2836 541 2873 patrium
561 2846 683 2872 nomen,
699 2837 835 2875 expulsa
921 2847 939 2874 4
963 2838 1062 2873 Quem
1083 2836 1231 2872 sudibus]
1262 2835 1335 2871 Hic,
1356 2838 1392 2864 ut
1412 2843 1496 2873 supr.
1513 2832 1543 2864 6.

172 2876 355 2915 copulativa
398 2888 458 2916 qne
503 2877 631 2916 legenti,
674 2879 834 2916 quomodo
878 2880 1011 2910 rudibus
1027 2877 1167 2918 reposuit
1185 2877 1323 2908 Bckkcr.

172 2918 266 2949 ctiam
301 2920 535 2950 emendandum
570 2930 636 2950 csse
669 2930 752 2960 supr.
789 2922 832 2950 18.
