1960 3218
550 137 677 180 LIB.
711 137 929 180 XXXVI.
975 137 1124 180 CAP.
1157 142 1225 180 34.
1510 138 1593 179 253

194 230 355 288 phanes
383 230 578 272 adversus
605 230 710 272 haec
736 245 914 287 purgare
946 229 1161 272 interdum
1190 244 1278 271 sese
1297 230 1564 285 'gentemque
1581 243 1592 277 3
1610 235 1654 267 U.
1671 235 1710 267 C.
1733 235 1806 277 561.

195 289 408 330 interdum
437 288 489 329 de
518 289 607 329 iure
635 288 735 329 facti
760 288 975 329 disserere.
1043 287 1229 336 Quidam
1254 286 1525 328 Achaeorum
1552 294 1596 327 et
1608 279 1647 310 Α·
1673 279 1711 310 C.
1737 288 1806 320 19¹·

196 346 319 387 initio
348 362 438 387 eam
468 361 510 387 se
541 361 630 387 rem
658 356 898 402 aspernatos
926 346 1198 394 testabantur,
1221 353 1264 385 et
1288 353 1389 385 tunc
1410 344 1595 400 pertina-

197 404 304 445 ciam
337 404 644 459 increpitabant
675 404 902 460 praetoris:
938 404 1262 459 auctoribusque
1296 402 1346 442 iis
1377 401 1595 443 decretum

197 470 272 511 est,
295 470 343 502 ut
364 461 414 502 Τ.
438 462 641 509 Quinctio
667 477 717 502 ea
744 476 809 503 res
836 461 1161 517 permitteretur.
1226 459 1328 501 Erat
1352 459 1594 509 Quinctius,

196 519 304 560 sicut
333 518 648 560 adversantibus
679 534 810 575 asper,
843 519 914 569 ita,
943 519 977 559 si
1008 518 1192 568 cederes,
1221 517 1336 558 idem
1366 517 1593 573 placabilis.

200 576 366 618 Omissa
399 576 528 633 igitur
563 577 835 618 contentione
871 576 984 618 vocis
1020 576 1257 632 vultusque,
1311 574 1385 616 ‘Si
1422 574 1596 624 utilem,’

196 634 348 690 inquit,
383 639 395 658 ‘
410 635 713 690 possessionem
741 635 831 676 eius
859 634 1019 675 insulae
1048 649 1262 675 censerem
1287 632 1470 675 Achaeis
1491 647 1594 682 esse,

199 697 372 733 ‘auctor
412 707 545 733 essem
585 693 750 734 senatui
786 692 1028 749 populoque
1066 691 1275 740 Romano,
1314 700 1361 732 ut
1396 705 1488 731 eam
1524 705 1597 731 vos

166 765 183 797 5
199 755 212 773 ‘
226 749 379 791 habere
402 750 599 791 sinerent.
666 749 868 792 Ceterum
898 750 1006 791 sicut
1034 749 1304 798 testudinem,
1328 749 1401 790 ubi
1422 747 1598 789 collecta

200 807 272 848 ‘in
299 823 422 848 suum
451 818 651 864 tegumen
682 817 756 858 est,
781 817 914 849 tutam
946 807 998 849 ad
1029 823 1175 848 omnes
1200 807 1308 848 ictus
1329 806 1452 847 video
1477 821 1594 855 esse3

200 871 213 890 ‘
228 865 300 907 ubi
317 866 471 907 exserit
492 875 629 922 partes
651 866 823 922 aliquas,
847 865 1132 922 quodcunque
1155 865 1345 914 nudavit,
1364 863 1597 905 obnoxium

201 928 354 979 ‘atque
390 924 605 965 infirmum
640 924 819 965 habere:
859 924 974 965 haud
1010 923 1268 964 dissimiliter
1297 937 1382 972 vos,
1418 921 1595 971 Achaei,

202 980 388 1022 ‘clausos
420 982 609 1038 undique
646 982 762 1031 mari,
798 997 905 1038 quae
940 982 1049 1023 intra
1081 980 1365 1037 Peloponnesi
1398 979 1482 1020 sint
1514 987 1598 1020 ter-

201 1039 377 1088 ‘minos,
401 1054 450 1080 ea
480 1048 523 1080 et
553 1040 726 1095 iungere
754 1039 882 1089 vobis,
912 1048 955 1080 et
984 1039 1129 1080 iuncta
1159 1039 1268 1079 tueri
1292 1037 1413 1079 facile
1430 1053 1440 1086 3
1473 1036 1599 1077 simul

202 1096 426 1138 ‘aviditate
462 1097 582 1153 plura
618 1097 901 1154 amplectendi
936 1097 1036 1137 hinc
1072 1096 1300 1145 excedatis,
1334 1095 1450 1136 nuda
1481 1094 1598 1136 vobis

202 1159 215 1178 ‘
230 1154 383 1203 omnia,
407 1170 514 1210 quae
541 1164 659 1196 extra
683 1155 778 1204 sint,
802 1163 845 1196 et
875 1155 1065 1211 exposita
1093 1154 1146 1195 ad
1175 1169 1320 1195 omnes
1349 1153 1456 1194 ictus
1484 1152 1599 1193 esse.’

201 1212 473 1254 Assentiente
511 1214 626 1253 omni
663 1213 855 1262 concilio,
893 1228 972 1253 nec
1010 1212 1237 1268 Diophane
1274 1211 1384 1252 ultra
1423 1210 1597 1252 tendere

201 1285 314 1319 auso,
340 1270 586 1327 Zacynthus
610 1270 813 1312 Romanis
835 1270 1023 1311 traditur.

260 1327 343 1368 Per
370 1328 484 1368 idem
513 1338 678 1384 tempus
704 1328 926 1384 Philippus
957 1343 1045 1377 reX,
1078 1328 1414 1384 proficiscentem
1449 1341 1600 1368 consu-
1677 1329 1747 1367 33.

200 1384 283 1426 lem
313 1385 367 1426 ad
396 1385 665 1442 Naupactum
694 1394 1004 1442 percunctatus,
1029 1386 1062 1426 si
1085 1401 1127 1426 se
1150 1386 1332 1434 interim,
1354 1400 1462 1441 quae
1485 1384 1599 1425 dese»
1614 1384 1800 1433 Demetrias

201 1443 355 1484 cissent
376 1444 427 1484 ab
449 1444 646 1485 societate
670 1444 877 1493 Romana,
902 1445 1024 1485 urbes
1055 1444 1240 1500 recipere
1263 1443 1403 1492 vellet,
1425 1442 1600 1498 permit-
1613 1428 1812 1501 {eegitphppo

201 1509 318 1542 tente
347 1516 410 1550 eo,
434 1501 487 1542 ad
519 1501 837 1542 Demetriadem
869 1502 1009 1558 copias
1040 1501 1238 1551 admovit,
1271 1501 1386 1542 haud
1417 1501 1598 1556 ignarus,
1707 1494 1715 1503 ’

170 1567 360 1614 6quanta
385 1559 443 1600 ibi
469 1568 559 1600 tum
583 1560 842 1615 perturbatio
864 1568 983 1600 esset.
1047 1559 1253 1600 Destituti
1275 1559 1389 1600 enim
1411 1559 1462 1599 ab
1485 1558 1601 1599 omni

202 1631 288 1672 spe,
312 1632 444 1673 quum
466 1617 651 1658 desertos
679 1633 721 1658 se
751 1617 802 1658 ab
825 1617 1054 1667 Antiocho,
1078 1632 1195 1672 spem
1217 1616 1377 1657 nullam
1400 1616 1444 1657 in
1466 1616 1602 1657 Aeto-

201 1673 251 1714 lis
273 1689 360 1715 esse
382 1684 614 1724 cernerent,
633 1675 721 1716 dies
743 1684 972 1731 noctesque
995 1684 1067 1716 aut
1083 1675 1271 1731 Philippi
1293 1674 1423 1715 hostis
1444 1674 1601 1715 adven-

204 1739 306 1781 tum,
331 1741 401 1773 aut
430 1733 687 1774 infestiorem
713 1733 852 1782 etiam,
876 1749 960 1789 quo
986 1733 1134 1774 iustius
1163 1733 1256 1773 irati
1287 1740 1418 1781 erant,
1444 1732 1602 1773 Roma-

202 1804 354 1830 norum
379 1792 690 1846 exspectabant.
754 1791 900 1832 Turba
921 1801 1008 1832 erat
1029 1791 1086 1832 ibi
1115 1790 1333 1831 incondita
1360 1790 1598 1846 regiorum:

203 1847 289 1903 qui,
312 1848 447 1904 primo
469 1849 591 1904 pauci
613 1849 657 1889 in
678 1848 886 1905 praesidio
908 1848 1054 1898 relicti,
1073 1857 1218 1904 postea
1238 1848 1391 1905 plures,
1409 1847 1601 1904 plerique

202 1905 397 1955 inermes,
429 1921 483 1947 ex
515 1906 674 1962 proelio
706 1907 880 1947 adverso
912 1906 1011 1963 fuga
1041 1906 1183 1956 delati,
1215 1922 1295 1947 nec
1325 1906 1489 1955 virium,
1522 1920 1601 1946 nec

204 1963 333 2003 animi
364 1964 460 2004 satis
491 1964 544 2004 ad
578 1964 839 2005 obsidionem
872 1964 1132 2005 tolerandam
1163 1964 1387 2005 habebant.
1450 1962 1601 2018 Itaque

203 2021 439 2076 praemissis
465 2036 488 2062 a
513 2021 727 2077 Philippo,
750 2022 823 2077 qui
853 2037 970 2077 spem
998 2021 1272 2077 impetrabilis
1292 2021 1439 2062 veniae
1463 2029 1603 2061 osten-

205 2077 375 2127 debant,
398 2078 718 2134 responderunt,
742 2089 884 2134 patere
907 2087 1046 2135 portas
1066 2079 1165 2135 regi.
1215 2078 1287 2119 Ad
1308 2079 1491 2134 primum
1513 2078 1603 2118 eius

205 2134 437 2191 ingressum
470 2136 709 2192 principum
742 2136 914 2192 quidam
947 2137 1049 2177 urbe
1082 2145 1377 2177 excesserunt:
1423 2135 1604 2192 Eurylo-

206 2192 309 2233 chus
346 2202 524 2234 mortcm
560 2193 637 2234 sibi
675 2194 887 2235 conscivit.
954 2194 1156 2235 Antiochi
1193 2193 1346 2235 milites
1377 2193 1455 2249 (sic
1489 2193 1603 2234 enim

236 2250 317 2291 acti
339 2251 478 2305 erant)
499 2266 574 2307 per
590 2251 890 2292 Macedoniam
909 2251 1232 2308 Thraciamque,
1251 2251 1604 2307 prosequentibus

204 2265 528 2358 illacedonibus,
558 2324 611 2350 ne
644 2309 738 2365 quis
769 2325 840 2350 cos
872 2308 1056 2359 violaret,
1087 2309 1400 2366 Lysimachiam
1431 2307 1604 2349 deducti

206 2375 315 2407 sunt.
380 2366 514 2407 Erant
534 2374 577 2408 et
597 2382 754 2423 paucae
779 2382 906 2408 naves
928 2367 1217 2417 Demetriade,
1241 2367 1394 2423 quibus
1414 2372 1605 2423 praeerat

206 2422 417 2465 Isidorus:
461 2440 533 2466 cae
566 2440 736 2481 quoque
770 2440 867 2466 cum
903 2425 1114 2481 praefecto
1149 2440 1224 2466 suo
1260 2424 1454 2465 dimissae
1491 2433 1601 2464 sunt.

207 2479 314 2521 Inde
348 2481 589 2538 Dolopiam,
622 2492 664 2524 et
695 2482 984 2539 Aperantiam,
1017 2491 1060 2524 et
1090 2482 1368 2524 Perrhaebiae
1401 2481 1603 2538 quasdam

208 2537 396 2580 civitates
417 2540 586 2596 recepit.

267 2594 384 2636 Dum
414 2596 517 2638 haec
548 2612 572 2638 a
604 2597 804 2654 Philippo
839 2607 1056 2654 geruntur,
1090 2599 1140 2640 T.
1164 2598 1403 2647 Quinctius,
1435 2604 1605 2653 recepta
1682 2600 1749 2638 34.

212 2651 434 2709 Zacyntho
463 2655 514 2695 ab
536 2655 726 2697 Achaico
753 2656 945 2706 concilio,
970 2656 1242 2712 Naupactum
1274 2655 1462 2705 traiecit,
1496 2669 1603 2711 quae
1618 2655 1796 2738 ἓῗὲΐιῒέῑῑιῦ

1619 2744 1717 2772 ctum.

258 2790 274 2820 5
299 2783 389 2813 Sicut
419 2784 624 2822 tas-tudinem]
674 2785 713 2815 In
745 2785 886 2815 nummis
930 2788 982 2815 tur
999 2783 1184 2821 Quinctius.
1210 2784 1316 2815 CREV.

209 2824 362 2864 antiquis,
387 2829 421 2855 ut
446 2830 580 2856 annotat
605 2827 671 2858 Iac.
695 2828 735 2857 dc
760 2827 886 2865 Wilde,
973 2827 992 2857 6
1015 2828 1241 2865 Pertnrhatio]
1269 2837 1310 2858 sc.
1328 2825 1520 2857 Animorum
1544 2824 1605 2854 sol-

211 2877 241 2906 p.
269 2875 317 2907 79.
351 2868 594 2907 Peloponnesus
628 2869 780 2900 testudini
812 2870 885 2900 assi—
931 2869 1075 2901 licitudo.
1101 2870 1209 2901 Dor-112.

210 2909 351 2941 milatur.
377 2910 512 2942 ΙΙΕΛΙιΝ.
559 2911 608 2942 Eo
635 2912 779 2942 alludere
802 2912 884 2942 vide-
