1960 3218
542 151 669 194 LIB.
703 150 876 193 XXXI.
924 150 1070 193 CAP.
1103 155 1172 193 40.
1508 154 1560 193 35

158 245 310 302 lippus,
340 258 472 300 quum
505 242 640 299 primo
671 242 725 283 ad
751 241 983 298 Bryanium
1020 241 1169 282 stativa
1200 240 1425 290 habuisset,
1460 255 1556 297 pro-

158 302 292 343 fectus
312 301 411 342 inde
433 300 674 341 transversis
694 299 909 348 limitibus,
933 307 1134 340 terrorem
1155 298 1348 354 praebuit
1369 298 1554 339 subitum

158 359 280 401 hosti.
343 357 517 399 Movere
549 357 691 413 itaque
723 372 776 398 ex
807 355 988 397 Pluvina
1017 355 1214 405 Romani,
1241 367 1284 396 et
1311 355 1363 396 ad
1388 354 1554 410 Ospha-

159 431 260 471 gum
285 416 443 456 flumen
471 423 704 471 posuerunt
728 421 872 455 castra.
936 413 1033 454 Rex
1064 412 1178 453 haud
1209 411 1356 469 procul
1386 412 1484 453 inde
1513 421 1556 453 et

159 474 262 530 ipse,
294 472 402 514 vallo
437 487 563 528 super
598 472 731 528 ripam
765 471 899 512 amnis
932 470 1073 520 ducto,
1102 470 1359 526 (Erigonum
1392 469 1554 510 incolae

158 529 331 586 vocant)
352 529 553 571 consedit.
601 528 708 570 Inde
730 528 828 570 satis
848 536 1077 584 comperto,
1094 527 1329 569 Eordaeam
1351 527 1556 583 petituros

1578 249 1617 279 U.
1635 248 1672 279 C.
1696 257 1768 287 552.

1569 292 1609 323 A.
1634 291 1672 322 C.
1696 299 1767 322 ‘200-

1570 540 1720 579 Occupat

161 588 390 637 Romanos,
407 587 461 628 ad
477 586 742 643 occupandas
762 585 985 642 angustias,
1004 601 1056 626 ne
1079 600 1273 641 superare
1296 584 1436 625 hostes
1458 584 1556 625 artis
1568 582 1732 630 angustias

159 646 349 687 faucibus
394 644 601 685 inclusum
643 644 804 685 aditum
845 651 1026 699 possent,
1067 642 1301 698 praecessit.
1370 641 1435 682 Ibi
1476 641 1556 682 alia
1569 636 1633 664 ‘³¹¹³
1649 629 1709 655 iter
1724 635 1757 654 ¹¹¹

1572 669 1752 699 Eordaeam

159 703 282 752 vallo,
305 703 386 743 alia
405 702 524 751 fossa,
547 701 628 742 alia
654 701 841 757 lapidum
864 700 1072 756 congerie,
1096 708 1142 741 ut
1163 715 1239 756 pro
1260 714 1380 740 muro
1402 707 1554 745 essent,
1569 714 1648 742 erat.

133 782 145 802 1
161 760 241 802 alia
265 760 479 801 arboribus
501 759 687 808 obiectis,
710 759 769 799 ita
797 766 844 799 ut
870 757 986 799 locus
1010 757 1260 814 postulabat,
1284 765 1355 798 aut
1384 756 1558 798 materia

161 817 468 874 suppeditabat,
502 832 680 873 propere
711 816 964 871 permuniit3
998 823 1137 871 atque,
1172 823 1219 856 ut
1251 815 1338 871 ipse
1373 815 1554 864 rebatur,

159 875 270 917 viam
301 883 447 931 suapte
478 882 627 915 natura
654 873 881 923 difficilem,
904 873 1078 914 obiectis
1098 888 1173 929 per
1193 888 1339 914 omnes
1361 872 1558 913 transitus

161 934 358 990 operibus
389 931 764 988 inexpugnabilem
794 930 903 972 feeit.
968 930 1101 971 Erant
1131 930 1331 986 pleraque
1354 929 1558 971 silvestria

162 991 284 1040 circa,
321 989 588 1031 incommoda
622 988 821 1045 phalangi
857 988 1039 1029 maxime
1074 987 1388 1028 Macedonum:
1434 1002 1556 1043 quae,

162 1048 243 1089 nisi
265 1049 337 1089 ubi
365 1046 602 1103 praelongis
622 1046 750 1087 hastis
771 1046 886 1087 velut
908 1045 1064 1086 vallum
1093 1054 1188 1086 ante
1211 1045 1369 1101 clipeos
1390 1045 1556 1094 obiecit,

162 1106 299 1162 (quod
320 1115 367 1146 ut
387 1105 473 1154 fiat,
488 1104 620 1145 libero
637 1119 785 1159 campo
806 1118 911 1160 opus
932 1102 1014 1158 est)
1032 1102 1187 1143 nullius
1209 1102 1438 1143 admodum
1460 1116 1559 1142 usus

132 1171 236 1206 aest.
299 1163 484 1203 Thracas
516 1176 686 1218 quoque
714 1160 1011 1217 rhomphaeae,
1040 1160 1224 1216 ingentis
1252 1168 1294 1201 et
1322 1160 1435 1215 ipsae
1466 1159 1559 1200 lon-

161 1220 377 1277 gitudinis,
396 1220 505 1260 inter
526 1219 712 1260 obiectos
734 1218 924 1274 undique
946 1232 1083 1258 ramos
1104 1217 1402 1273 impediebant.
1454 1216 1560 1257 Cre-

162 1278 345 1319 tensium
378 1292 463 1318 una
486 1276 635 1317 cohors
665 1292 751 1317 non
780 1275 940 1316 inutilis
969 1284 1078 1316 erat:
1113 1275 1187 1315 sed
1209 1289 1258 1315 ea
1279 1290 1448 1330 quoque
1471 1274 1561 1330 ipsa

163 1344 223 1386 ut,
252 1335 286 1376 si
318 1335 411 1391 quis
444 1334 649 1390 impetum
683 1334 851 1383 faceret,
884 1333 928 1373 in
961 1340 1177 1389 patentem
1206 1332 1370 1373 vulneri
1402 1346 1561 1387 equum

132 1393 436 1449 gequitemque
473 1391 641 1447 sagittas
674 1391 881 1432 coniicere
917 1398 1093 1446 poterat,
1127 1390 1186 1430 ita
1217 1389 1414 1430 adversus
1445 1397 1563 1429 scuta

165 1451 360 1492 Romana
390 1464 468 1490 nec
500 1449 555 1489 ad
583 1448 875 1490 traiiciendum
904 1448 1001 1489 satis
1033 1462 1227 1503 magnam
1254 1447 1338 1488 vim
1366 1447 1560 1495 habebat,

162 1523 242 1549 nec
264 1507 396 1564 aperti
418 1506 645 1563 quicquam
668 1514 768 1555 erat,
792 1505 907 1561 quod
929 1512 1102 1561 peteret.
1166 1504 1316 1560 Itaque
1347 1504 1392 1545 id
1420 1512 1467 1545 ut
1491 1518 1562 1544 va-

163 1581 267 1607 num
285 1565 356 1606 teli
377 1579 510 1621 genus
532 1572 753 1605 senserunt
770 1578 871 1611 esse,
887 1562 996 1603 saxis
1017 1562 1167 1618 passim
1191 1570 1279 1603 tota
1295 1561 1400 1603 valle
1423 1562 1564 1602 iacen-

166 1623 277 1664 tibus
308 1622 570 1663 incessebant
599 1621 774 1661 hostem.
840 1620 915 1670 Ea,
946 1621 1101 1660 maiore
1131 1635 1227 1660 eum
1259 1620 1411 1668 sonitu,
1436 1633 1563 1675 quam

164 1679 336 1721 vulnere
359 1679 457 1728 ullo,
480 1678 661 1735 pulsatio
682 1686 895 1719 scutorum
927 1692 1153 1733 parumper
1178 1677 1451 1718 succedentes
1475 1676 1564 1717 Ro-

165 1752 311 1779 manos
341 1737 490 1778 tenuit.
553 1735 737 1785 Deinde,
766 1735 816 1776 iis
845 1750 1015 1790 quoque
1047 1735 1208 1790 spretis,
1235 1735 1400 1790 partim,
1434 1742 1564 1775 testu-

165 1795 264 1836 dine
295 1795 415 1844 facta,
446 1809 521 1850 per
551 1793 746 1834 adversos
773 1792 933 1833 vadunt
964 1792 1126 1833 hostes:
1161 1792 1326 1848 partim,
1348 1792 1464 1833 brevi
1485 1792 1564 1832 cir-

166 1853 284 1894 cuitu
305 1867 436 1908 quum
468 1851 512 1892 in
541 1851 687 1908 iugum
710 1850 826 1892 collis
848 1850 1086 1900 evasissent,
1110 1849 1295 1906 trepidos
1326 1865 1379 1891 ex
1409 1864 1565 1905 praesr-

165 1910 246 1952 diis
279 1910 611 1965 stationibusque
646 1907 905 1949 Macedonas
936 1908 1184 1949 deturbant:
1219 1916 1274 1956 et,
1305 1916 1352 1948 ut
1383 1907 1427 1947 in
1463 1907 1564 1948 loeis

166 1967 380 2024 impeditis
410 1966 570 2008 difficili
604 1966 714 2022 fuga,
751 1965 974 2022 plerosque
1011 1965 1137 2006 etiam
1169 1965 1434 2005 obtruncant.
1498 1964 1565 2006 Ita

167 2025 382 2081 angustiae
414 2025 575 2065 minore
606 2023 848 2073 certamine,
871 2038 998 2078 quam
1020 2022 1136 2078 quod
1161 2022 1311 2063 animis
1336 2037 1564 2078 proposue-

166 2091 274 2132 rant,
296 2091 527 2138 superatae,
549 2089 592 2122 et
619 2081 663 2121 in
687 2080 921 2121 Eordaeam
949 2087 1224 2136 perventum3
1260 2080 1332 2120 ubi
1354 2087 1565 2135 pervasta-

168 2140 220 2181 tis
241 2140 392 2196 passim
414 2139 534 2194 agris,
557 2139 602 2181 in
624 2137 830 2179 Elimeam
854 2152 897 2178 se
919 2137 1089 2193 recepit.
1153 2136 1259 2178 Inde
1282 2137 1488 2192 impetum
1519 2137 1566 2178 in

171 2197 410 2240 Orestidem
440 2196 563 2245 fecit3
597 2203 640 2236 et
670 2194 874 2251 oppidum
907 2194 1126 2236 Celetrum
1159 2202 1222 2235 est
1257 2208 1485 2249 aggressus,
1520 2194 1565 2236 in

168 2254 416 2312 paeninsula
437 2254 574 2294 situm.
638 2252 776 2294 Lacus
798 2252 964 2293 moenia
985 2251 1139 2308 cingit:
1174 2252 1360 2307 angustis
1376 2251 1565 2293 faucibus

167 2327 302 2354 unum
324 2327 377 2353 ex
398 2311 634 2353 continenti
664 2310 744 2351 iter
768 2318 840 2350 est.
904 2309 1048 2350 Primo
1070 2309 1152 2350 situ
1174 2309 1264 2365 ipso
1284 2309 1393 2358 freti,
1416 2308 1565 2349 clausis

168 2370 312 2427 portis,
345 2369 569 2425 imperium
600 2368 807 2409 abnuere:
844 2366 1012 2416 deinde,
1045 2374 1268 2422 postquam
1303 2367 1423 2422 signa
1457 2366 1564 2416 ferri,

169 2442 217 2468 ac
238 2426 449 2468 testudine
471 2425 638 2467 succedi
666 2425 720 2466 ad
746 2432 923 2481 portam,
946 2425 1214 2479 obsessasque
1236 2424 1376 2464 fauces
1398 2424 1564 2479 agmine

169 2484 353 2526 hostium
376 2484 583 2533 viderunt,
605 2482 850 2539 priusquam
879 2497 931 2523 ex
965 2482 1172 2523 erirentur
1200 2490 1425 2531 certamen,
1449 2490 1567 2522 metu

170 2542 214 2583 in
245 2541 506 2583 deditionem
537 2549 754 2582 venerunt.
818 2539 888 2580 Ab
937 2536 1085 2580 *eletro
1111 2539 1155 2579 in
1177 2538 1440 2580 Dassaretios
1471 2553 1566 2595 pro-

208 2664 218 2684 ι
236 2656 305 2685 Aut
315 2655 451 2686 materia
460 2654 703 2694 suppeditabat]
721 2653 846 2683 Vocem
892 2653 999 2684 Ciu-w.
1045 2653 1207 2691 anpz'ae
1222 2651 1347 2691 scripsit
1365 2651 1521 2687 Bekker.‚
1534 2656 1568 2681 ut

173 2698 262 2737 operi
290 2701 362 2736 post
383 2698 608 2736 suppeditabat
631 2706 671 2726 ex
698 2696 848 2726 emenda·
892 2696 978 2734 apud
999 2695 1038 2726 A,
1056 2694 1143 2725 Gell.
1166 2705 1196 2726 x.
1220 2703 1269 2733 25.
1296 2695 1370 2724 Val.
1396 2695 1504 2724 Flacc.
1528 2694 1567 2724 vi.

174 2741 262 2770 tione
283 2739 425 2769 Walchii
442 2739 567 2769 addidit
584 2738 726 2769 Bekker.
892 2739 943 2778 98.

218 2792 235 2812 2
257 2783 477 2822 Romphaeae]
499 2781 693 2820 Romphaca
708 2784 776 2811 erat
792 2780 849 2811 teli
937 2789 954 2818 3
972 2781 1137 2812 Adversus
1151 2784 1242 2811 scuta
1259 2780 1423 2818 Romana]
1448 2789 1491 2809 sc.
1505 2779 1567 2808 Ad-

175 2824 324 2857 Thracici
348 2834 459 2863 genus,
483 2824 703 2863 praelongam,
719 2833 849 2862 anceps
895 2832 1002 2853 versus
1031 2822 1156 2862 pedites
1184 2822 1351 2853 Romanos
1380 2821 1478 2851 scutis
1507 2821 1569 2851 suis

175 2868 241 2898 sive
269 2868 353 2907 quod
383 2877 421 2897 ex
450 2870 584 2905 utraque
616 2869 707 2905 parte
734 2865 850 2895 caesim
898 2868 1058 2904 protectos
1074 2864 1153 2895 nihil
1171 2864 1369 2905 proficiebat.
1394 2865 1499 2895 Cum.

177 2910 269 2941 ferire
301 2913 415 2949 posset.
454 2909 494 2939 cf.
520 2908 664 2939 Martinii
697 2908 850 2939 Lexicon.

1264 2952 1338 2988 υἱ.)

1578 1739 1727 1769 Perrum-

1577 1786 1660 1822 punt
1677 1783 1743 1812 Ro-

1533 1849 1541 1857 .
1577 1824 1665 1855 mani
1681 1835 1736 1854 an-

1576 1868 1706 1907 gustias.

1640 1961 1708 1999 40.
