1960 3218
558 138 684 180 LIB.
725 137 947 179 XXXIX.
992 137 1138 179 CAP.
1175 141 1241 179 28.
1513 141 1599 179 403

199 237 211 255 ⁶
227 231 416 287 culisque
469 231 663 272 omnibus
713 229 960 271 interfuerit.
1026 229 1194 271 Habere
1241 243 1338 270 eum
1384 236 1601 285 praeterea
1614 239 1659 273 U.
1674 240 1713 272 C.
1736 239 1809 281 567-

165 289 375 331 6⁶decem
406 289 638 345 legatorum
672 287 716 328 in
749 302 842 329 eam
871 302 960 328 rem
990 287 1323 343 praeiudicium;
1362 286 1437 342 qui
1465 300 1598 342 quum
1612 284 1651 316 A·
1676 283 1714 316 O.
1739 284 1808 323 185·

198 353 210 371 ⁶
230 347 542 388 Chersonesum
565 345 964 402 Lysimachiamque
987 345 1197 395 dederint,
1221 344 1469 386 Maroneam
1491 359 1598 400 quo-

199 410 210 428 ⁶
227 420 309 461 que
336 414 463 460 atque
487 403 659 444 Aenum
687 403 875 459 profecto
896 402 1074 452 dedisse,
1098 417 1207 458 quae
1236 402 1326 458 ipsa
1349 402 1598 458 propinqui-

198 468 210 486 ⁶
227 471 310 504 tate
347 461 529 518 regionis
569 461 685 502 velut
725 460 979 516 appendices
1014 460 1182 501 maioris
1223 460 1409 501 muneris
1445 469 1594 500 essent.

198 526 210 544 ⁶
227 520 340 561 Nam
362 519 609 575 Philippum
631 518 803 574 quidem
826 534 910 574 quo
935 526 1009 559 aut
1030 518 1179 559 merito
1207 518 1251 558 in
1280 517 1484 574 populum
1508 517 1597 558 Ro-

198 584 210 602 ⁶
226 593 410 627 manum,
448 586 521 618 aut
556 577 646 618 iure
684 576 862 632 imperii,
899 591 1032 632 quum
1074 584 1159 617 tam
1200 575 1347 631 procul
1383 590 1407 616 a
1442 574 1596 616 finibus

197 634 504 677 ‘Macedoniae
536 634 686 684 absint,
708 634 946 675 civitatibus
981 634 1046 675 his
1078 633 1286 690 praesidia
1316 632 1596 689 imposuisse?

197 699 208 718 ⁶
224 692 380 734 Vocari
422 692 656 734 Maronitas
697 692 916 733 iuberent:
966 693 1017 733 ab
1055 692 1105 733 iis
1143 691 1319 733 certiora
1359 690 1502 732 omnia
1541 689 1594 731 de

197 756 209 775 ⁶
224 759 334 792 statu
375 750 609 792 civitatium
650 765 793 791 earum
829 750 1037 791 scituros.’
1099 749 1252 806 Legati
1284 748 1594 790 Maronitarum
1608 756 1784 788 Maronita-

195 809 343 858 Voeati,
369 815 380 832 ⁶
395 808 497 850 Non
518 823 604 850 uno
625 808 717 850 loco
740 816 904 849 tantum
928 808 1040 849 urbis
1068 807 1325 864 praesidium
1346 806 1509 863 regium
1531 821 1595 847 es-
1608 810 1679 873 lrum
1695 810 1805 840 quere-

198 872 209 890 ⁶
224 881 281 916 se,
299 867 407 908 sicut
427 867 471 907 in
493 866 582 907 aliis
604 866 867 916 civitatibus,’
888 866 1102 915 dixerunt,
1127 871 1138 889 ⁶
1151 865 1225 906 sed
1246 864 1435 921 pluribus
1456 863 1593 914 simul,
1620 853 1669 875 ae.

198 930 210 949 ⁶
225 933 267 966 et
288 924 455 981 plenam
475 924 764 965 Macedonum
787 923 1037 965 Maroneam
1059 938 1159 965 esse.
1215 922 1365 978 Itaque
1387 921 1596 964 dominari

197 988 210 1007 ⁶
225 991 501 1024 assentatores
532 982 691 1038 regios:
726 981 790 1022 his
811 981 907 1023 solis
928 981 1045 1038 loqui
1066 991 1109 1023 et
1130 981 1173 1021 in
1195 989 1343 1022 senatu
1365 989 1406 1021 et
1429 979 1473 1020 in
1495 995 1594 1021 con-

198 1040 416 1090 ⁶cionjbus
451 1040 600 1081 licere:
641 1055 711 1080 eos
740 1054 886 1081 omnes
922 1039 1102 1081 honores
1133 1047 1176 1080 et
1211 1053 1359 1094 capere
1396 1038 1519 1094 ipsos,
1554 1046 1597 1079 et

198 1104 210 1122 ⁶
226 1098 324 1139 dare
356 1098 458 1139 aliis.
525 1097 748 1154 Optimum
770 1113 996 1154 quemque,
1020 1097 1174 1154 quibus
1204 1096 1418 1145 libertatis,
1442 1095 1596 1152 quibus

197 1162 209 1180 ⁶
225 1156 367 1212 legum
389 1171 489 1197 cura
509 1155 573 1205 sit,
597 1164 670 1196 aut
690 1155 880 1196 exsulare
903 1155 1044 1211 pulsos
1066 1155 1212 1210 patria,
1231 1162 1303 1195 aut
1322 1152 1596 1195 inhonoratos

197 1219 268 1255 ‘et
297 1213 575 1255 deterioribus
606 1213 811 1254 obnoxios
841 1212 988 1254 silere?
1049 1213 1116 1253 De
1156 1213 1246 1253 iure
1282 1211 1410 1253 etiam
1446 1211 1596 1252 finium

167 1284 330 1328 7pauca
365 1271 635 1312 adiecerunt:
677 1270 759 1319 ⁶Q.
779 1270 956 1312 Fabium
990 1270 1248 1320 Labeonem,
1283 1285 1415 1325 quum
1452 1269 1495 1310 in
1532 1284 1597 1310 re-

199 1330 350 1386 ⁶gi0ne
382 1344 431 1370 ea
459 1329 616 1378 fuisset,
640 1328 841 1369 direxisse
873 1328 1002 1369 finem
1033 1328 1234 1384 Philippo
1267 1336 1453 1368 veterem
1485 1326 1596 1368 viam

164 1393 183 1423 8
198 1391 210 1411 ⁶
225 1387 395 1443 regiam,
419 1402 526 1443 quae
549 1386 602 1427 ad
624 1386 829 1427 Thraciae
851 1386 1092 1439 Paroreian]
1120 1387 1280 1435 subeat,
1304 1399 1511 1440 nusquam
1543 1383 1597 1424 ad

197 1450 339 1486 ‘mare
371 1444 668 1486 declinantem.
732 1444 979 1500 Philippum
1013 1459 1165 1485 novam
1198 1452 1345 1499 postea
1374 1441 1595 1483 deflexisse

198 1508 210 1526 ⁶
226 1503 348 1552 viam,
363 1517 448 1558 qua
465 1501 774 1543 Maronitarum
797 1503 921 1543 urbes
942 1517 1146 1558 agrosque
1169 1500 1472 1557 amplectatur.’
1523 1498 1596 1540 Ad
1674 1503 1741 1545 28.

196 1575 247 1601 ea
276 1560 499 1616 Philippus
531 1559 656 1615 longe
688 1559 825 1609 aliam,
855 1574 982 1615 quam
1013 1559 1210 1600 adversus
1242 1557 1466 1599 Thessalos
1493 1557 1597 1599 Per-
1610 1557 1793 1607 Responsio

197 1618 458 1673 rhaebosque
495 1633 642 1674 nuper,
679 1617 890 1673 ingressus
923 1616 1156 1658 disserendi
1189 1616 1312 1665 viam,
1337 1621 1348 1640 ⁶
1366 1615 1468 1656 Non
1500 1630 1597 1656 cum
1611 1602 1770 1641 Ph¹¹¹p¹'¹·

199 1680 211 1699 ⁶
228 1675 480 1725 Maronitis,’
501 1675 653 1731 inquit,
673 1681 685 1698 ⁶
700 1675 802 1715 mihi
824 1683 897 1716 aut
917 1689 1013 1715 cum
1033 1674 1225 1715 Eumene
1243 1673 1491 1729 disceptatio
1513 1682 1595 1722 est3

200 1738 211 1757 ⁶
227 1733 300 1775 sed
331 1734 414 1774 iam
439 1733 668 1782 vobiscum,
693 1733 900 1781 Romani3
936 1748 960 1773 a
981 1732 1134 1789 quibus
1155 1731 1263 1772 nihil
1284 1731 1409 1787 aequi
1431 1746 1497 1772 me
1519 1731 1597 1772 im-

199 1797 211 1815 ⁶
227 1800 390 1847 petrare
432 1791 515 1832 iam
559 1791 633 1831 diu
675 1790 976 1832 animadverto.
1049 1790 1252 1831 Civitates
1293 1788 1596 1838 Macedonum,

199 1854 210 1872 ⁶
227 1864 335 1905 quae
367 1864 391 1890 a
421 1864 488 1890 me
514 1848 625 1890 inter
645 1848 829 1889 indutias
850 1847 1104 1897 defecerant,
1127 1846 1249 1888 reddi
1278 1846 1382 1887 mihi
1413 1861 1597 1902 aequum

200 1912 211 1930 ⁶
227 1907 473 1955 censebam3
507 1922 593 1947 non
610 1906 710 1962 quia
730 1921 882 1962 magna
903 1905 1084 1947 accessio
1104 1921 1154 1947 ea
1174 1904 1293 1960 regni
1314 1904 1456 1946 futura
1475 1913 1596 1954 esset,

201 1970 212 1988 ⁶
227 1965 346 2021 (sunt
366 1965 480 2005 enirn
502 1973 545 2005 et
570 1979 697 2020 parva
718 1963 885 2020 oppida,
908 1972 951 2005 et
971 1964 1015 2004 in
1037 1963 1192 2004 finibus
1212 1962 1412 2003 extremis
1441 1962 1599 2018 posita)

200 2028 212 2046 ⁶
228 2022 301 2064 sed
322 2022 422 2078 quia
443 2022 623 2063 multum
652 2022 705 2063 ad
735 2022 919 2077 reliquos
941 2021 1202 2062 Maccdonas
1223 2019 1504 2061 continendos
1525 2035 1599 2061 ex-

201 2085 212 2104 ⁶
228 2080 415 2136 emplum
444 2080 691 2136 pertinebat.
756 2078 972 2135 Negatum
994 2087 1056 2120 est
1078 2079 1194 2119 mihi.
1258 2077 1379 2118 Bello
1402 2077 1598 2118 Aetolico

202 2144 213 2161 ⁶
230 2138 421 2179 Lamiam
443 2153 686 2193 oppugnare
708 2137 842 2178 iussus
864 2152 887 2178 a
908 2136 1078 2178 consule
1102 2136 1175 2177 Μ’.
1196 2135 1350 2185 Acilio,
1375 2150 1506 2191 quum
1524 2134 1599 2176 diu

202 2195 425 2251 ‘fatigatus
458 2195 515 2235 ibi
548 2195 718 2250 proeliis
746 2195 1026 2250 operibusque
1059 2209 1205 2243 essem,
1229 2192 1597 2234 transcendentem

202 2259 213 2277 ⁶
231 2268 296 2294 me
320 2254 400 2294 iam
429 2267 569 2293 muros
590 2268 614 2293 a
634 2261 756 2308 capta
776 2267 905 2308 prope
928 2253 1030 2293 urbe
1053 2251 1261 2293 revocavit
1282 2250 1440 2299 consul,
1463 2259 1506 2291 ct
1527 2250 1598 2291 ab-

203 2310 384 2352 ⁶ducere
416 2311 556 2367 copias
587 2310 686 2351 inde
718 2310 866 2366 coegit.
931 2309 1003 2350 Ad
1036 2310 1160 2350 huius
1193 2308 1387 2350 solatium
1420 2308 1597 2348 iniuriae

203 2375 214 2393 ⁶
230 2369 478 2425 permissum
500 2377 574 2417 cst,
599 2377 645 2409 ut
667 2367 908 2409 Thessaliae
932 2367 1296 2422 Perrhaebiaeque
1323 2373 1366 2406 et
1392 2365 1599 2406 Athama-

203 2432 215 2450 ⁶
231 2442 333 2467 num
355 2427 587 2482 reciperem
610 2425 817 2482 quaedam
840 2425 1010 2466 castella
1030 2425 1173 2480 magis,
1197 2438 1324 2480 quam
1346 2423 1480 2464 urbes.
1537 2423 1600 2464 Ea

204 2489 215 2508 ⁶
231 2499 400 2540 quoque
432 2484 521 2539 ipsa
541 2499 612 2525 vos
634 2483 752 2533 mihi,
780 2483 832 2532 Q.
853 2482 1026 2532 Caecili,
1049 2497 1204 2538 paucos
1225 2490 1322 2522 ante
1345 2481 1436 2522 dies
1457 2481 1595 2522 adem-

205 2541 330 2582 ⁶istis.
393 2542 477 2583 Pro
511 2557 597 2583 non
631 2541 760 2583 dubio
802 2540 942 2597 paullo
974 2549 1085 2590 ante,
1118 2540 1151 2581 si
1182 2539 1262 2580 diis
1294 2539 1444 2595 placet,
1474 2538 1601 2595 legati

247 2690 266 2721 6
289 2691 553 2730 I’raeiwlicium]
599 2691 729 2722 Scilicet
768 2691 881 2731 prioris
925 2690 1085 2721 curavisse
1102 2691 1294 2721 deducenda
1314 2691 1354 2720 ab
1374 2691 1464 2720 Aeno
1481 2694 1513 2720 et
1530 2690 1601 2720 Ma-

204 2734 313 2764 iudicii
341 2735 543 2772 exemplum,
569 2733 635 2764 sive
666 2734 802 2773 priorem
836 2735 879 2764 lc-
924 2744 1023 2764 ronea
1039 2733 1193 2764 Antiochi
1213 2733 1382 2772 praesidia.
1408 2733 1515 2763 CREV.

203 2781 350 2817 gatorum
368 2776 572 2807 sententiam.
967 2777 985 2806 8
1013 2778 1172 2807 Thraciae
1196 2777 1406 2813 Paroreiam]
1444 2775 1602 2805 Paroreia

250 2827 265 2859 7
291 2821 327 2857 Q.
345 2821 483 2851 Fabiam
510 2820 704 2856 Labeonem]
741 2819 807 2849 Hie
834 2823 882 2849 cst
926 2823 974 2850 est
1001 2819 1128 2849 Graeca
1159 2830 1232 2854 vox,
1263 2829 1327 2857 qua
1358 2820 1487 2847 notatur
1518 2817 1602 2856 regio

205 2862 259 2901 qui
295 2861 515 2901 quinquennio
550 2866 625 2891 ante
664 2861 755 2892 classi
792 2873 880 2901 prac-
925 2862 1077 2893 adiacens
1093 2861 1266 2892 montibus.
1292 2862 1398 2891 szv.

205 2905 321 2940 fuerat,
351 2910 381 2935 ct
413 2905 530 2934 dieitur
560 2914 645 2943 supr.
677 2903 798 2935 xxxvii.
829 2903 879 2935 60.

1246 2943 1369 2984 uda)
