1960 3218
543 155 670 199 LIB.
706 154 947 198 XXXVII.
994 156 1140 199 GAP.
1178 160 1242 199 12.
1515 154 1596 201 275

196 246 383 297 consilio,
409 262 536 289 naves
571 246 854 288 conscendere
886 262 1032 288 omnes
1064 248 1193 289 iubet.
1257 247 1370 289 Tum
1403 262 1501 289 1610
1532 247 1656 292 in-U.
1674 261 1712 292 C.
1735 259 1806 300 562.

195 319 300 361 gens
324 305 480 361 pariter
505 304 685 346 militum
712 313 1020 360 nautarumque
1046 305 1271 361 trepidatio
1292 313 1394 355 orta,
1417 314 1459 347 et
1480 304 1650 347 velutA
1674 304 1808 343 C·190·

196 362 322 419 suga
312 378 356 403 111
378 378 456 404 nav
460 378 504 403 es
524 362 628 411 fieri,
652 377 784 417 quum
806 377 849 403 se
879 362 983 402 mari
1013 370 1206 418 terraque
1229 362 1353 403 simul
1374 371 1597 404 cernelent

197 420 515 461 circumventos.
579 418 871 469 Pausistratus,
895 434 1022 460 unam
1044 420 1154 460 viam
1179 420 1323 461 salutis
1351 436 1439 461 esse
1469 429 1595 470 ratus,

197 478 231 518 si
262 477 345 518 vim
376 477 511 518 faeere
543 492 618 533 pel
647 477 787 518 fauces
818 485 975 533 portus,
999 485 1125 533 atque
1158 493 1377 534 erumpere
1408 478 1452 518 in
1484 493 1596 519 mare

197 543 387 600 apertum
421 543 572 600 posset,
609 543 831 591 postquam
868 535 1160 576 conscendisse
1196 550 1291 576 suos
1327 535 1444 585 vidit,
1479 535 1598 591 sequi

199 592 349 633 ceteris
369 592 502 642 iussis,
525 593 612 648 ipse
635 592 829 648 princeps
851 592 1060 633 concitata
1087 608 1192 634 nave
1223 593 1348 633 remis
1370 592 1423 634 ad
1445 593 1598 634 ostium

198 658 344 706 portus
366 650 513 691 tendit.
580 649 891 706 Super‘antem
882 664 963 690 13111
986 650 1125 691 fauces
1153 665 1303 691 navem
1330 651 1419 691 eius
1441 650 1600 707 Polyx-

199 707 345 749 enidas
381 708 512 749 tribus
543 707 920 764 quinqueremibus
950 707 1229 749 circumsistit.
1294 707 1426 749 Navis
1459 708 1601 749 rostris

199 765 283 806 icta
323 765 622 821 supprimitur:
678 764 770 806 telis
811 766 1048 806 obruuntur
1087 775 1445 822 propugnatores·
1491 765 1602 807 intel

201 837 305 878 quos
327 832 369 863 et
391 823 702 864 Pausistratus
692 823 869 879 lmpigre
892 838 1084 879 pugnans
1106 823 1368 864 interficitur.
1410 822 1458 864 ‘N
1461 823 1601 864 avium

200 880 457 936 reliquarum
486 889 582 921 ante
611 888 780 936 portum
810 880 928 930 aliae,
952 880 1055 922 aliae
1084 881 1128 921 in
1153 890 1278 937 portu
1299 881 1600 937 deprehensae,

170 938 410 992 4quaedam
452 953 476 979 a
516 938 748 987 Nicandro,
791 938 894 978 dum
940 938 1172 980 moliuntur
1211 954 1235 980 a
1276 947 1397 989 terra,
1440 947 1599 994 captae.

206 995 410 1051 Quinque
438 1004 603 1036 tantum
626 995 820 1037 Rhodiae
850 1011 977 1037 naves
1004 1011 1100 1037 cum
1129 996 1292 1037 duabus
1316 997 1416 1038 Cois
1444 997 1603 1052 effuge-

203 1062 315 1102 runt,
339 1062 495 1094 terrore
513 1054 705 1094 flammae
728 1053 919 1094 micantis
936 1054 1002 1095 via
1023 1054 1101 1094 sibi
1123 1054 1233 1095 inter
1254 1053 1460 1095 confertas
1477 1069 1604 1095 naves

174 1110 323 1154 ssacta.
389 1110 540 1151 Contis
581 1110 695 1152 enim
736 1110 845 1151 binis
881 1126 905 1152 a
937 1126 1061 1167 prora
1095 1112 1433 1167 prominentibus
1469 1111 1604 1152 trullis

204 1168 348 1209 ferreis
369 1168 550 1209 multum
573 1176 826 1224 conceptum
848 1169 990 1224 ignem
1011 1184 1110 1225 prae
1133 1184 1175 1210 se
1197 1170 1431 1225 portabant.
1497 1169 1605 1226 Ery-

205 1225 373 1266 thraeae
401 1226 603 1275 triremes,
627 1241 760 1281 quum
786 1226 900 1267 haud
928 1226 1075 1282 procul
1104 1242 1128 1267 a
1162 1226 1287 1268 Samo
1319 1227 1500 1268 Rhodiis
1531 1242 1606 1267 na-

204 1283 337 1332 vibus,
367 1283 520 1338 quibus
551 1292 599 1324 ut
628 1292 767 1324 essent
797 1284 1019 1339 praesidio,
1049 1284 1288 1333 veniebant,
1319 1284 1465 1325 obviae
1496 1284 1607 1340 fugi-

205 1340 373 1381 entibus
412 1340 600 1390 fuissent,
637 1340 682 1381 in
720 1340 1047 1397 Hellespontum
1089 1341 1142 1382 ad
1180 1341 1398 1383 Romanos
1438 1357 1608 1383 cursum

204 1406 457 1439 averterunt.
524 1397 611 1439 Sub
654 1398 768 1439 idem
810 1406 976 1455 tempus
1015 1398 1215 1440 Seleucus
1250 1399 1460 1464 proditam
1494 1399 1609 1440 Pho-

205 1470 360 1506 caeam,
390 1464 512 1512 porta
544 1471 629 1497 una
661 1470 737 1512 per
773 1457 968 1497 custodes
1001 1464 1156 1513 aperta,
1184 1457 1369 1513 recepit3
1403 1466 1446 1498 et
1470 1456 1607 1514 Cyme

206 1513 395 1569 aliaeque
418 1513 608 1554 eiusdem
630 1529 725 1555 orae
747 1515 871 1555 urbes
893 1514 946 1554 ad
967 1530 1064 1555 eum
1087 1524 1203 1556 metu
1225 1514 1482 1556 defecerunt.

266 1571 385 1611 Dum
425 1571 529 1612 11366
569 1571 614 1611 111
656 1570 837 1612 Aeolide
878 1580 1094 1627 geruntur,
1137 1572 1319 1629 Abydus
1360 1588 1493 1638 quum
1533 1588 1609 1629 per

208 1628 368 1694 aliquot
397 1628 486 1669 dies
515 1628 780 1670 obsidionem
809 1629 1036 1679 toler,asset
1063 1630 1271 1686 praesidio
1299 1631 1415 1686 retrio
1444 1639 1608 1672 tutante

209 1687 389 1735 moenia,
413 1686 495 1727 iam
518 1687 711 1728 omnibus
732 1686 824 1727 fess
795 1702 860 1736 is,
879 1687 1048 1728 Philota
1065 1703 1235 1743 quoque
1256 1688 1469 1744 plaefecto
1490 1703 1611 1744 prae-

209 1744 304 1785 sidii
337 1744 624 1800 permittente,
658 1744 922 1800 magistratus
958 1760 1104 1786 eorum
1141 1761 1238 1786 cum
1272 1745 1395 1787 Livio
1424 1746 1477 1787 de
1511 1761 1609 1787 con-

210 1801 441 1842 ditionibus
463 1802 691 1843 tradendae
715 1802 828 1842 urbis
850 1803 1041 1857 agebant.
1091 1803 1201 1844 Rem
1224 1803 1463 1853 distinebat,
1483 1804 1611 1859 quod,

210 1867 351 1900 utrum
381 1860 542 1908 armati,
569 1875 623 1900 an
651 1859 845 1909 inermes,
869 1860 1164 1902 emitterentur
1191 1861 1308 1917 regii,
1335 1877 1483 1917 parum
1513 1877 1614 1902 con-

210 1917 417 1958 veniebat.
501 1917 622 1958 Haec
667 1918 889 1973 agentibus
930 1933 1062 1974 quum
1104 1919 1398 1960 intervenisset
1439 1919 1614 1960 nuntius

213 1974 480 2015 Rhodiorum
515 1975 658 2024 cladis,
689 1975 839 2016 emissa
871 1975 923 2016 dc
958 1976 1151 2017 manibus
1179 1992 1243 2017 res
1274 1986 1347 2017 est.
1412 1976 1614 2018 Metuens

213 2031 327 2072 enim
363 2031 523 2082 Livius,
561 2048 613 2073 ne
651 2047 845 2073 successu
886 2042 1026 2074 tantae
1064 2034 1124 2074 rei
1160 2033 1292 2075 elatus
1329 2034 1615 2091 Polyxenidas

214 2088 400 2138 classem,
424 2105 530 2145 quae
560 2089 613 2130 ad
638 2089 776 2131 Canas
806 2098 905 2138 erat,
929 2090 1196 2146 opprimeret,
1222 2091 1367 2148 Abydi
1396 2082 1614 2133 obsidione

215 2146 490 2202 custodiaque
515 2146 782 2203 Hellesponti
805 2148 1019 2204 extemplo
1045 2148 1202 2198 relicta,
1225 2164 1364 2198 naves,
1388 2164 1495 2205 quae
1518 2149 1616 2190 sub-

215 2202 366 2244 ductae
391 2203 523 2245 Canis
554 2213 686 2253 erant,
709 2204 900 2246 deduxit.
966 2205 1022 2246 Et
1049 2205 1263 2247 Eumenes
1286 2206 1459 2247 Elaeam
1486 2207 1613 2248 venit.

216 2260 364 2302 Livius
399 2262 515 2302 omni
551 2261 693 2311 classe,
730 2262 798 2302 cui
836 2262 1086 2304 adiunxerat
1122 2263 1311 2305 triremes
1343 2263 1448 2305 duas
1482 2263 1618 2330 Mity-

215 2318 395 2367 lenaeas,
418 2318 657 2360 Phocaeam
679 2319 798 2375 petit.
865 2320 1005 2368 Quam
1030 2336 1162 2376 quum
1184 2322 1319 2362 teneri
1340 2321 1480 2363 valido
1502 2322 1617 2378 regio

216 2376 445 2474 praesidio
447 2376 642 2426 audisset,
666 2392 745 2418 nec
766 2377 911 2433 procul
938 2377 1103 2419 Seleuci
1125 2388 1258 2420 castra
1278 2394 1393 2420 esse·
1384 2411 1394 2428 ,
1427 2377 1639 2436 depopu-v

234 2442 324 2474 atus
346 2433 597 2475 maritimam
619 2450 747 2484 oram,
771 2443 813 2475 et
835 2450 895 2490 plz
886 2434 974 2476 116(1·
967 2450 991 2475 3
1013 2436 1194 2476 maxime
1222 2436 1442 2477 hominum
1465 2437 1615 2493 raptim

218 2491 262 2531 in
296 2506 421 2532 naves
453 2491 658 2547 imposita,
697 2501 861 2533 tantum
899 2501 1096 2542 moratus,
1134 2493 1234 2534 dum
1274 2493 1489 2536 Eumenes
1522 2510 1619 2536 cum

220 2547 346 2589 classe
397 2558 702 2604 assequer·,etu1
748 2549 920 2591 Samum
973 2560 1117 2606 petere
1163 2551 1360 2593 intendit.
1439 2552 1619 2595 Rhodiis
1633 2556 1777 2589 Rhodio-

265 2714 284 2740 4
308 2705 394 2733 Dum
418 2706 596 2735 moliuntur
619 2717 638 2736 α
663 2708 766 2744 terra]
808 2707 896 2737 Dum
943 2707 993 2737 lae
1021 2718 1118 2738 naves
1144 2709 1285 2738 multum
1315 2709 1420 2747 ignem
1449 2719 1621 2740 accensum

221 2757 240 2775 a
264 2750 346 2775 terra
369 2756 436 2775 sese
458 2746 488 2776 in
513 2748 615 2777 altum
643 2759 829 2787 promovere
853 2749 898 2779 ni-
943 2749 974 2779 in
999 2750 1116 2787 trullis,
1133 2751 1200 2781 sive
1218 2751 1300 2781 vasis
1321 2752 1440 2789 ferreis,
1456 2763 1539 2791 quac
1555 2752 1621 2791 qui-

222 2792 343 2818 tuntur.
393 2789 431 2818 In
456 2799 488 2818 re
512 2789 607 2819 simili
625 2791 694 2821 cic.
710 2791 741 2821 in
762 2792 852 2822 Verr.
872 2802 898 2822 v.
944 2793 1017 2822 dem
1032 2794 1148 2823 trullae
1160 2795 1424 2824 sustentabantur
1437 2794 1624 2829 contis,sivc

223 2832 274 2903 538.
295 2835 419 2903 ceterge
445 2842 543 2862 naves
566 2843 623 2862 suo
646 2834 680 2863 in
704 2835 768 2864 loco
795 2835 899 2865 malie·
946 2835 1076 2874 perticis
1097 2836 1179 2866 binis
1202 2848 1221 2867 u
1244 2847 1338 2876 prora
1359 2837 1623 2876 prominentilms.

244 2877 354 2903 (ιηίιιν.
412 2883 486 2903 mcv.
947 2878 1053 2907 Cum:

269 2924 285 2953 5
312 2916 420 2945 contis
436 2917 537 2954 enim]
572 2917 747 2948 I’ortubant
763 2918 849 2948 enim
866 2918 901 2948 il-

1320 2976 1345 3002 'r
1370 2966 1393 3002 2

1632 2610 1703 2631 rum
1715 2600 1832 2629 luctus.
