1960 3218
555 170 681 213 LIB.
715 170 931 213 XXXVI.
980 172 1126 214 CAP.
1159 177 1226 214 44.
1492 177 1570 215 261

187 261 242 302 ris
285 276 428 303 omnes
467 261 636 311 formae,
677 270 809 312 erant,
850 262 1025 318 profecti
1066 262 1301 304 Phocaeam
1347 264 1571 320 petierunt.
1589 275 1632 307 U.
1649 276 1686 307 C.
1709 275 1781 316 561.

187 318 306 369 Inde,
337 333 466 375 quum
497 319 690 368 audisset,
723 319 1057 376 appropinquare
1088 320 1171 362 iam
1203 321 1438 363 Romanam
1470 322 1572 364 clas·
1585 319 1624 350 A.
1649 319 1687 350 C.
1712 329 1781 361 19¹·

186 391 286 426 sem,
304 392 391 426 rex,
407 377 505 433 quia
526 392 608 417 non
632 377 904 418 interfuturus
926 377 1061 418 navali
1083 378 1301 420 certamini
1322 389 1422 429 erat,
1446 379 1570 436 Mag-

186 434 358 484 nesiam,
377 450 482 490 quae
504 434 557 475 ad
582 434 773 491 Sipylum
795 444 869 483 est,
889 436 1104 486 concessit,
1123 436 1176 477 ad
1194 445 1405 478 terrestres
1426 439 1568 494 copias

185 492 494 548 comparandas.
571 491 724 533 Classis
768 492 821 533 ad
855 492 1109 549 Cyssuntem
1140 502 1307 550 portum
1342 494 1568 551 Erythrae-

184 565 316 600 orum,
341 558 535 606 tanquam
569 550 626 591 ibi
648 550 784 606 aptius
814 560 1104 606 exspectatura
1133 551 1307 601 hostem,
1335 553 1564 595 contendit.

185 607 380 657 Romani,
403 608 476 649 ubi
497 608 678 663 primum
699 608 914 663 aquilones
935 608 982 663 (ii
1006 624 1186 665 namque
1208 625 1284 666 per
1303 609 1462 665 aliquot
1478 611 1567 652 dies

183 665 424 721 tenuerant)
454 665 707 715 ceciderunt,
737 666 787 706 ab
816 665 926 707 Delo
958 666 1135 717 Phanas,
1162 676 1330 723 portum
1361 667 1566 710 Chiorum

151 732 169 764 5
184 723 226 764 in
248 724 466 779 Aegaeum
488 738 599 764 mare
620 738 798 773 versum,
821 732 993 779 petunt:
1028 724 1126 766 inde
1149 725 1201 765 ad
1224 726 1367 766 urbem
1390 726 1566 767 circum-

151 786 304 837 6egere
341 796 478 830 naveS,
510 790 829 837 commeatuque
862 791 1040 838 sumpto,
1074 782 1306 824 Phocaeam
1341 784 1562 826 traiiciunt.

184 839 407 888 Eumenes,
432 839 602 880 Elaeam
631 838 683 880 ad
711 854 827 880 suam
856 839 1025 880 classem
1058 841 1279 896 profectus,
1302 841 1444 897 paucis
1472 851 1566 898 post

182 896 281 938 inde
303 897 461 947 diebus,
485 912 580 938 eum
602 905 799 952 quattuor
820 905 861 938 et
881 897 1029 953 viginti
1061 899 1234 939 navibus
1256 899 1388 949 teetiS,
1411 900 1565 956 apertiS

154 954 369 1010 7pluribus
390 954 542 1011 paullo,
565 970 589 995 a
610 954 801 995 Phocaea
821 954 874 995 ad
898 955 1122 1005 Romanos,
1141 966 1334 1012 parantes
1354 958 1565 998 instruen-

184 1021 327 1068 tesque
357 1028 399 1053 se
428 1012 480 1053 ad
509 1011 651 1053 navale
674 1022 898 1060 certamen,
921 1013 1056 1054 rediit.
1120 1013 1225 1055 Inde
1248 1024 1418 1056 eentum
1440 1015 1564 1071 quin-

183 1085 265 1125 que
302 1070 420 1111 teetis
453 1070 637 1119 navibus,
675 1070 827 1126 apertis
859 1070 987 1111 ferme
1022 1072 1341 1128 quinquaginta,
1375 1073 1562 1129 profecti,

181 1127 328 1183 primo,
351 1127 615 1183 aquilonibus
637 1128 874 1169 transversis
896 1144 1026 1184 quum
1048 1140 1297 1184 urgerentur
1323 1130 1367 1170 in
1398 1140 1562 1181 terram,

182 1186 437 1241 cogebantur
458 1185 573 1226 tenui
595 1186 760 1241 agmine
788 1201 917 1241 prope
946 1186 988 1226 in
1018 1187 1208 1228 ordinem
1230 1187 1416 1244 singulae
1438 1204 1564 1230 naves

180 1242 265 1283 ire:
299 1243 466 1292 deinde,
493 1251 538 1284 ut
568 1242 697 1284 lenita
726 1243 912 1299 paullum
944 1244 1003 1284 vis
1028 1244 1143 1285 venti
1175 1255 1248 1294 est,
1271 1245 1324 1286 ad
1349 1246 1563 1302 Corycum

179 1309 359 1355 portum,
392 1301 463 1356 qui
496 1316 620 1356 super
655 1300 907 1357 Cyssuntem
945 1310 1018 1351 est,
1056 1303 1194 1343 eonati
1227 1312 1324 1344 sunt
1360 1304 1560 1345 traiicere.

180 1357 474 1414 PolyxenidaS,
490 1367 536 1399 ut
553 1358 886 1414 appropinquare
908 1359 1047 1400 hostes
1068 1359 1237 1401 allatum
1256 1370 1328 1410 est,
1348 1362 1562 1403 occasione

1638 1367 1707 1406 44.

179 1416 394 1472 pugnandi
426 1416 568 1465 lactus,
600 1426 812 1457 smlstrum
840 1416 926 1472 ipse
958 1432 1085 1458 cornu
1119 1417 1164 1458 in
1196 1418 1326 1460 altum
1358 1419 1561 1470 extendit,
1575 1422 1689 1461 Pugna
1704 1434 1758 1455 na-

179 1473 372 1514 dextrum
400 1489 529 1515 cornu
557 1474 786 1530 praefectos
815 1474 981 1515 navium
1014 1475 1067 1516 ad
1099 1485 1246 1517 terram
1271 1476 1477 1533 explicare
1500 1478 1564 1519 iu-

179 1531 262 1581 bet,
292 1540 334 1573 et
364 1547 497 1587 aequa
526 1531 661 1573 fronte
694 1532 748 1573 ad
779 1547 963 1587 pugnam
997 1533 1260 1589 procedebat.
1327 1534 1455 1583 Quod
1491 1536 1563 1577 ubi

179 1589 283 1630 vidit
306 1589 534 1639 Romanus,
556 1589 647 1630 vela
668 1589 889 1639 contrahit,
912 1590 1125 1647 malosque
1154 1592 1338 1641 inclinat,
1362 1602 1416 1643 et,
1438 1593 1562 1635 simul

179 1656 435 1688 armamenta
455 1662 722 1703 componenS,
746 1648 961 1703 opperitur
981 1648 1250 1704 insequentes
1271 1665 1408 1692 naves.
1472 1651 1561 1693 Iam

148 1704 305 1746 8ferme
335 1705 505 1758 triginta
534 1705 576 1745 in
605 1705 739 1746 fronte
762 1714 905 1754 erant3
939 1706 1090 1762 quibus
1112 1716 1158 1748 ut
1179 1717 1377 1764 aequaret
1397 1708 1560 1750 laevum

147 1777 320 1812 9cornu,
343 1762 563 1804 dolonibus
591 1763 738 1804 erectis
763 1763 892 1804 altum
920 1773 1062 1819 petere
1091 1765 1300 1806 intendit:
1334 1766 1465 1817 iussis,
1488 1767 1561 1824 qui

177 1821 470 1876 sequebantur,
493 1821 688 1862 adversus
709 1820 903 1862 dextrum
926 1837 1056 1862 cornu
1078 1838 1206 1879 prope
1237 1832 1389 1865 terram
1420 1840 1561 1881 proras

177 1877 367 1935 dirigere.
431 1878 643 1920 Eumenes
664 1894 814 1935 agmen
836 1880 1020 1935 cogebat.
1087 1879 1301 1931 Ceterum,
1319 1891 1367 1923 ut
1388 1882 1561 1924 demen-

178 1935 241 1976 dis
271 1937 536 1977 armamentis
568 1937 812 1977 tumultuari
840 1938 1020 1992 primum
1053 1947 1247 1994 coeptum
1279 1948 1353 1989 est,
1386 1948 1427 1981 et
1457 1940 1558 1996 ipse,

178 2003 334 2049 quanta
357 1994 539 2035 maxima
559 1994 767 2035 eeleritate
789 2003 938 2049 potest,
962 1995 1143 2036 concitat
1163 2012 1299 2038 naves.
1362 1997 1450 2038 Iam
1472 2013 1561 2039 om-

177 2065 251 2092 nes
278 2052 321 2092 in
351 2060 576 2107 conspeetu
599 2060 738 2092 erant:
775 2052 881 2093 duae
904 2052 1088 2094 Punicae
1111 2068 1235 2095 naves
1257 2055 1560 2097 antecedebant

180 2108 413 2150 Romanam
435 2109 619 2158 classem,
635 2110 785 2165 quibus
802 2109 945 2150 obviae
964 2119 1045 2151 tres
1061 2111 1230 2152 fuerunt
1250 2113 1386 2168 regiae
1409 2129 1555 2155 naves:

178 2174 232 2216 et,
255 2175 301 2207 ut
322 2166 364 2207 in
386 2181 560 2208 numero
581 2167 740 2223 impari,
763 2166 869 2208 duae
901 2168 1038 2224 regiae
1070 2183 1195 2209 unam
1224 2169 1555 2212 circumsistunt:

176 2286 235 2316 bus
255 2290 431 2325 agerentur.
477 2287 514 2317 Id
533 2286 637 2325 colligi
656 2290 759 2326 potest
774 2286 844 2318 infr.

177 2329 295 2359 xxxvii.
311 2339 359 2367 23.
395 2329 557 2367 Significat
575 2330 682 2368 itaque
698 2330 757 2360 hoc
774 2331 844 2360 loeo

178 2371 287 2402 Livius
302 2371 535 2411 Polyxenidam
557 2372 703 2403 habuisse
719 2377 843 2411 septua-

175 2414 263 2454 ginta
287 2419 387 2445 tectas
414 2425 520 2452 naves,
543 2415 672 2455 triginta
699 2420 844 2454 apertam

177 2467 298 2494 omnes,
312 2462 376 2488 tam
395 2461 506 2495 tectas,
521 2468 614 2497 quam
636 2462 772 2498 apertas,
788 2458 844 2488 mi-

177 2499 261 2530 noris
275 2500 413 2531 formae:
442 2500 487 2530 ita
503 2505 537 2530 ut
555 2501 643 2531 nulla
660 2506 740 2531 esset
757 2501 845 2532 navis

178 2542 209 2571 in
226 2542 294 2572 eius
309 2544 420 2580 classe,
436 2553 517 2582 quae
539 2543 657 2573 triremi
681 2543 782 2574 maior
800 2554 843 2574 cs-

178 2588 234 2614 set.
260 2585 364 2615 me.

221 2635 237 2663 5
262 2629 342 2658 Inde
357 2629 400 2657 wl
414 2629 538 2666 urbem]
568 2629 697 2669 Nempe
713 2629 843 2667 Chium,

179 2670 397 2707 cognominem
416 2670 548 2701 insulae.

220 2711 239 2743 6
265 2713 438 2743 l’lmcacam
463 2715 646 2752 lmiicirml]
688 2714 769 2744 Eam
795 2725 843 2744 ur-

178 2755 261 2789 bem,
286 2765 382 2793 quum
411 2760 534 2794 pareret
562 2757 732 2794 Antiocho,
756 2762 843 2787 metu

178 2808 244 2827 sese
257 2798 412 2827 Romanis
425 2804 490 2827 tum
507 2799 663 2829 dedidisse
679 2800 846 2839 Appianus

179 2840 209 2869 in
228 2840 307 2870 libro
323 2841 362 2870 de
379 2840 516 2879 Syriacis
532 2841 624 2870 bellis
642 2842 747 2872 tradit.
795 2843 846 2873 De

178 2894 215 2914 ea
245 2883 329 2913 enim
362 2883 470 2922 procul
500 2883 597 2913 dubio
622 2883 847 2923 intelligendus

890 2292 947 2324 est,
967 2288 1112 2327 quamvis
1138 2288 1247 2320 vitiose
1269 2291 1355 2330 apud
1379 2300 1452 2321 eum
1477 2291 1559 2330 lega-

889 2334 940 2360 tur
955 2330 1082 2362 ψωκίδα.
1106 2332 1212 2364 Cnssv.

935 2382 949 2412 7
974 2375 1102 2410 Paullo.
1118 2386 1136 2404 α
1154 2376 1318 2414 Phocaea]
1345 2376 1432 2406 Loco
1449 2376 1560 2415 paullo

888 2427 906 2446 a
925 2416 1074 2447 Phocaea
1090 2422 1220 2448 remoto.
1246 2419 1369 2449 Itis-(⁴11.

932 2460 949 2487 8
975 2461 1097 2496 Quibus
1115 2465 1150 2490 vt
1172 2466 1324 2500 aequaret
1346 2462 1471 2492 laevum
1494 2472 1559 2492 cor-

889 2503 951 2540 nu]
978 2502 1100 2533 Volcns
1115 2504 1250 2540 efficere,
1266 2508 1301 2534 ut
1317 2504 1443 2535 laevum
1462 2514 1558 2534 cornu

890 2544 927 2574 iis
950 2545 1090 2584 aequari,
1114 2546 1145 2575 id
1170 2550 1227 2581 est,
1251 2547 1417 2585 aequalem
1442 2547 1559 2577 habere

889 2588 1023 2617 frontem
1050 2592 1165 2627 posset,
1181 2589 1249 2628 ipse
1272 2589 1303 2618 in
1325 2590 1469 2619 dextram
1490 2593 1557 2619 ten—

889 2630 967 2660 dens
990 2631 1090 2661 altum
1116 2631 1218 2670 petiit,
1236 2636 1269 2661 ut
1293 2631 1559 2671 subsequentibus

889 2671 921 2702 se
937 2673 1069 2703 navibus
1082 2673 1218 2712 spatium
1233 2675 1273 2704 ad
1287 2674 1444 2704 sinistram
1460 2685 1558 2713 prope

889 2720 1002 2745 terram
1024 2726 1157 2746 vacuum
1174 2717 1413 2755 relinqueretur.
1437 2718 1542 2747 Ciu-zv.

931 2768 950 2799 9
974 2760 1149 2788 Dolonihns
1163 2761 1290 2797 erectis]
1326 2760 1470 2789 Dolum-s
1485 2764 1557 2789 sunt

891 2800 920 2830 in
946 2801 1016 2830 navi
1033 2801 1155 2831 minora
1173 2803 1254 2835 vela,
1270 2812 1352 2840 quae
1375 2813 1470 2841 supra
1494 2812 1557 2832 ma·

891 2843 956 2873 lora
971 2843 1142 2874 celeritatis
1157 2854 1252 2874 causa
1268 2845 1439 2884 eriguntur.
1464 2845 1525 2877 Cn,

1577 1465 1664 1496 valis.
