1960 3218
563 135 688 177 LIB.
723 134 918 176 XXXV.
967 133 1114 175 CAP.
1148 138 1215 175 34.
1497 135 1581 174 209

183 226 321 268 ‘haud
353 226 500 284 procul
539 226 639 268 inde
673 226 827 267 abesse.
890 225 1009 266 Dum
1045 225 1209 280 integra
1249 222 1390 264 omnia
1425 230 1576 272 essent,
1593 234 1636 266 U.
1655 234 1693 266 C.
1715 234 1788 273 560-

150 301 166 333 7
182 290 193 309 ‘
206 285 343 326 verbis
363 285 502 341 potius
519 284 571 325 de
588 284 651 333 iis,
667 299 775 340 quae
793 283 1118 339 ambigerentur,
1137 282 1432 337 disceptarent,
1448 295 1576 335 quam
1590 279 1630 310 A.
1654 278 1693 309 C.
1719 287 1787 318 19²·

181 348 194 366 ‘
206 343 353 384 Asiam
372 342 672 399 Europamque
687 341 740 382 ad
756 341 970 382 funestum
987 348 1197 381 armarent
1213 338 1399 380 bellum.’
1459 337 1577 379 Mul-
1652 334 1719 371 33-

181 400 317 442 titudo
339 400 459 442 avida
483 399 667 441 novandi
688 414 765 448 res,
789 398 995 439 Antiochi
1017 406 1104 439 tota
1132 405 1243 439 erat:
1278 405 1321 438 et
1348 412 1401 437 ne
1425 395 1576 437 admit-

180 458 328 499 tendos
349 457 523 514 quidem
544 457 588 498 in
617 456 842 498 concilium
873 456 1089 497 Romanos
1111 455 1349 496 censebant.
1411 453 1574 494 Princi—

178 531 281 572 pum
309 515 490 557 maxime
513 515 696 556 seniores
724 514 969 556 auctoritate
998 513 1231 563 obtinuere,
1254 521 1302 553 ut
1329 511 1499 552 daretur
1526 511 1575 551 iis

179 572 416 614 concilium.
481 572 578 614 Hoc
606 571 823 614 decretum
853 571 1138 613 Athenienses
1160 586 1291 627 quum
1320 566 1572 618 retulissent,
1589 577 1784 626 110111111Βο-

178 630 367 672 eundum
395 630 438 671 in
466 630 679 672 Aetoliam
704 630 908 678 Quinctio
934 629 1069 670 visum
1099 637 1175 670 est.
1237 629 1329 669 Aut
1350 627 1464 669 enim
1486 642 1575 669 mo·
1587 631 1723 694 iimtml'm

178 698 319 730 turum
341 688 514 745 aliquid,
538 697 610 730 aut
631 703 777 730 omnes
803 687 996 729 homines
1018 695 1144 728 testes
1164 686 1265 736 fore,
1287 700 1418 742 penes
1440 685 1574 726 Aeto·
1587 675 1674 739 eueni),
1687 675 1750 695 1am

177 746 240 788 los
261 745 361 788 belli
383 746 549 803 culpam
578 761 692 787 esse:
728 746 944 787 Romanos
973 745 1080 786 iusta
1108 760 1154 786 ac
1182 759 1312 801 prope
1340 743 1574 785 necessaria

177 813 415 861 sumpturos
442 820 566 846 arma.
629 804 861 861 Postquam
889 811 1064 844 ventum
1093 811 1155 844 est
1181 818 1245 852 eo,
1272 801 1501 850 Quinctius
1528 801 1572 842 in

177 862 368 912 concilio,
396 878 512 904 orsus
543 878 567 904 a
596 862 804 919 principio
835 861 1042 903 societatis
1075 860 1324 902 Aetolorum
1355 874 1452 900 cum
1485 859 1574 900 Ro-

176 921 323 970 manis,
346 929 389 961 et
410 921 576 976 quoties
603 921 654 962 ab
679 920 728 960 iis
750 919 854 961 fides
879 928 994 960 mota
1020 918 1200 960 foederis
1222 926 1342 967 esset,
1364 932 1499 974 pauca
1519 916 1572 958 de

176 977 266 1020 iure
307 978 552 1028 civitatium,
595 978 648 1019 de
691 978 843 1034 quibus
880 977 1173 1032 ambigeretur,
1216 975 1421 1017 disseruit.
1498 981 1509 998 ⁶
1528 975 1571 1016 Si

179 1036 308 1092 ‘quid
348 1045 490 1077 tamen
530 1036 654 1092 aequi
689 1051 732 1076 se
763 1036 917 1077 habere
950 1035 1260 1083 arbitrarentur,
1294 1042 1452 1089 quanto
1483 1048 1572 1074 esse

179 1099 191 1117 ‘
206 1094 333 1135 satius
362 1094 543 1135 Romam
572 1094 738 1135 mittere
759 1093 931 1150 legatOS,
955 1108 1029 1134 seu
1056 1092 1302 1148 disceptare,
1326 1106 1400 1132 seu
1427 1106 1573 1147 rogare

178 1157 190 1176 ‘
202 1159 394 1193 senatum
409 1151 593 1202 mallent,
611 1167 738 1208 quam
752 1151 957 1208 populum
972 1151 1214 1191 Romanum
1229 1164 1324 1192 cum
1343 1149 1572 1198 Antiocho,

144 1218 163 1248 8
179 1209 362 1251 ‘lanistis
394 1209 570 1259 Aetolis,
593 1225 678 1250 non
701 1210 790 1250 sine
819 1218 937 1250 motu
959 1224 1111 1264 magno
1132 1207 1299 1264 generis
1320 1207 1508 1256 humani,
1531 1215 1574 1247 et

178 1267 387 1323 ‘pernicie
419 1267 621 1308 Graeciae
650 1267 882 1308 dimicare?
913 1282 992 1308 nec
1018 1266 1124 1307 ullos
1148 1266 1262 1322 prius
1290 1264 1454 1306 cladem
1483 1264 1574 1306 eius

177 1325 302 1367 ‘belli
328 1340 534 1375 sensuros,
564 1340 690 1381 quam
723 1325 796 1381 qui
824 1324 1076 1366 movissent.’
1137 1323 1256 1365 Haec
1288 1322 1571 1379 nequicquam

174 1383 291 1425 velut
306 1383 556 1424 vaticinatus
579 1383 808 1424 Romanus.
863 1382 1005 1423 Thoas
1022 1381 1176 1423 deinde
1195 1381 1409 1437 ceterique
1426 1380 1572 1422 factio·
1586 1385 1694 1416 Aetoli
1713 1397 1762 1417 vo-

175 1441 240 1483 nis
268 1441 457 1483 eiusdem
486 1456 583 1483 cum
612 1456 783 1482 assensu
810 1440 1000 1481 omnium
1029 1439 1176 1489 auditi,
1206 1438 1487 1495 pervicerunt,
1510 1446 1570 1488 ut,
1585 1429 1726 1503 {¹33⁸ss

143 1518 162 1549 9
174 1515 228 1541 ne
250 1498 381 1541 dilato
398 1499 571 1556 quidem
593 1499 783 1548 concilio,
798 1507 841 1540 et
857 1498 1098 1539 absentibus
1120 1496 1336 1546 Romanis,
1355 1496 1572 1537 decretum
1585 1483 1783 1548 deceffiussff

174 1557 307 1606 fieret,
326 1572 410 1613 quo
432 1565 708 1598 arcesseretur
725 1556 965 1597 Antiochus
979 1555 1033 1596 ad
1054 1554 1315 1596 liberandam
1334 1553 1570 1604 Graeciam,

175 1615 542 1672 disceptatumque
584 1615 694 1656 inter
735 1613 911 1656 Aetolos
952 1622 994 1654 et
1036 1613 1264 1654 Romanos.
1329 1611 1444 1653 Huic
1486 1621 1572 1653 tam

175 1674 354 1730 superbo
376 1673 545 1714 decreto
566 1672 729 1714 addidit
749 1672 960 1728 propriam
981 1671 1280 1712 contumeliam
1303 1670 1573 1712 Damocritus

174 1739 341 1788 praetor
367 1746 524 1772 eorum.
589 1730 702 1771 Nam
736 1745 868 1786 quum
896 1729 940 1770 id
968 1730 1106 1786 ipsum
1135 1729 1353 1770 decretum
1381 1738 1571 1784 posceret

174 1804 272 1830 eum
298 1788 538 1839 Quinctius,
556 1804 642 1829 non
664 1788 818 1830 veritus
835 1787 1094 1829 maiestatem
1116 1787 1205 1836 viri,
1231 1786 1370 1828 ‘aliud
1386 1786 1430 1826 in
1452 1801 1570 1842 prae-

176 1852 188 1870 ‘
203 1847 348 1897 sentia,
391 1846 507 1903 quod
549 1846 679 1903 magis
719 1846 905 1895 instaret,
943 1844 1295 1902 praevertendum
1336 1844 1415 1885 sibi
1455 1844 1571 1894 esse,’

174 1904 307 1946 dixit:
355 1905 596 1946 ‘decretum
635 1919 966 1960 responsumque
1008 1903 1125 1945 brevi
1165 1902 1209 1943 in
1250 1901 1384 1951 Italia,
1426 1902 1570 1944 castris

176 1968 326 2019 ‘super
345 1963 479 2019 ripam
505 1962 671 2004 Tiberis
699 1961 857 2018 positis,
880 1961 1102 2002 daturum.'
1164 1960 1327 2001 Tantus
1354 1959 1470 2001 furor
1498 1959 1568 2000 illo

175 2032 361 2077 tempore
390 2028 559 2075 gentem
590 2020 854 2069 Aetolorum,
877 2028 1102 2075 tantusque
1130 2018 1395 2074 magistratus
1423 2032 1570 2059 eorum

175 2087 296 2134 cepit.

237 2135 463 2184 Quinctius
504 2136 713 2192 legatique
758 2135 1013 2177 Corinthum
1055 2134 1285 2176 redierunt.
1358 2133 1478 2183 Inde,
1522 2142 1568 2174 ut
1646 2136 1713 2174 34.

148 2213 160 2233 1
175 2209 368 2251 quaeque
391 2194 443 2235 de
477 2194 706 2243 Antiocho,
729 2193 834 2234 nihil
860 2209 935 2249 per
955 2209 997 2234 sc
1019 2192 1097 2249 ipsi
1120 2192 1287 2242 moturi,
1311 2201 1353 2233 et
1374 2191 1569 2233 sedentes

220 2321 236 2353 7
260 2314 311 2344 De
328 2314 377 2350 iis,
389 2323 472 2352 quae
488 2314 743 2352 anzbiyerentnr]
772 2312 846 2341 Vid.
942 2322 951 2341 1
980 2313 1077 2342 Nihil
1088 2322 1148 2351 per
1163 2323 1195 2341 se
1213 2313 1274 2351 ipsi
1288 2312 1421 2350 moturi]
1442 2312 1568 2341 Motum·

174 2366 257 2396 quae
287 2356 348 2386 hac
379 2356 419 2385 de
450 2366 482 2385 re
516 2356 707 2386 memoravit
740 2355 849 2385 Livius
895 2354 1080 2384 Perizonius
1101 2355 1283 2384 emendavit
1304 2364 1360 2393 pro
1383 2354 1465 2393 vulg.
1484 2355 1568 2390 moti,

174 2409 259 2439 supr.
285 2398 396 2428 xxxiii.
420 2407 469 2436 34.
490 2403 521 2428 ct
544 2410 595 2439 49.
617 2404 648 2428 et
670 2398 779 2428 xxxiv.
800 2406 846 2436 23-
894 2398 979 2436 quod
1020 2397 1160 2427 Bekker.
1199 2400 1315 2427 tuetur.
1384 2397 1436 2427 De
1473 2406 1566 2426 sensu

175 2442 281 2473 (ἷκεν.
894 2440 988 2470 huius
1027 2440 1088 2470 1001
1123 2440 1202 2470 mire
1237 2440 1420 2479 discrepant
1454 2438 1566 2469 critici.

218 2485 236 2514 8
260 2485 402 2514 Lanistis
431 2485 570 2522 Aetolis]
610 2483 733 2514 Aetolis
763 2493 847 2513 00111-
895 2482 1076 2513 Perizonius
1100 2486 1130 2513 et
1149 2482 1332 2513 Gronovius
1354 2483 1565 2521 interpretan-

175 2526 388 2560 mittentibus.
415 2527 663 2557 subornantibus
689 2526 721 2556 in
749 2531 847 2556 certa<
893 2529 955 2561 tur,
967 2526 1100 2555 Aetolos
1113 2525 1248 2555 voluisse
1261 2525 1358 2555 videri
1370 2525 1450 2554 nihil
1465 2535 1522 2564 per
1534 2534 1566 2554 se

176 2579 275 2605 men;
311 2570 584 2608 quemadmodum
617 2569 752 2600 lanistae
781 2569 846 2608 gla-
893 2568 978 2607 ipsos
990 2569 1207 2605 motui·os‚sed
1221 2568 1368 2598 sedentes
1380 2572 1566 2606 exspectare

176 2612 335 2642 diatorum
363 2612 452 2651 paria.
478 2612 560 2642 inter
586 2623 619 2642 se
647 2615 847 2650 comparant,
892 2611 1100 2642 Antiochum.
1158 2612 1280 2641 Contra
1317 2610 1497 2641 Crevierius
1535 2615 1566 2640 et

177 2659 208 2685 et
225 2655 408 2693 depugnare
424 2654 546 2686 iubent.
585 2655 637 2686 Sic
654 2654 685 2684 in
704 2655 766 2693 Ep.
782 2655 846 2684 An-
894 2653 1087 2693 Doeringius
1135 2653 1218 2683 hanc
1268 2653 1565 2692 interpretationem

176 2696 267 2733 tonii,
291 2697 377 2736 apud
403 2697 472 2728 Cic.
499 2697 583 2728 Phil.
608 2697 674 2728 xiii.
699 2707 751 2736 40.
796 2699 847 2727 Ne
892 2707 965 2726 cum
983 2696 1126 2735 iis‚quae
1139 2700 1326 2735 sequuntur,
1342 2695 1475 2725 minime
1492 2705 1566 2724 con-

176 2741 297 2771 videret
332 2741 431 2769 unius
463 2741 604 2779 corporis
635 2741 717 2770 duas
751 2741 846 2776 acies,
894 2739 999 2769 venire
1015 2743 1158 2775 censent,
1171 2743 1203 2769 et
1216 2739 1323 2768 locum
1340 2738 1475 2768 fractum
1498 2748 1566 2767 esse

176 2784 294 2813 lanista
312 2783 474 2817 Cicerone,
489 2783 682 2813 dimicantes.
707 2783 813 2813 Cnssv.
891 2781 1088 2817 existimant,
1111 2781 1163 2811 cui
1188 2780 1383 2819 Doeringius
1405 2779 1564 2810 medicam

219 2835 238 2866 9
263 2827 307 2855 Et
321 2825 504 2855 absentibus
518 2826 686 2863 Romanis]
708 2825 846 2864 Repete,
892 2834 1025 2854 manum
1050 2824 1213 2861 admovet,
1234 2828 1266 2854 et
1292 2833 1348 2862 pro
1373 2824 1447 2853 inde
1474 2832 1565 2851 voces

176 2873 206 2899 et
237 2879 277 2898 nc
307 2869 490 2898 absentibus
524 2867 653 2906 quidem
682 2869 845 2898 Romanis.
891 2868 996 2897 Aetoli
1013 2878 1052 2898 ne
1069 2867 1269 2906 reponendas
1289 2876 1355 2895 esse
1374 2864 1566 2904 suspicatur.

180 2911 288 2942 Dona.

235 2966 332 2993 VOL.
359 2966 417 2993 111.
1311 2964 1334 2990 1²
