1960 3218
528 147 656 190 LIB.
687 146 929 189 XXXVII.
976 147 1124 189 CAP.
1152 151 1216 189 10.
1490 147 1573 188 273

174 239 421 297 praefectus,
440 240 550 290 (erat
570 246 710 279 autem
733 236 852 278 exsul
871 236 1086 292 Rhodius)
1107 251 1240 292 quum
1262 235 1463 300 audisset,
1476 250 1574 291 pro·
1589 246 1632 277 U.
1650 246 1688 277 C.
1711 245 1783 285 562.

173 298 326 340 sectam
351 298 402 338 ab
428 296 553 338 domo
578 294 845 352 popularium
874 309 1045 335 suorum
1067 293 1252 343 classem,
1275 302 1318 335 et
1338 293 1571 334 Pausrstra—

175 364 266 396 tum
301 355 559 411 praefectum
595 353 773 408 superbe
810 351 1018 407 quaedam
1053 362 1096 393 et
1131 351 1406 416 contemptim
1442 351 1485 391 in

1585 290 1624 320 A.
1649 289 1688 320 C.
1715 298 1786 329 190.

1585 331 1760 371 Polyxeni-

1527 365 1570 391 Se‘
1584 375 1640 405 das
1656 375 1738 405 frau-

174 413 495 454 concionantem
516 411 684 459 dixisse,
707 409 933 465 praecipuo
962 409 1189 450 certamine
1218 424 1349 449 animi
1374 408 1571 449 adversus
1584 417 1657 448 dem
1676 418 1760 447 Pau-

175 486 273 511 eum
305 478 485 525 sumpto,
520 468 626 509 nihil
662 467 777 508 aliud
810 467 900 508 dies
932 476 1161 523 noctesque
1198 466 1382 522 agitabat

1415 465 1569 514 animo,
1583 459 1709 490 sistrato

175 543 302 584 quam
324 536 371 568 ut
390 527 517 568 verba
537 525 759 581 magnifica
780 524 870 565 eius
898 525 1022 566 rebus
1047 524 1294 565 confutaret.
1359 522 1497 564 rIittit
1518 523 1572 563 ad
1584 506 1687 533 strmt.

175 600 272 626 eum
294 585 510 625 hominem
533 592 575 624 et
596 583 656 623 illi
677 591 838 632 notum,
857 582 932 638 qui
953 582 1125 632 diceret,
1150 588 1162 605 ⁶
1177 581 1233 623 Et
1253 597 1296 623 se
1314 581 1572 622 Pausistrato

142 642 447 699 3‘patriaeque
479 656 577 682 suae
608 655 763 696 magno
791 640 898 689 usui,
921 639 955 680 si
982 639 1119 689 liceat,
1141 639 1254 688 fore3
1295 647 1338 680 et
1369 653 1393 679 a
1427 638 1573 679 Pausi-

176 705 189 724 ‘
204 708 330 741 strato
352 715 394 741 se
417 699 580 740 restitui
600 698 645 738 in
665 698 843 754 patriam
864 697 1011 754 posse.’
1055 696 1214 747 Quum,
1238 711 1422 753 quonam
1445 695 1572 736 modo

175 773 226 799 ea
256 757 348 799 fieri
376 765 557 813 possent,
591 755 866 797 mirabundus
899 755 1180 796 Pausistratus
1212 762 1571 811 percunctaretur,

174 815 304 856 fidem
334 814 496 871 petenti
527 813 646 855 dedit
679 812 865 869 agendae
897 813 1178 854 communiter
1208 812 1281 862 rei,
1304 821 1377 853 aut
1406 811 1573 852 silentio

177 872 394 929 tegendae.
444 872 557 913 Turn
578 871 876 920 internuntius,
911 876 922 894 ‘
937 870 1117 926 Regiam
1139 870 1312 911 classem
1333 878 1406 910 aut
1427 877 1572 918 totam,

179 935 278 972 ‘aut
310 930 510 971 maiorem
546 929 636 970 eius
671 937 846 984 partem,
879 927 1189 984 Polyxenidam
1220 927 1472 969 traditurum
1505 926 1570 967 ei:

179 993 190 1011 ‘
207 988 388 1044 pretium
418 987 524 1028 tanti
552 986 691 1027 meriti
720 986 884 1026 nullum
910 985 1026 1026 aliud
1050 985 1218 1042 pacisci,
1240 1000 1368 1041 quam
1389 984 1575 1025 reditum

179 1046 250 1085 ‘in
290 1045 493 1101 patriam.’
553 1043 809 1100 Magnitudo
848 1043 922 1092 rei,
960 1058 1038 1084 nec
1079 1052 1127 1084 ut
1167 1043 1371 1092 crederet,
1407 1057 1486 1083 nec
1528 1049 1576 1082 ut

146 1112 470 1158 4aspernaretur
514 1102 638 1151 dicta,
691 1101 841 1142 effecit.
918 1100 1177 1142 Panormum
1226 1100 1389 1142 Samiae
1441 1109 1574 1140 terrac

178 1161 310 1216 petit:
344 1160 487 1216 ibique
516 1159 570 1200 ad
598 1158 900 1214 explorandam
929 1173 1030 1207 rem,
1054 1174 1162 1214 quae
1192 1157 1332 1199 oblata
1351 1166 1452 1206 erat,
1476 1157 1574 1197 sub-

178 1217 294 1258 stitit.
360 1217 484 1258 Ultro
505 1217 695 1272 citroque
717 1216 855 1257 nuntii
877 1231 1041 1256 cursare
1061 1232 1069 1256 :
1104 1230 1183 1257 nec
1210 1215 1317 1256 fides
1344 1224 1441 1256 ante
1465 1214 1577 1255 Pau-

178 1275 343 1316 sistrato
364 1274 472 1315 facta
493 1283 567 1323 est,
591 1288 718 1329 quam
747 1288 885 1314 coram
914 1273 1063 1314 nuntio
1085 1273 1176 1314 eius
1196 1271 1482 1329 Polyxenidas
1503 1287 1577 1313 sua

179 1346 307 1373 manu
346 1332 522 1388 scripsit,
568 1337 580 1355 ‘
604 1331 657 1372 Se
693 1346 755 1380 ea,
793 1346 911 1387 quae⁴
937 1330 1148 1386 pollicitus
1184 1339 1305 1380 esset,
1341 1330 1577 1379 facturum‚’

177 1389 382 1446 signoque
416 1405 491 1430 suo
527 1389 747 1444 impressas
780 1388 953 1429 tabellas
986 1388 1109 1429 misit.
1174 1387 1238 1429 Eo
1268 1403 1367 1429 vero
1400 1387 1577 1443 pignore

147 1447 293 1489 §velut
318 1456 581 1489 auctoratum
606 1447 684 1487 sibi
712 1446 969 1502 proditorem
997 1454 1110 1487 ratus
1138 1454 1211 1487 est.
1276 1445 1431 1501 Neque
1463 1445 1578 1486 enim

179 1521 290 1554 eum,
309 1505 382 1561 qui
404 1505 480 1546 sub
502 1520 599 1560 rege
621 1504 792 1553 viveret,
811 1504 1131 1545 commissurum
1150 1504 1290 1553 fuisse,
1313 1512 1361 1544 ut
1382 1503 1580 1544 adversus

179 1572 312 1604 semet
340 1563 477 1619 ipsum
505 1562 663 1603 indicia
694 1577 822 1603 manu
856 1577 929 1602 sua
963 1570 1112 1602 testata
1140 1561 1269 1602 daret.
1333 1560 1441 1602 Inde
1473 1560 1578 1601 ratio

180 1620 397 1661 simulatae
419 1620 669 1677 proditionis
691 1619 932 1676 composita,
968 1624 979 1642 ‘
998 1619 1204 1660 Omnium
1226 1634 1268 1660 se
1291 1633 1430 1660 rerum
1452 1633 1580 1674 appa-

183 1683 346 1719 ‘ratum
378 1678 655 1727 omissurum,’
685 1676 970 1733 Polyxenidas
1006 1676 1174 1726 dicere3
1215 1682 1327 1717 ‘non
1361 1675 1578 1731 remigem,

149 1746 168 1777 6
184 1741 194 1759 ‘
211 1751 296 1777 non
318 1736 450 1777 socios
470 1735 638 1776 navales
659 1735 713 1776 ad
734 1735 907 1776 classem
923 1734 1165 1789 frequentes
1186 1734 1451 1775 habiturum:
1483 1733 1580 1773 sub-

183 1793 439 1835 ‘ducturum
478 1808 554 1849 per
595 1792 904 1834 simulationem
945 1792 1164 1833 reficiendi
1200 1791 1403 1848 quasdam
1439 1805 1580 1840 naves,

183 1856 195 1875 ‘
210 1851 309 1893 allas
337 1851 379 1891 in
409 1851 669 1907 propinquos
696 1858 842 1906 portus
863 1850 1158 1890 dimissurum:
1192 1864 1345 1905 paucas
1367 1857 1463 1890 ante
1485 1863 1582 1904 por-

185 1914 196 1932 ‘
213 1918 302 1950 tum
326 1909 485 1965 Ephesi
506 1909 550 1949 in
571 1908 657 1949 salo
678 1908 919 1949 habiturum
937 1923 947 1956 3
981 1922 1098 1963 quas,
1120 1907 1154 1948 si
1175 1907 1289 1948 exire
1312 1922 1376 1948 res
1398 1914 1580 1962 cogeret,

184 1966 450 2008 ‘obiecturus
479 1966 698 2007 certamini
724 1965 856 2007 foret.’
920 1964 1061 2014 Quam
1092 1964 1395 2020 negligentiam
1424 1963 1582 2020 Polyx-

184 2024 352 2065 enidam
383 2024 425 2064 in
459 2024 586 2064 classe
618 2038 693 2064 sua
721 2023 963 2063 habiturum
985 2022 1265 2063 Pausistratus
1293 2021 1466 2070 audivit,
1489 2036 1583 2061 eam

184 2081 271 2137 ipse
295 2081 508 2137 extemplo
529 2081 687 2121 habuit.
751 2080 922 2121 Partem
951 2079 1122 2120 navium
1151 2079 1205 2120 ad
1232 2087 1490 2120 commeatus
1518 2092 1583 2118 ar-

155 2138 406 2186 7cessendos
428 2138 782 2186 Halicarnassum,
806 2146 966 2193 partem
992 2136 1164 2177 Samum
1193 2136 1246 2177 ad
1272 2137 1420 2177 urbem
1441 2134 1580 2176 misit:

186 2204 231 2237 ut
252 2205 420 2252 paratus
441 2205 560 2245 esset,
584 2210 715 2251 quum
745 2195 912 2250 signum
940 2193 1214 2250 aggrediendi
1235 2209 1260 2234 a
1279 2193 1494 2249 proditore
1516 2207 1583 2233 ac-

230 2329 247 2358 3
271 2320 305 2350 Si
322 2319 431 2357 liceat]
461 2318 524 2349 Per
542 2318 785 2348 Pausistratum.

230 2374 248 2400 4
271 2364 471 2393 I’cmormum
483 2363 612 2392 Samiae
624 2363 746 2399 terrae]
780 2362 861 2391 Pan-

907 2318 1101 2357 guinemque
1158 2318 1294 2348 lanistae
1351 2317 1583 2348 addicentibus.

908 2362 1003 2391 CnEv
1010 2384 1017 2391 .

187 2415 296 2435 ormus
317 2408 427 2444 portus
447 2404 628 2434 Samiorum
646 2403 776 2433 (litionis
793 2404 864 2440 fuit,

187 2447 254 2484 sed,
290 2447 376 2485 quod
412 2447 587 2477 nonnullos
621 2446 701 2485 fugit
736 2456 863 2485 geogra—

190 2490 282 2529 phos,
298 2500 362 2519 non
385 2488 417 2519 in
437 2491 534 2520 Samo
550 2489 665 2519 insula.
714 2489 793 2519 Erat
809 2489 864 2518 illc

190 2532 221 2561 in
254 2531 470 2571 Ephesiorum
502 2542 568 2569 ora,
599 2531 689 2562 cuius
722 2531 864 2570 aliquam

191 2578 314 2613 partem
342 2574 442 2605 Samii
467 2575 650 2605 habebant:
683 2584 765 2613 quac
793 2574 865 2604 ideo

189 2618 298 2647 Samia
330 2621 429 2653 terra,
457 2618 505 2647 vel
538 2617 730 2656 simpliciter
755 2618 865 2647 Samia

191 2660 375 2696 vocabatur,
389 2663 424 2689 ut
439 2659 510 2690 infr.
528 2669 574 2690 12.
591 2663 623 2690 et
643 2668 689 2697 13.
705 2663 737 2690 ct
753 2659 865 2690 sedulo

194 2701 423 2740 distinguenda
458 2706 505 2731 est
540 2703 580 2732 ab
616 2702 713 2733 Samo
751 2702 865 2732 insula.

193 2743 268 2774 Vid.
287 2744 390 2774 strab.
408 2743 470 2774 xiv.
489 2754 519 2783 p.
535 2743 607 2783 636.
621 2749 653 2775 et
663 2744 734 2785 639.
759 2745 864 2776 szv.

191 2787 414 2817 Panhormum
429 2786 538 2817 scribit
555 2786 695 2817 Bekker.

236 2838 253 2867 5
277 2830 508 2867 Auctoratum]
549 2829 789 2869 Mancipatum,
813 2830 867 2860 ad-

193 2871 326 2902 dictum.
368 2871 443 2901 Hoc
461 2872 591 2901 verbum
609 2872 736 2911 proprie
752 2872 869 2902 dicitur

193 2914 234 2944 de
263 2913 494 2953 gladiatoribus
520 2924 651 2953 operam
681 2924 772 2945 suam
800 2924 868 2945 san-

251 2968 348 2996 VOL.
372 2969 434 2996 111.

951 2402 969 2433 6
992 2404 1097 2434 ›S'ocios
1112 2402 1260 2442 navales]
1286 2403 1326 2434 cf.
1343 2403 1437 2442 Supr.
1454 2402 1519 2433 xxi.
1534 2412 1584 2443 49.

955 2454 969 2485 7
994 2448 1126 2476 Partem
1142 2446 1274 2477 Samum
1289 2447 1332 2476 ad
1346 2447 1456 2476 urbem
1476 2446 1562 2475 misit
1575 2457 1584 2474 .-

908 2494 945 2519 ut
959 2494 1098 2528 paratus
1113 2490 1208 2527 esset]
1237 2489 1358 2519 Parum
1374 2488 1454 2518 haec
1471 2487 1586 2518 cohae-

910 2542 978 2561 rere
999 2531 1191 2561 ridebuntur
1213 2535 1338 2562 attente
1362 2530 1586 2570 perpendenti.

911 2574 1024 2610 (Quum
1042 2574 1126 2604 enim
1147 2573 1215 2613 ipse
1233 2573 1450 2605 Pausistratus
1467 2574 1586 2604 Panor-

910 2617 954 2646 mi
985 2617 1017 2646 in
1050 2617 1265 2656 Ephesiorum
1294 2627 1349 2646 ora
1378 2620 1520 2652 maneat,
1551 2620 1587 2645 ut

911 2663 1036 2690 constat
1060 2669 1099 2690 ex
1123 2659 1341 2698 sequentibus,
1357 2669 1498 2698 quonam
1521 2668 1587 2688 mo-

911 2703 952 2732 do
976 2701 1038 2732 dici
1070 2706 1176 2741 potest
1202 2701 1274 2732 ideo
1306 2705 1430 2741 partem
1457 2701 1587 2731 navium

912 2746 1045 2775 Samum
1062 2745 1102 2774 ad
1119 2745 1232 2774 urbem
1250 2744 1390 2781 mittere,
1406 2747 1442 2774 ut
1459 2747 1589 2783 paratus

912 2787 952 2818 sit
968 2787 1007 2817 ad
1024 2787 1288 2826 aggrediendum,
1304 2787 1359 2817 ubi
1376 2796 1457 2826 opus
1472 2785 1589 2816 fuerit?

915 2830 929 2860 Ι
935 2840 987 2860 mo
1016 2829 1125 2860 Livius
1152 2830 1299 2860 observat
1324 2830 1365 2859 ab
1397 2839 1434 2859 eo
1465 2831 1588 2867 partem

913 2871 1023 2902 classis
1061 2872 1340 2908 Halicarnassum,
1372 2874 1494 2910 partem
1534 2870 1588 2900 Sa-

914 2924 1002 2945 mum
1020 2914 1172 2954 afflegari,
1188 2918 1224 2944 ut
1240 2917 1330 2945 notet
1346 2913 1414 2943 eius
1430 2912 1589 2951 negligen-

1333 2968 1359 2996 Τ
