1960 3218
151 246 196 278 U.
214 246 252 278 C.
276 245 348 286 561.

150 290 191 321 A.
216 290 255 321 C.
280 299 350 331 191.

223 1401 291 1441 25.

160 1689 309 1720 Lamiam

160 1732 336 1772 Philippus

160 1779 337 1815 oppugnat.

355 151 438 188 248
874 147 1025 190 ΤΙΤΙ
1065 147 1246 190 LIVII

360 239 491 282 ferme
513 240 582 282 die
604 240 759 282 milites
786 256 919 296 quum
940 241 982 282 in
1013 241 1117 282 duas
1138 241 1345 283 divisisset
1374 246 1525 298 partes,
1549 256 1674 283 unam
1695 257 1761 283 ra-

365 298 528 340 dicibus
549 299 756 340 montium
780 299 1038 340 circumduci
1060 299 1111 340 ad
1133 315 1282 355 rupem
1299 299 1430 349 iussit,
1454 315 1574 355 quae,
1597 299 1761 355 fastigio

365 356 600 397 altitudinis
621 372 708 412 par,
732 356 871 398 media
890 357 997 397 valle
1023 357 1138 398 velut
1160 358 1337 413 abrupta
1357 357 1407 398 ab
1429 372 1522 398 aree
1544 366 1631 398 erat
1644 372 1654 406 ;
1687 356 1762 398 sed

364 414 470 455 adeo
491 429 621 470 prope
643 415 856 470 geminata
877 415 1095 455 cacumina
1116 430 1261 455 eorum
1283 415 1489 455 montium
1513 424 1622 463 sunt,
1641 424 1688 455 ut
1708 429 1762 455 ex

364 472 519 513 vertice
552 472 683 513 altero
709 472 861 513 coniici
893 472 975 513 tela
1002 472 1046 512 in
1075 487 1213 513 arcem
1237 472 1422 528 possint:
1462 488 1558 513 cum
1587 471 1764 512 dimidia

365 539 482 586 parte
504 530 683 570 militum
707 529 866 578 consul,
890 530 941 571 ab
963 530 1065 570 urbe
1088 545 1333 570 escensurus
1355 530 1399 569 in
1421 545 1572 579 arcem,
1595 529 1763 585 signum

366 587 418 628 ab
449 587 511 637 iis,
542 588 615 643 qui
644 589 695 629 ab
727 597 844 643 tergo
875 587 919 627 in
948 602 1095 643 rupem
1128 587 1289 628 evasuri
1320 596 1452 636 crant,
1478 588 1761 643 exspectabat.

368 644 471 685 Non
499 645 645 694 tulere,
676 645 749 701 qui
776 645 819 685 in
844 659 936 686 arce
963 653 1094 693 erant,
1123 644 1266 686 Aetoli
1292 644 1474 700 primum
1504 660 1665 694 eorum,
1689 643 1764 700 qui

366 717 515 758 rupem
548 712 758 758 ceperant,
782 702 1019 752 clamorem,
1044 702 1198 743 deinde
1227 703 1432 758 impetum
1462 702 1513 743 ab
1541 703 1643 743 urbe
1675 702 1765 743 Ro-

368 775 601 809 manorum,
625 769 667 801 et
695 760 834 801 fractis
866 760 948 801 iam
977 760 1139 809 animis,
1163 769 1203 801 et
1233 760 1348 800 nulla
1375 760 1433 801 ibi
1454 768 1699 816 praeparata
1719 774 1764 800 re

369 817 422 859 ad
446 818 709 859 obsidionem
734 817 893 859 diutius
922 818 1208 858 tolerandam:
1243 827 1388 873 utpote
1418 817 1679 873 congregatis
1703 816 1766 858 fe-

369 875 506 925 minis,
535 875 775 931 puerisque,
799 885 841 916 et
868 875 1028 916 imbelli
1055 875 1136 915 alia
1167 875 1289 916 turba
1308 875 1353 915 in
1383 890 1534 924 arcem,
1558 890 1665 931 quae
1694 874 1766 915 vix

369 947 531 988 capere,
546 933 705 974 nedum
728 933 848 982 tueri,
864 932 1182 974 multitudinem
1206 942 1365 973 tantam
1385 940 1536 988 posset.
1599 932 1763 987 Itaque,

369 990 423 1031 ad
444 990 627 1046 primum
648 990 853 1046 impetum
875 990 1047 1031 abiectis
1069 991 1206 1040 armis,
1224 990 1478 1031 dediderunt
1497 1005 1596 1030 sese.
1661 989 1766 1031 Tra-

369 1047 482 1088 ditus
512 1048 623 1089 inter
658 1057 817 1089 ceteros
852 1048 1047 1104 princeps
1085 1048 1334 1089 Aetolorum
1370 1047 1641 1088 Damocritus
1677 1054 1762 1088 est:

370 1105 443 1161 qui
465 1105 673 1161 principio
696 1105 795 1146 belli
823 1105 1039 1146 decretum
1069 1105 1334 1154 Aetolorum,
1358 1120 1443 1160 quo
1472 1104 1766 1146 arcessendum

370 1163 635 1204 Antiochum
675 1172 938 1212 censuerant,
981 1163 1032 1203 T.
1065 1162 1268 1210 Quinctio
1308 1163 1499 1219 poscenti
1538 1161 1766 1218 responde-

369 1229 456 1262 rat:
504 1220 583 1261 ‘In
617 1219 739 1261 Italia
771 1220 980 1269 daturum,
1016 1236 1147 1276 quum
1179 1230 1310 1261 castra
1340 1220 1398 1260 ibi
1434 1219 1575 1261 Aetoli
1605 1219 1767 1275 posuis-

370 1279 489 1320 senff
553 1278 621 1320 Ob
638 1292 729 1319 eam
744 1277 943 1319 ferociam
964 1278 1097 1318 maius
1118 1278 1343 1319 victoribus
1364 1277 1566 1334 gaudium
1589 1276 1766 1319 traditus

369 1336 460 1378 fuit.

430 1394 593 1436 Eodem
637 1404 835 1452 tempore,
878 1412 962 1452 quo
1010 1396 1195 1437 Romani
1237 1394 1499 1444 Heracleam,
1543 1393 1766 1450 Philippus

371 1452 562 1493 Lamiam
580 1469 633 1494 ex
654 1454 885 1509 composito
907 1455 1188 1510 oppugnabat,
1212 1454 1321 1494 circa
1342 1451 1648 1508 Thermopylas
1669 1466 1766 1492 cum

369 1510 554 1560 consule,
577 1510 780 1552 redeunte
809 1527 862 1551 ex
889 1507 1075 1560 Boeotia,
1099 1520 1146 1552 ut
1172 1511 1389 1552 victoriam
1417 1510 1495 1565 ipsi
1522 1509 1765 1565 populoque

371 1567 567 1609 Romano
587 1568 876 1624 gratularetur,
900 1577 1217 1624 excusaretque,
1236 1568 1351 1624 quod
1373 1567 1518 1608 morbo
1540 1566 1768 1622 impeditus

369 1625 479 1667 bello
513 1641 599 1667 non
630 1626 896 1675 interfuisset,
929 1640 1184 1681 congressus.
1248 1625 1354 1666 Inde
1392 1625 1545 1665 diversi
1580 1623 1633 1664 ad
1664 1623 1768 1664 duas

371 1683 494 1723 simul
517 1683 819 1740 oppugnandas
834 1684 956 1724 urbes
977 1683 1165 1739 profecti.
1228 1683 1444 1725 Intersuut
1460 1690 1620 1737 septem
1638 1680 1768 1722 millia

369 1740 500 1782 ferme
521 1756 741 1797 passuum:
777 1750 818 1781 et
840 1742 938 1796 quia
961 1741 1109 1781 Lamia
1130 1756 1261 1796 quum
1283 1740 1416 1796 posita
1437 1748 1499 1780 est
1521 1739 1563 1779 in
1590 1738 1766 1787 tumulo,

371 1807 462 1839 tum
476 1799 692 1854 regionem
709 1798 891 1839 maxime
910 1798 1042 1839 Oetae
1057 1806 1230 1854 spectat,
1247 1797 1402 1853 oppido
1416 1811 1542 1852 quam
1560 1797 1684 1837 breve
1702 1796 1767 1836 in-
1781 1811 1798 1831 2

371 1855 589 1896 tervallum
604 1856 783 1905 videtur,
800 1864 842 1896 et
855 1856 996 1896 omnia
1009 1856 1052 1895 in
1067 1866 1295 1911 conspectu
1308 1863 1416 1895 sunt.
1467 1853 1611 1901 Quum
1627 1854 1765 1903 enixe,

369 1913 486 1954 velut
506 1913 719 1969 proposito
741 1914 981 1962 certamine,
1007 1912 1189 1953 Romani
1212 1912 1555 1966 Macedonesque
1578 1911 1690 1952 diem
1719 1925 1767 1951 ac

369 1978 539 2011 noctem
568 1980 639 2011 aut
667 1970 710 2010 in
740 1971 947 2026 operibus,
977 1979 1050 2011 aut
1079 1970 1123 2010 in
1152 1970 1320 2026 proeliis
1348 1979 1498 2018 essent,
1525 1968 1605 2009 hoc
1636 1968 1768 2008 maior

371 2027 593 2069 difficultas
616 2027 924 2069 Macedonibus
942 2038 1041 2077 erat,
1061 2028 1176 2083 quod
1199 2027 1381 2068 Romani
1397 2041 1546 2082 aggere
1561 2034 1604 2066 et
1619 2025 1765 2074 vineis,

371 2093 414 2126 et
430 2086 624 2126 omnibus
646 2101 771 2141 supra
792 2094 942 2126 terram
961 2085 1169 2141 operibus,
1193 2086 1338 2126 subtus
1368 2083 1627 2125 Macedones
1648 2082 1768 2124 cuni—

370 2142 474 2183 culis
496 2144 817 2199 oppugnabant:
851 2152 893 2183 et
914 2143 959 2182 in
984 2143 1139 2197 asperis
1166 2142 1267 2183 locis
1293 2141 1397 2182 silex
1425 2156 1548 2196 saepe
1578 2140 1767 2196 impene-

372 2200 530 2240 trabilis
550 2201 659 2241 ferro
688 2201 942 2241 occurrebat.
1006 2199 1075 2249 Et,
1099 2215 1230 2255 quum
1258 2214 1407 2255 parum
1435 2197 1682 2254 procederet
1702 2197 1767 2237 in-

371 2266 554 2313 ceptum,
586 2273 662 2313 per
692 2257 901 2313 colloquia
927 2257 1164 2313 principum
1197 2256 1430 2312 oppidanos
1462 2255 1648 2296 tentabat
1676 2269 1765 2303 rex,

371 2323 418 2355 ut
448 2315 594 2355 urbem
623 2314 828 2355 (lederent
844 2331 854 2363 3
888 2314 1002 2355 haud
1030 2315 1196 2363 dubius,
1220 2314 1336 2369 quin,
1360 2314 1393 2353 si
1418 2313 1532 2368 prius
1559 2310 1767 2353 Heraclea

371 2380 492 2427 capta
518 2372 636 2421 foret,
663 2372 866 2413 Romanis
893 2387 935 2412 se
964 2372 1115 2427 potius,
1146 2386 1272 2426 quam
1301 2370 1379 2410 sibi
1407 2369 1590 2410 dedituri
1612 2377 1764 2419 essent,

370 2443 572 2485 suamque
608 2429 782 2486 gratiam
821 2429 967 2469 consul
1002 2429 1047 2469 in
1081 2428 1297 2469 obsidione
1334 2425 1551 2467 liberanda
1580 2425 1798 2473 facturus3

417 2581 434 2602 2
465 2574 544 2602 Tum
580 2574 740 2611 reqionem
777 2575 914 2603 'maa-ime
946 2574 1044 2603 Oetae
1089 2572 1230 2601 eiusdem
1247 2570 1382 2610 generis,
1398 2580 1455 2610 pro
1471 2571 1767 2609 admodzmz,valde‚

367 2619 500 2653 spectat,
518 2616 633 2653 oppido
656 2626 751 2654 quum
776 2616 868 2645 breve
892 2616 1043 2645 interval·
1089 2618 1124 2643 ut
1140 2614 1212 2643 infr.
1230 2614 1340 2644 xxxix.
1359 2621 1409 2651 47.
1433 2615 1548 2652 oppido
1570 2624 1666 2654 quam
1687 2624 1765 2652 par-

367 2658 434 2686 lum
454 2657 597 2694 videtur]
641 2657 737 2686 Hauc
761 2657 932 2686 lectionem
958 2657 1043 2686 Bek-
1089 2667 1139 2686 va.
1185 2655 1340 2686 Similiter
1356 2657 1394 2686 A.
1413 2656 1541 2685 Gellius
1564 2666 1616 2686 xv,
1638 2664 1688 2693 30.
1712 2666 1765 2695 op-

368 2699 435 2729 ker.
453 2708 580 2737 quoque
596 2699 737 2737 reposuit
758 2709 814 2737 pro
833 2700 962 2737 vulgata
978 2703 1044 2728 tum
1086 2699 1162 2736 pido
1177 2709 1271 2737 qnam
1285 2700 1377 2737 fiunt
1393 2699 1428 2727 inf
1445 2699 1614 2729 literarum
1630 2702 1765 2729 ostenta-

367 2743 528 2780 refimwm
552 2752 589 2771 ι’(ι
613 2742 749 2771 maa‘ime
772 2742 931 2779 despectat
955 2742 1043 2779 oppi-
1090 2742 1173 2770 tione
1191 2741 1290 2779 inepti
1306 2745 1337 2771 et
1345 2742 1473 2779 frivoli.

367 2785 454 2820 darn,
469 2794 533 2823 (sua
551 2785 642 2814 orere
655 2806 662 2813 .
676 2807 683 2813 .
697 2808 704 2814 .
730 2783 1043 2821 Ascc11sius,quiop-
1133 2791 1150 2819 3
1173 2784 1336 2822 Statimque
1355 2784 1497 2821 qratiam
1524 2783 1637 2813 consul
1657 2783 1692 2812 in
1714 2783 1763 2812 ob-

363 2828 441 2864 pido
471 2836 566 2865 quam
597 2827 690 2856 breve
721 2825 842 2864 primus
872 2825 983 2861 edidit,
1012 2828 1043 2854 ct
1087 2825 1208 2855 sidione
1225 2826 1389 2855 liberanda
1405 2826 1562 2862 facturus
1583 2825 1677 2861 esset]
1719 2823 1764 2854 Et

367 2868 549 2898 Crevierius
572 2868 617 2898 ita
639 2867 799 2906 scripsisse
820 2867 949 2898 Livium
971 2877 1043 2897 cen·
1089 2866 1241 2897 liberatae
1269 2867 1434 2897 obsidione
1460 2867 1547 2897 urbis
1571 2866 1707 2905 gratiam
1730 2866 1764 2896 in

366 2915 448 2948 sent,
477 2914 512 2940 ut
541 2921 619 2941 sane
649 2920 758 2950 qnam,
785 2914 816 2941 ct
846 2910 911 2940 alia
940 2909 1043 2939 multa
1089 2919 1121 2939 se
1144 2908 1346 2941 derivaturus
1368 2913 1451 2941 esset
1478 2910 1610 2947 consul;
1632 2908 1709 2943 sive,
1730 2907 1763 2938 id
