1960 3218
549 149 678 191 LIB.
708 148 951 191 XXXVII.
997 148 1146 191 CAP.
1186 153 1250 191 19.
1518 149 1599 187 281

207 237 374 290 Elaeae,
392 247 435 281 et
455 248 517 281 tot
538 239 687 281 classes
708 239 752 280 in
768 253 901 280 unum
919 239 1165 280 convenisse
1186 246 1369 294 portum,
1389 234 1603 278 Antiocho
1617 246 1662 278 U.
1679 246 1717 278 C.
1741 245 1816 287 56²·

206 296 377 338 allatum
408 306 492 346 est3
528 305 570 338 et
600 298 677 338 sub
713 297 827 338 idem
860 304 1026 353 tempus
1059 296 1233 345 audivit,
1263 294 1480 336 consulem
1506 307 1603 335 cum
1616 291 1656 321 A.
1681 291 1718 321 C.
1746 299 1816 330 ¹90·

206 356 396 396 exercitu
416 355 499 396 iam
523 355 568 395 in
590 354 846 396 Macedonia
866 369 968 404 esse,
990 354 1226 410 pararique,
1250 368 1357 409 quae
1380 352 1433 393 ad
1454 351 1604 393 transi-

207 422 298 454 tum
327 412 593 469 Hellesponti
622 428 727 469 opus
757 421 919 461 essent3
953 421 1119 468 tempus
1140 411 1302 452 venisse
1325 419 1450 460 ratus,
1473 410 1601 466 prius,
1617 415 1801 446 Antiochus

207 486 333 526 quam
359 480 469 511 terra
496 470 683 526 marique
713 470 836 511 simul
868 479 1099 525 urgeretur,
1128 469 1281 525 agendi
1313 468 1366 509 de
1398 483 1514 523 pace,
1538 477 1604 508 tu-
1617 460 1755 532 gjitpfloe

205 528 368 569 mulum
390 528 601 584 quendam
632 528 828 569 adversus
850 527 1023 568 Elaeam
1045 528 1188 568 castris
1209 526 1332 583 cepit.
1396 525 1461 566 Ibi
1483 525 1605 581 pedi·
1637 526 1654 541 ‘³
1685 525 1692 532 '

206 594 295 627 tum
318 586 512 627 omnibus
534 586 664 642 copiis
685 585 852 635 relictis,
874 600 971 626 cum
993 583 1187 641 equitatu
1207 586 1347 640 (erant
1367 592 1508 624 autem
1530 597 1604 623 sex

205 642 337 684 millia
358 644 570 700 equitum)
591 644 636 684 in
657 659 826 699 campos
847 643 923 684 sub
945 643 1035 699 ipsa
1056 642 1211 684 Elaeae
1241 641 1408 683 moenia
1429 641 1604 682 descen-

205 701 281 750 dit,
300 702 425 743 misso
442 701 716 743 caduceatore
739 701 792 742 ad
810 700 1056 750 Aemilium,
1071 700 1178 742 velle
1201 715 1243 741 se
1266 699 1319 740 de
1341 714 1443 755 pace
1467 713 1601 754 agere.

206 758 429 809 Aemilius,
454 759 647 801 Eumene
677 775 700 800 a
725 759 932 815 Pergamo
954 759 1099 809 accito,
1123 757 1322 799 adhibitis
1343 766 1386 798 et
1409 755 1603 805 Rhodiis,
1687 754 1750 792 19·

171 833 175 836 ’
206 816 429 858 consilium
450 817 609 858 habuit.
674 817 835 858 Rhodii
862 816 977 858 haud
1002 816 1214 873 aspernari
1239 830 1409 872 pacem:
1446 814 1606 855 Eume-

206 889 294 924 nes,
319 880 422 916 ‘nec
443 875 669 916 honestum
690 875 805 924 esse,’
826 874 979 923 dicere,
1004 880 1015 898 ‘
1031 890 1081 915 eo
1104 883 1293 930 tempore
1316 873 1369 914 de
1391 887 1494 929 pace
1516 872 1603 928 agi3

209 937 312 973 ‘nec
348 933 509 974 exitum
544 933 605 974 rei
640 933 801 988 imponi
836 947 969 989 posse.
1036 932 1123 980 Qui
1154 931 1294 980 enim,’
1321 930 1473 986 inquit,
1506 935 1606 970 ‘aut

209 995 222 1013 ‘
234 989 424 1040 honeste,
447 990 596 1032 inclusi
618 991 838 1031 moenibus
869 1001 911 1031 et
943 990 1097 1032 obsessi
1118 989 1246 1039 velut,
1269 988 1382 1045 leges
1403 988 1516 1044 pacis
1538 1002 1606 1028 ac-

210 1048 467 1104 ‘cipiemus'?
498 1057 571 1089 aut
598 1048 666 1089 cui
697 1057 786 1088 rata
814 1049 891 1089 ista
921 1063 1003 1103 pax
1030 1048 1121 1097 erit,
1145 1062 1272 1103 quam
1301 1047 1389 1087 sine
1419 1045 1604 1095 consule,

179 1119 191 1139 1
211 1111 321 1146 ‘non
349 1121 402 1147 ex
431 1107 677 1147 auctoritate
710 1114 890 1155 senatus,
914 1121 998 1147 non
1022 1106 1136 1146 iussu
1157 1104 1303 1161 populi
1327 1103 1511 1145 Romani
1532 1118 1607 1159 pe-

210 1163 492 1219 ‘pigerimus?
557 1164 727 1211 Quaero
749 1163 875 1212 enim,
899 1178 1000 1219 pace
1022 1178 1098 1219 per
1126 1172 1166 1203 te
1194 1163 1315 1211 facta,
1337 1161 1605 1202 rediturusne

209 1227 221 1244 ‘
234 1221 447 1277 extemplo
464 1222 508 1261 in
526 1221 691 1262 Italiam
709 1221 774 1270 sis,
790 1221 962 1262 classem
979 1220 1299 1275 exercitumque
1317 1218 1606 1260 deducturus?

210 1284 221 1302 ‘
235 1293 288 1319 an
305 1288 634 1334 exspectaturus,
653 1278 758 1335 quid
774 1278 826 1319 de
850 1294 899 1319 ea
919 1293 963 1319 re
985 1278 1146 1319 consuli
1167 1277 1342 1334 placeat,
1362 1276 1466 1332 quid
1487 1291 1607 1317 sena-

209 1342 300 1377 ‘tus
322 1345 502 1386 censeat,
527 1345 599 1377 aut
625 1336 805 1393 populus
827 1336 1000 1377 iubeat?
1061 1335 1211 1377 Restat
1233 1350 1344 1391 ergo,
1368 1343 1415 1375 ut
1436 1349 1606 1374 maneas

209 1400 220 1418 ‘
233 1394 278 1434 in
297 1394 412 1443 Asia,
428 1404 470 1435 et
490 1409 632 1435 rursus
652 1395 696 1434 in
718 1394 894 1435 hiberna
911 1393 1056 1450 copiae
1078 1393 1290 1443 reductae,
1307 1392 1460 1433 omisso
1481 1391 1605 1441 bello,

209 1451 484 1493 ‘exhauriant
504 1452 807 1493 commeatibus
828 1451 1081 1509 praebendis
1103 1451 1260 1492 socios:
1295 1449 1451 1491 deinde
1474 1449 1528 1504 (si
1550 1449 1608 1490 ita

209 1510 368 1551 ‘visum
399 1510 452 1551 sit
482 1511 544 1560 iis,
567 1525 697 1566 penes
719 1525 824 1566 quos
845 1518 1029 1566 potestas
1050 1509 1198 1564 fuerit)
1219 1509 1500 1549 instauremus
1530 1522 1608 1548 no-

209 1574 332 1608 ‘vum
349 1567 401 1608 de
423 1568 586 1624 integro
607 1568 789 1609 bellum:
825 1568 940 1623 quod
961 1582 1193 1624 possumus,
1213 1567 1247 1608 si
1268 1582 1322 1608 ex
1343 1566 1423 1607 hoc
1445 1566 1608 1621 impetu

209 1631 373 1666 ‘rerum
404 1626 510 1666 nihil
540 1625 788 1682 prolatando
818 1626 1058 1675 remittitur,
1086 1633 1182 1666 ante
1212 1625 1409 1673 hiemem,
1433 1623 1512 1663 diis
1532 1638 1605 1663 vo-

210 1689 222 1708 ‘
234 1682 430 1733 lentibus,
453 1684 701 1740 perfecisse.’
765 1682 886 1724 Haec
908 1684 1116 1724 sententia
1135 1682 1249 1732 vicit,
1272 1696 1606 1738 responsumque
1621 1690 1818 1739 RenuitAe-

208 1741 424 1783 Antiocho
457 1751 531 1791 est,
567 1751 663 1782 ante
697 1741 880 1783 consulis
916 1741 1146 1782 adventum
1178 1741 1231 1781 de
1272 1755 1376 1796 pace
1413 1739 1477 1795 agi
1520 1754 1608 1780 non
1620 1734 1739 1765 nulius.

206 1814 337 1856 posse.
387 1799 639 1849 Antiochus,
657 1814 759 1855 pace
781 1799 1066 1856 nequicquam
1084 1807 1256 1848 tentata,
1271 1798 1466 1839 evastatis
1484 1796 1608 1838 Elae-

205 1857 369 1898 ensium
405 1858 602 1913 primum,
635 1857 790 1898 deinde
818 1856 1177 1913 Pergamenorum
1211 1856 1332 1912 agris,
1367 1855 1513 1896 relicto
1549 1855 1607 1895 ibi

175 1914 386 1957 zseleuco
417 1915 517 1965 filio,
551 1915 878 1971 Adramytteum
916 1915 1124 1956 hostiliter
1156 1914 1306 1955 itinere
1343 1913 1466 1962 facto,
1502 1912 1609 1968 petit

174 1988 192 2018 3
207 1987 353 2028 agrum
381 1972 643 2029 opulentum,
668 1988 794 2028 quem
816 1982 968 2014 vocant
990 1973 1160 2013 Thebes
1189 1986 1398 2027 campum,
1423 1970 1607 2012 carmine

207 2029 385 2071 Homeri
417 2030 672 2071 nobilitatae.
736 2029 891 2085 Neque
914 2030 994 2071 alio
1017 2029 1103 2071 ullo
1124 2029 1216 2070 loco
1240 2030 1368 2070 Asiae
1391 2029 1523 2069 maior
1543 2043 1604 2068 re-

174 2087 284 2143 4giis
315 2087 516 2129 militibus
547 2097 665 2144 parta
690 2096 752 2128 est
773 2087 940 2143 praeda.
1004 2087 1169 2129 Eodem
1192 2086 1537 2142 Adramytteum,
1562 2093 1609 2126 ut

252 2232 264 2252 1
290 2223 532 2263 Pepr‘qerimus]
570 2224 715 2254 Verbum
740 2224 885 2254 sollenne

205 2268 238 2296 et
265 2267 430 2305 proprium
455 2266 486 2296 in
510 2267 572 2297 hac
596 2277 651 2303 re;
675 2267 759 2305 quod
785 2276 883 2305 quum

205 2308 339 2339 Medius
360 2309 489 2349 reperiri
511 2313 646 2339 testetur
665 2309 696 2339 in
719 2310 789 2339 cod.
812 2309 883 2339 Mo-

204 2351 351 2390 guntino,
367 2356 399 2382 et
417 2352 475 2392 ipsi
494 2352 610 2383 exstari
633 2352 884 2391 compererimus

205 2394 238 2423 in
267 2394 353 2425 Vict.
385 2405 449 2425 non
481 2394 700 2425 dubitavimus
730 2394 883 2434 recipere.

207 2436 316 2476 Vulgo
330 2439 558 2476 pere—(serimus.
583 2439 690 2469 Crfflv.

255 2489 271 2509 2
299 2482 545 2519 Adramytteum
581 2482 738 2511 hostiliter
767 2481 884 2511 itinere

198 2523 302 2560 sacto,
315 2525 397 2562 pecie
413 2523 544 2563 myrum]
585 2524 697 2559 Quum
715 2524 755 2553 ad
771 2524 883 2552 urbem

207 2564 456 2604 Adramytteum
481 2566 640 2597 hostiliter
662 2566 776 2596 itinere
800 2566 885 2595 facto

207 2605 293 2644 isset,
317 2607 397 2647 petit
424 2618 535 2648 agrum
561 2609 764 2648 opulentum.
810 2608 884 2638 Mu-

207 2649 347 2680 tavimus
372 2650 465 2680 huius
494 2651 554 2682 loci
578 2651 885 2690 interpunctionem,

207 2702 290 2730 quae
306 2692 336 2721 in
356 2693 491 2731 vulgatis
508 2694 619 2724 vitiosa
635 2698 712 2724 erat.
735 2694 842 2724 Ciuzv.

251 2744 268 2773 3
293 2736 442 2765 (¹11rmine
459 2737 592 2767 Homeri
610 2736 810 2776 nobilitatae]
838 2736 881 2766 O·

207 2776 262 2806 lim
286 2779 484 2807 nobilitatum
510 2779 685 2817 legebatur,
701 2779 755 2808 scd
773 2780 884 2808 ›mbili-

207 2825 292 2851 tatae
316 2820 499 2850 emendavit
523 2821 717 2858 Gronovius,
740 2825 775 2850 ut
798 2821 882 2851 The-

207 2863 268 2894 ben
294 2862 454 2903 respiciat,
478 2874 541 2893 non
566 2873 717 2903 campum
743 2863 884 2898 Thebes.

930 2233 1025 2262 quem
1042 2226 1115 2262 post
1133 2221 1239 2252 Iliada
1263 2220 1415 2260 scriptam
1439 2219 1485 2250 ita
1506 2219 1609 2249 nomi-

929 2270 1040 2296 natum
1066 2265 1162 2295 fuisse
1187 2265 1302 2295 Strabo
1326 2263 1391 2294 xiii.
1416 2273 1447 2302 p.
1465 2261 1501 2293 61
1511 2272 1536 2293 z.
1554 2262 1608 2292 do-

929 2313 990 2338 cet.
1037 2309 1190 2339 Ceterum
1214 2307 1362 2345 vulgatae
1385 2305 1515 2335 lectioni
1539 2314 1608 2334 suc-

929 2351 1025 2381 currit
1046 2351 1131 2380 filius
1148 2351 1215 2380 Iac.
1234 2349 1417 2379 Gronovius
1434 2347 1608 2377 Livianum

928 2403 1051 2423 morem
1083 2393 1197 2430 citans,
1226 2402 1289 2431 quo
1319 2391 1516 2421 adiectivum
1543 2400 1608 2419 non

929 2436 1004 2466 huic
1042 2435 1253 2471 substantivo,
1283 2435 1324 2464 ad
1356 2434 1441 2473 quod
1480 2432 1609 2472 proprie

930 2478 1082 2518 pertinet,
1119 2479 1173 2508 sed
1213 2477 1306 2507 alteri
1346 2476 1477 2515 adiungi
1516 2476 1609 2512 solet,

929 2522 1203 2560 quemadmodum
1226 2530 1312 2559 supr.
1330 2519 1349 2550 i.
1372 2529 1396 2550 1.
1420 2521 1463 2549 ml
1484 2519 1607 2548 maiora

928 2575 1037 2595 ‘rerum
1054 2565 1149 2594 initia
1173 2573 1231 2603 pro
1254 2564 1297 2593 acl
1318 2563 1475 2593 maiorum
1498 2571 1609 2591 rerum

930 2609 1036 2638 inilia.

974 2661 993 2688 4
1015 2651 1133 2680 Eodem
1152 2648 1415 2687 Adramytteum]
1451 2646 1536 2676 Dele
1552 2656 1606 2675 no-

927 2703 1000 2723 men
1027 2692 1123 2729 urbis,
1144 2692 1229 2731 quod
1254 2691 1306 2721 hic
1330 2687 1607 2728 iuterpretamenti

930 2736 1001 2765 loco
1017 2735 1175 2771 additum,
1193 2738 1304 2773 postea
1329 2744 1396 2762 sese
1420 2733 1450 2761 in
1477 2734 1606 2761 contex-

929 2781 997 2807 tum
1018 2777 1125 2817 inepte
1143 2776 1326 2806 insinuavit.
1375 2775 1462 2804 Illud
1487 2772 1607 2803 omittit

929 2820 1089 2860 Sigonius,
1105 2823 1186 2850 teste
1206 2817 1360 2850 Ilearnio.
1385 2819 1491 2848 Ciuav.
