1960 3218
360 138 443 176 446
874 133 1021 176 TITI
1057 135 1234 178 LIVII

192 259 200 267 .
217 236 255 268 C.
277 243 350 276 570·
363 230 375 248 ‘
391 232 464 266 est.
519 223 557 265 E
577 224 767 266 convivio
787 232 829 266 et
849 225 1136 267 comissatione
1158 241 1285 282 prope
1307 226 1580 268 semisomnus
1599 235 1740 284 raptus

154 279 194 310 A·
218 279 257 312 C.
281 280 349 311 18²·
364 287 376 306 ‘
392 296 484 323 sum
509 282 562 323 ad
589 297 754 323 causam
783 282 993 338 parricidii
1024 283 1267 325 dicendam:
1301 284 1389 325 sine
1411 284 1629 336 advocatis,
1651 286 1772 327 sine6

365 344 376 364 ‘
391 339 589 396 patronis,
610 339 698 396 ipse
720 354 796 395 pro
817 355 882 381 me
904 340 1042 382 dicere
1063 356 1197 397 cogor.
1253 340 1296 382 Si
1317 357 1391 398 pro
1412 342 1493 383 alio
1514 342 1741 384 dicendum
1756 347 1773 380 7

364 402 377 420 ‘
392 406 511 447 esset,
529 406 693 454 tempus
714 397 767 438 ad
787 398 1074 439 meditandum
1097 407 1140 440 et
1159 400 1492 455 componendam
1513 401 1742 442 orationem

365 455 671 510 ‘sumpsissem,
694 471 824 511 quum
850 455 951 511 quid
982 455 1107 506 aliud,
1137 472 1263 512 quam
1293 457 1451 513 ingenii
1481 458 1602 507 fama,
1633 458 1774 514 peri-8

365 518 377 536 ‘
392 512 588 554 clitarer?
647 512 834 568 IgnaruS,
869 513 972 568 quid
1007 514 1223 555 arcessitus
1258 529 1402 565 essem,
1438 523 1477 556 te
1513 516 1666 556 iratum
1701 524 1744 557 et

366 575 378 593 ‘
392 570 607 611 iubentem
629 570 767 611 dicere
789 586 966 620 causam,
988 570 1157 612 fratrem
1178 582 1439 613 accusantem
1461 573 1612 614 audivi.
1664 573 1742 614 Ille

366 628 469 668 ‘diu
498 635 594 669 ante
625 636 879 683 praeparata,
911 628 1111 668 meditata
1140 629 1184 668 in
1214 643 1280 669 me
1312 630 1496 671 oratione
1527 639 1590 671 est
1620 646 1740 672 usus:

367 690 472 741 ‘ego
502 685 547 726 id
581 694 745 726 tantum
779 686 987 741 temporiS,
1017 700 1101 740 quo
1132 694 1345 727 accusatus
1375 701 1478 737 sum,
1507 688 1560 728 ad
1590 703 1743 745 cogno-

367 747 379 765 ‘
394 743 608 791 scendum,
645 742 748 797 quid
787 752 989 798 ageretur,
1026 742 1164 783 habui.
1227 743 1382 784 Utrum
1422 753 1634 787 momento
1673 746 1744 787 illo

367 800 519 841 ‘horae
546 808 827 840 accusatorem
851 800 1069 841 audirem?
1101 815 1155 841 an
1175 799 1461 842 defensionem
1491 802 1744 844 meditarer?

367 862 379 880 ‘
395 857 615 898 Attonitus
644 857 863 912 repentino
885 866 1009 913 atque
1031 857 1247 913 inopinato
1268 858 1389 908 malo,
1411 859 1495 909 vix,
1518 859 1622 915 quid
1642 859 1746 901 obii-

368 920 570 964 ‘ceretur,
596 914 829 970 intelligere
859 915 1000 970 potui:
1034 915 1191 955 nedum
1221 916 1318 957 satis
1345 916 1486 966 sciam,
1508 932 1592 973 quo
1620 917 1745 958 modo

367 978 379 995 ‘
395 988 460 1013 me
483 980 610 1013 tuear.
676 971 793 1020 Quid
813 972 917 1012 mihi
937 972 1024 1028 spei
1045 981 1165 1022 esset,
1187 973 1266 1014 nisi
1287 982 1447 1030 patrem
1470 974 1652 1015 iudicem
1673 974 1747 1016 ha-

367 1035 379 1053 ‘
394 1030 566 1071 berem?
594 1029 707 1085 apud
720 1045 846 1085 quem
866 1030 1027 1071 etiamsi
1047 1031 1216 1071 caritate
1234 1045 1258 1071 a
1271 1031 1396 1072 fratre
1417 1032 1571 1073 maiore
1587 1033 1742 1082 vincor,

368 1087 677 1128 ‘misericordia
708 1096 818 1128 certe
846 1102 940 1128 reus
964 1088 1073 1129 vinci
1104 1103 1190 1129 non
1214 1088 1358 1130 debeo.
1423 1088 1514 1145 Ego
1542 1090 1668 1140 enim,
1699 1099 1746 1131 ut

369 1150 380 1168 ‘
397 1160 462 1185 me
484 1144 587 1185 mihi
608 1144 766 1200 tibique
786 1159 933 1193 serves,
955 1160 1122 1201 precor:
1156 1145 1238 1195 ille,
1260 1154 1308 1187 ut
1329 1162 1393 1187 me
1415 1146 1459 1186 in
1481 1147 1745 1189 securitatem

369 1208 381 1226 ‘
396 1217 513 1243 suam
534 1202 709 1251 occidas,
730 1202 922 1258 postulat.
987 1202 1104 1251 Quid
1124 1218 1233 1253 eum,
1255 1219 1387 1259 quum
1407 1219 1583 1260 regnum
1605 1205 1644 1246 ei
1664 1213 1747 1247 tra-

370 1266 382 1283 ‘
398 1259 565 1309 dideris,
579 1259 784 1301 facturum
804 1260 937 1301 credis
956 1260 1001 1301 in
1021 1275 1088 1301 me
1110 1275 1210 1310 esse,
1226 1262 1299 1317 qui
1319 1262 1401 1302 iam
1418 1277 1530 1304 nunc
1546 1263 1747 1319 sanguine

372 1323 384 1341 ⁶
400 1333 494 1358 meo
515 1317 593 1358 sibi
615 1317 824 1373 indulgeri
845 1333 1026 1374 aequum
1047 1319 1237 1359 censet?’
1395 1372 1398 1373 ⁷

230 1381 292 1419 16.
429 1374 601 1415 Dicenti
622 1374 725 1415 haec
746 1375 938 1416 lacrimae
960 1375 1082 1416 simul
1103 1375 1294 1431 spiritum
1315 1384 1357 1417 et
1377 1391 1521 1417 vocem
1551 1376 1749 1418 interclu-

372 1440 526 1474 serunt.
587 1431 821 1488 Philippus,
842 1432 1057 1473 summotis
1078 1432 1139 1482 iis,
1161 1433 1385 1489 paullisper
1404 1433 1633 1475 collocutus
1653 1449 1749 1475 cum

372 1489 526 1539 amicis,
563 1489 871 1545 pronuntiavit:
918 1495 929 1513 ⁶
946 1489 990 1530 N
993 1505 1048 1531 on
1082 1490 1216 1531 verbis
1251 1505 1306 1540 se,
1343 1506 1421 1532 nec
1461 1492 1585 1532 unius
1623 1492 1750 1532 horae

375 1552 386 1571 ‘
398 1546 711 1602 disceptatione,
748 1561 915 1587 causam
950 1562 1094 1588 eorum
1129 1547 1466 1598 diiudicaturum,
1499 1548 1573 1589 sed
1611 1549 1752 1605 inqui-

374 1611 385 1628 ‘
398 1603 529 1645 rendo
564 1603 608 1644 in
643 1604 859 1660 utriusque
890 1604 1030 1654 vitam,
1062 1619 1219 1653 mores3
1261 1614 1304 1646 et
1337 1605 1448 1647 dicta
1481 1605 1672 1662 factaque
1707 1606 1752 1647 in

374 1661 559 1717 ‘magnis
586 1661 805 1717 parvisque
831 1662 954 1702 rebus
974 1662 1230 1703 observando
1244 1663 1273 1703 :⁷
1303 1671 1351 1704 ut
1371 1664 1561 1705 omnibus
1581 1678 1753 1720 appare-

374 1728 448 1769 ret,
482 1719 614 1760 noctis
654 1719 868 1775 proximae
904 1719 1062 1760 crimen
1094 1719 1213 1760 facile
1249 1720 1450 1761 revictum
1467 1737 1477 1769 3
1519 1730 1752 1777 suspectam

374 1776 545 1818 nimiam
566 1791 663 1817 cum
687 1776 887 1817 Romanis
908 1776 1118 1817 Demetrii
1145 1777 1320 1832 gratiam
1344 1793 1443 1819 esse.
1506 1778 1637 1827 Haec,
1659 1778 1752 1820 vivo

374 1834 585 1889 Philippo,
616 1833 731 1874 velut
760 1833 919 1875 semina
945 1834 1052 1875 iacta
1082 1843 1178 1875 sunt
1208 1834 1474 1876 Macedonici
1504 1835 1616 1885 belli,
1639 1835 1753 1892 quod

376 1891 557 1932 maxime
578 1906 674 1932 cum
695 1891 850 1932 Perseo
870 1891 1101 1947 gerendum
1123 1899 1221 1933 erat.

171 1970 237 2001 Res
252 1969 283 1999 in
301 1968 354 1999 Li-
438 1948 643 1990 Consules
663 1949 785 1990 ambo
806 1948 850 1988 in
867 1948 1056 2005 Ligures,
1072 1964 1178 2005 quae
1200 1958 1290 1990 tum
1311 1965 1395 1990 una
1414 1949 1641 1991 consularis
1660 1965 1755 2006 pro-

169 2012 259 2052 guria
271 2022 337 2052 ges·
377 2006 515 2048 vincia
535 2014 635 2056 erat,
656 2006 997 2062 proficiscuntur:
1033 2015 1088 2057 et,
1111 2007 1210 2062 quia
1229 2022 1423 2063 prospere
1445 2008 1502 2048 ibi
1529 2023 1594 2048 res
1620 2022 1756 2064 gesse-

170 2061 233 2087 tae.
378 2072 488 2113 runt,
511 2064 758 2119 supplicatio
779 2063 820 2104 in
844 2078 976 2104 unum
996 2064 1109 2106 diem
1131 2064 1298 2106 decreta
1319 2073 1392 2106 est.
1445 2064 1650 2121 Ligurum
1671 2065 1756 2106 duo

380 2121 508 2163 millia
546 2121 630 2162 fere
671 2121 725 2162 ad
764 2129 998 2162 extremum
1038 2121 1165 2163 finem
1200 2122 1436 2178 provinciae
1476 2122 1650 2173 Galliae,
1684 2123 1756 2164 ubi

380 2187 512 2220 castra
533 2178 759 2220 Marcellus
785 2178 976 2229 habebat,
997 2188 1214 2229 venerunt,
1238 2180 1299 2221 uti
1320 2180 1614 2236 reciperentur,
1637 2195 1757 2222 oran-

380 2245 453 2278 tes.
516 2235 755 2286 Marcellus,
770 2236 951 2292 opperiri
972 2237 1120 2278 eodem
1141 2237 1232 2278 loco
1246 2237 1471 2294 Liguribus
1491 2238 1622 2287 iussis,
1640 2252 1758 2279 sena-

381 2303 471 2335 tum
490 2309 566 2350 per
585 2294 723 2335 literas
743 2293 961 2335 consuluit.
1010 2294 1185 2336 Senatus
1205 2295 1428 2336 rescribere
1446 2294 1507 2335 M.
1527 2294 1757 2350 Ogulnium

380 2360 613 2406 praetorem
643 2350 846 2392 Marcello
873 2351 1012 2392 iussit:
1049 2357 1061 2376 ⁶
1078 2351 1229 2393 Verius
1258 2352 1395 2402 fuisse,
1427 2351 1627 2400 consules,
1654 2366 1757 2407 quo-

384 2414 500 2449 ‘rum
531 2408 744 2464 provincia
764 2418 883 2458 esset,
906 2424 1031 2465 quam
1052 2424 1108 2458 se,
1131 2409 1234 2465 quid
1262 2425 1283 2450 c
1314 2409 1525 2465 rcpublica
1545 2417 1662 2457 essct,
1685 2408 1759 2449 dc-

384 2470 395 2489 ‘
408 2481 601 2515 ccrnere3
637 2474 725 2506 tum
747 2481 915 2522 quoque
947 2482 1031 2508 non
1061 2467 1237 2523 placere,
1259 2467 1291 2507 si
1313 2481 1387 2522 per
1406 2465 1664 2506 deditionem
1686 2465 1791 2507 Li-9

428 2632 447 2663 6
470 2634 545 2663 Sine
582 2634 754 2670 advocatis,
782 2635 850 2664 sine
884 2634 1047 2672 patronis]
1095 2642 1172 2662 uum
1200 2631 1312 2662 filium.
1358 2632 1475 2671 Neque
1501 2633 1587 2663 enim
1615 2633 1667 2663 hie
1692 2643 1761 2663 mos

386 2677 567 2707 Advocatus
588 2678 635 2705 cst
656 2675 681 2705 is
701 2675 755 2714 qui
776 2676 865 2705 adest
886 2685 951 2711 ren,
966 2678 997 2704 ct
1019 2685 1051 2704 sc
1096 2674 1155 2704 fuit
1185 2673 1217 2704 in
1247 2684 1355 2713 regum
1386 2674 1478 2712 aulis,
1504 2679 1540 2705 ut
1566 2685 1676 2707 eorum
1702 2675 1761 2706 filii

387 2719 415 2749 ci
428 2719 534 2749 favere
547 2728 695 2757 praescus
707 2720 849 2748 testatur.
880 2719 1054 2754 Patronus,
1098 2727 1209 2746 causas
1225 2720 1357 2747 orarent.
1382 2718 1486 2748 Cumv.

388 2761 441 2800 qui
459 2771 515 2800 pro
531 2770 583 2790 reo
601 2760 689 2790 dicit.
714 2760 818 2790 Cum.
1140 2760 1158 2788 8
1182 2762 1285 2796 Quum
1320 2761 1397 2799 qum
1429 2761 1534 2797 aliud]
1576 2760 1619 2790 Et
1652 2763 1759 2790 tamen

434 2811 449 2842 7
472 2805 506 2833 Si
520 2814 580 2841 pro
591 2803 653 2832 alin
665 2803 830 2832 dicendam
843 2802 936 2839 esset]
958 2802 1050 2831 Hace
1094 2805 1182 2839 tunc,
1209 2803 1371 2840 quodnam
1395 2802 1483 2832 aliud
1506 2801 1683 2841 periculum
1706 2803 1760 2832 ad-

388 2846 488 2883 magis
505 2846 652 2875 decerent
670 2845 864 2881 Romanum,
880 2848 936 2874 aut
953 2844 1050 2874 Athe·
1094 2844 1184 2878 irem,
1201 2854 1295 2882 quam
1313 2845 1352 2875 dc
1368 2844 1485 2883 ingenii
1500 2845 1585 2875 fama
1597 2849 1610 2875 :³
1634 2845 1738 2876 CREV.

390 2888 531 2918 nicnsom
554 2887 666 2926 civem,
682 2898 776 2927 quam
800 2887 878 2926 regis
899 2888 1049 2918 Maccdo-
1136 2898 1155 2928 9
1183 2889 1257 2917 Tum
1282 2888 1421 2928 quoque]
1449 2887 1607 2923 Quamvis
1630 2897 1691 2918 non
1715 2896 1760 2918 sc-
