1960 3218
541 154 668 197 LIB.
703 148 921 195 XXXIV.
969 151 1116 195 CAP.
1151 151 1217 194 60.
1495 150 1571 192 177

175 245 397 297 servitutis,
435 247 620 303 praetexi
657 245 804 295 titulo;
840 244 987 294 ‘Quin
1020 243 1226 285 mittimus
1257 241 1478 297 ambages,’
1508 241 1571 281 in·
1589 247 1633 279 U.
1650 245 1689 278 C.
1711 255 1783 286 559·

175 304 268 359 quit
288 304 336 346 P.
359 304 580 361 Sulpicius,
604 304 677 360 qui
703 303 911 344 maximus
932 310 1034 343 natu
1056 317 1110 342 ex
1132 301 1279 342 decem
1301 299 1448 356 legatis
1469 306 1568 340 erat.
1586 291 1626 322 Α·
1650 290 1689 321 C·
1715 298 1784 330 ¹93·

143 362 394 404 ‘z‘Alteram
428 376 482 404 ex
514 362 677 403 duabus
711 361 1037 409 conditionibus,
1067 374 1174 415 quae
1207 357 1332 399 modo
1364 357 1517 398 diserte
1549 371 1574 396 a

177 419 408 467 ‘Quinctio
439 420 560 461 datae
594 430 704 469 sunt,
727 419 876 475 legite:
912 426 983 459 aut
1009 416 1277 473 supersedete
1306 415 1358 456 de
1391 414 1574 455 amicitia

177 482 336 533 ‘agere
400 476 492 518 Nos
518 477 645 527 vero}
672 477 812 532 inquit
844 475 1089 531 Menippus,
1125 480 1230 515 ‘nec
1258 472 1464 521 volumus,
1493 486 1572 512 nec

177 540 421 591 ‘possumus
451 535 604 591 pacisci
626 534 866 590 quicquam,
890 549 975 590 quo
996 547 1174 589 regnum
1197 530 1401 574 Antiochi
1434 529 1572 570 minu-

178 593 320 633 ‘atun’

234 649 408 691 Postero
431 650 498 693 die
527 649 755 698 Quinctius
786 649 1018 704 legationes
1047 647 1260 688 universas
1285 645 1489 687 Graeciae
1511 644 1575 685 A·

176 707 346 764 siaeque
377 723 510 764 quum
541 708 586 748 in
620 716 811 748 senatum
845 705 1158 754 introduxisset,
1191 713 1238 745 ut
1262 704 1429 753 scirent,
1460 702 1575 758 quali

176 765 317 807 animo
352 765 534 822 populus
567 765 800 814 Romanus,
835 764 949 821 quali
982 763 1222 805 Antiochus
1255 777 1355 817 erga
1385 761 1575 802 civitates

181 822 383 864 Graeciae
405 831 567 872 essent3
600 822 809 879 postulata
829 832 871 863 et
892 837 978 871 sua,
1001 829 1044 862 et
1064 821 1172 875 regis
1193 819 1399 876 exposuit.
1463 824 1475 842 ⁶
1489 817 1577 859 Re-

179 886 191 904 ‘
207 881 452 922 nuntiarent
482 881 721 922 civitatibus
751 880 847 928 suis,
880 878 1085 936 populum
1108 879 1365 926 Romanum,
1389 891 1474 932 qua
1493 875 1577 916 vir—

180 944 294 980 ‘tute
318 954 486 995 quaque
516 938 600 979 fide
634 937 867 979 libertatem
897 952 1042 979 eorum
1071 951 1095 977 a
1116 936 1316 992 Philippo
1337 934 1577 975 vindicave-

181 997 272 1046 ‘rit,
301 997 449 1038 cadem
481 997 532 1036 ab
563 995 791 1045 Antiocho,
824 995 904 1036 nisi
935 994 1113 1036 decedat
1135 993 1318 1049 Europa,
1342 992 1578 1032 vindicatu-

182 1055 325 1095 ‘rum.’
386 1054 499 1095 Tum
522 1053 755 1109 Blenippus
777 1053 992 1109 deprecari
1022 1060 1064 1093 et
1093 1051 1345 1100 Quinctium
1367 1061 1410 1091 et
1430 1049 1578 1090 Patres

180 1112 344 1161 institit,
375 1117 386 1135 ‘
404 1111 472 1153 Ne
504 1110 750 1152 festinarent
783 1111 1021 1159 decernere,
1055 1125 1139 1165 quo
1170 1109 1340 1150 decreto
1373 1105 1579 1148 turbaturi

183 1170 351 1211 ‘orbem
374 1178 575 1210 terrarum
599 1177 746 1210 essent.
811 1168 1000 1224 Tempus
1022 1176 1065 1209 et
1087 1167 1165 1208 sibi
1186 1174 1413 1215 sumerent,
1432 1174 1475 1206 et
1490 1164 1579 1221 regi

183 1227 261 1268 ‘ad
291 1227 563 1281 cogitandum
588 1226 748 1268 darent.
814 1225 1125 1282 Cogitaturum,
1153 1240 1285 1280 quum
1314 1223 1579 1265 renuntiatae

184 1284 473 1326 ‘conditiones
509 1292 670 1326 essent:
715 1292 758 1325 et
792 1283 1114 1340 impetraturum
1150 1282 1325 1338 aliquid,
1360 1289 1432 1322 aut
1467 1280 1581 1337 pacis

184 1348 332 1383 ‘causa
359 1342 680 1384 concessurum.’
740 1341 807 1382 Ita
834 1341 998 1396 integra
1019 1341 1148 1382 dilata
1175 1355 1240 1381 res
1262 1348 1334 1381 est.
1399 1338 1582 1395 Legatos
1596 1346 1728 1387 Integra

182 1400 294 1442 mitti
315 1400 368 1441 ad
389 1415 532 1455 regem
553 1399 736 1449 eosdem,
752 1399 825 1455 qui
843 1394 1138 1456 Lysimachiae
1155 1397 1268 1455 apud
1286 1412 1383 1439 eum
1400 1396 1579 1445 fuerant,
1594 1400 1643 1464 {5³³
1659 1390 1699 1463 {¹10
1717 1390 1782 1463 ²32·

182 1458 352 1515 placuit,
375 1457 422 1499 P.
443 1457 690 1514 sulpieium‚
713 1457 760 1498 P.
778 1456 969 1507 Vinium,
993 1456 1041 1498 P.
1061 1456 1247 1498 Aelium.
1594 1443 1705 1507 535„ss
1743 1443 1779 1462 ¹·

241 1515 433 1556 Vixdum
455 1515 485 1556 ii
506 1515 683 1571 profecti
703 1523 834 1564 erant,
853 1530 984 1571 quum
1008 1530 1032 1555 a
1055 1514 1314 1571 Carthagine
1336 1513 1476 1570 legati,
1493 1512 1582 1554 bel·
1661 1521 1727 1559 60,

153 1573 272 1617 glum
305 1573 420 1615 haud
452 1573 579 1614 dubie
613 1588 757 1629 parare
790 1572 1066 1622 Antiochum,
1101 1571 1342 1613 Hannibale
1376 1571 1580 1620 ministro,
1596 1576 1765 1625 Hannibal

185 1630 429 1681 attulerunt,
452 1631 772 1687 inieceruntque
795 1645 951 1680 curam,
974 1646 1027 1671 ne
1051 1629 1175 1671 simul
1196 1638 1239 1671 et
1260 1629 1473 1670 Punicum
1494 1628 1584 1669 bel—
1596 1620 1795 1693 Affis'fihssm

185 1689 274 1730 lum
296 1689 562 1730 excitaretur.
627 1688 855 1738 Hannibal,
874 1688 1008 1744 patria
1028 1688 1241 1744 profugus,
1264 1696 1514 1743 pervenerat
1531 1686 1582 1727 ad
1596 1673 1750 1736 ἓζῃεξωῗ,
1766 1673 1778 1692 ¹

187 1746 463 1796 Antiochum,
487 1746 593 1787 sicut
619 1754 715 1787 ante
737 1746 899 1787 dictum
921 1754 1005 1787 est:
1040 1754 1083 1787 et
1110 1754 1199 1787 erat
1227 1745 1341 1801 apud
1368 1760 1511 1800 regem
1540 1744 1585 1784 in

187 1820 341 1860 magno
376 1804 550 1854 honore,
588 1804 705 1845 nulla
741 1804 821 1845 aHa
861 1812 962 1853 arte,
999 1804 1079 1844 nisi
1117 1804 1233 1859 quod
1269 1802 1475 1844 volutanti
1511 1802 1583 1843 diu

187 1861 362 1904 consilia
382 1862 434 1903 de
459 1862 653 1903 Romano
674 1861 785 1903 bello
814 1877 940 1903 nemo
969 1862 1106 1917 aptior
1133 1876 1257 1917 super
1282 1860 1353 1901 tali
1382 1876 1426 1901 re
1458 1860 1587 1916 parti-

188 1935 287 1976 ceps
315 1920 518 1961 sermonis
546 1935 633 1961 esse
665 1929 839 1976 poterat.
907 1919 1128 1961 Sententia
1148 1920 1237 1960 eius
1259 1934 1343 1959 una
1369 1927 1495 1973 atque
1518 1933 1586 1959 ea-
1600 1925 1774 1974 Suadet'ut

188 1977 286 2019 dem
308 1992 472 2034 semper
493 1986 594 2027 erat,
619 1983 630 2001 ⁶
647 1986 693 2018 ut
721 1977 764 2017 in
791 1977 913 2018 Italia
942 1976 1099 2018 bellum
1131 1985 1356 2033 gereretur.
1420 1975 1586 2016 Italiam
1600 1979 1631 2039 ἴῃ
1642 1968 1749 2041 ἇῗῖὼᾶ
1776 2026 1788 2032 α

191 2041 258 2076 ‘et
279 2044 537 2077 commeatus
566 2044 608 2076 et
635 2035 813 2075 militem
839 2035 1121 2090 praebituram
1147 2043 1323 2075 externo
1355 2034 1475 2074 hosti.
1542 2032 1585 2074 Si
1600 2020 1722 2084 &tunm
1736 2020 1774 2049 ge

191 2092 322 2133 ‘nihil
354 2093 412 2134 ibi
445 2101 675 2141 moveatur,
709 2092 917 2148 liceatque
950 2091 1106 2148 populo
1139 2092 1334 2132 Romano
1363 2091 1520 2132 viribus
1545 2100 1588 2132 et

192 2150 348 2206 ‘copiis
369 2149 515 2191 Italiae
544 2159 662 2191 extra
683 2149 848 2190 Italiam
874 2149 1030 2190 bellum
1058 2164 1226 2205 gerere:
1260 2164 1400 2204 neque
1430 2164 1586 2204 regem,

192 2214 356 2264 ‘neque
385 2217 555 2264 gentem
581 2207 707 2248 ullam
738 2222 879 2263 parem
903 2207 1108 2248 Romanis
1129 2207 1244 2248 esse.’
1307 2206 1395 2247 Sibi
1417 2216 1588 2247 centum

161 2274 321 2310 4tectas
342 2280 480 2315 naves,
503 2274 545 2306 et
566 2265 713 2306 decem
740 2264 869 2305 millia
890 2264 1094 2320 peditum,
1118 2264 1231 2306 mille
1254 2264 1418 2320 equites
1439 2264 1590 2320 depos-

192 2324 324 2365 cebat.
381 2329 392 2348 ‘
407 2323 471 2364 Ea
492 2338 534 2364 se
553 2322 680 2364 classe
697 2323 880 2378 primum
902 2322 1086 2364 Africam
1109 2323 1352 2378 petiturum.
1408 2321 1590 2378 Magno-

195 2387 321 2438 ‘pere
343 2381 568 2431 confidere,
592 2389 634 2422 et
658 2380 1029 2436 Carthaginienses
1061 2380 1114 2421 ad
1146 2379 1435 2421 rebellandum
1467 2380 1518 2421 ab
1547 2395 1589 2420 se

195 2500 289 2532 estin
307 2500 403 2531 dandi
421 2510 506 2532 casu.
555 2500 681 2531 Titulus
700 2500 752 2530 hic
769 2503 815 2531 est
839 2500 870 2530 id
968 2510 984 2530 ε·
1011 2501 1101 2536 Quae
1131 2500 1218 2530 modo
1248 2500 1364 2530 diserte
1393 2510 1415 2529 (ι
1444 2499 1595 2536 Quinctio

196 2543 281 2582 quod
314 2544 500 2582 praefertur.
551 2544 634 2574 l'rac
665 2554 697 2573 se
727 2543 872 2574 ferebant
916 2543 1114 2580 flammant]
1132 2543 1236 2573 Recte
1249 2541 1595 2572 Gronoviusemendat

198 2585 340 2616 Romani
359 2587 503 2616 animum
527 2596 565 2616 ac
589 2585 758 2616 consilium
781 2589 871 2616 tuen·
917 2586 1002 2615 latae
1017 2590 1103 2616 sunt.
1143 2584 1195 2615 Sic
1212 2593 1297 2623 supr.
1315 2584 1413 2615 xxvii.
1432 2594 1481 2623 30.
1498 2585 1596 2615 victos

197 2629 258 2658 dae
281 2627 437 2659 libertatis
458 2628 656 2659 Graecarum
678 2628 774 2659 Asiae
798 2627 871 2658 civi·
917 2629 1029 2658 victori
1060 2629 1119 2658 sibi
1149 2629 1234 2658 ultro
1260 2629 1454 2658 conditiones
1476 2628 1596 2665 ferre:

196 2674 311 2701 tatum.
356 2671 479 2701 Contra
504 2681 579 2710 prae
606 2681 639 2701 se
661 2670 784 2701 ferebat
808 2671 872 2701 An·
919 2674 950 2700 et
973 2669 1049 2700 alibi
1073 2670 1210 2709 saepius.
1235 2669 1341 2700 szv.
1386 2670 1488 2700 Latae
1512 2679 1596 2700 reee-

197 2712 324 2743 tiochus
350 2713 493 2743 animum
522 2724 560 2743 ac
587 2712 756 2743 consilium
785 2722 873 2752 repe-
920 2712 967 2752 pit
985 2712 1124 2743 Bekkcr.

197 2756 368 2786 tendarum
400 2755 431 2785 in
459 2756 644 2790 servitutem
675 2755 792 2795 regiam
824 2766 874 2786 ea-
968 2764 985 2793 3
1010 2755 1199 2786 Hannibale
1218 2755 1381 2792 ministro]
1415 2753 1598 2784 Consilium

198 2798 344 2828 rumdem
363 2797 541 2828 civitatum.
577 2799 676 2828 Porro
693 2798 874 2828 honestiore
921 2797 1109 2827 Hannibale
1125 2796 1397 2827 subministrante.

200 2851 296 2871 causa
321 2840 471 2879 splendet
497 2841 649 2879 professio
672 2842 814 2871 tuendae
839 2841 874 2870 li·
963 2851 982 2878 4
1009 2842 1118 2871 Tectas
1135 2839 1249 2880 naves]
1279 2840 1426 2879 cf.Supr.
1442 2838 1529 2869 xxxi.
1548 2845 1599 2867 22,

200 2882 344 2920 bcrtatis,
371 2893 467 2922 quam
496 2883 673 2921 exigendae
704 2883 875 2913 servitutis.
922 2888 1054 2923 aperlae
1072 2894 1178 2913 naves.

201 2927 308 2955 Cnnv.

259 2980 356 3007 voL.
381 2981 442 3008 111.
1342 2977 1369 3004 N
