1960 3218
371 163 455 205 274
884 161 1033 204 TITI
1074 161 1254 205 LIVII

166 261 210 292 U.
227 261 266 292 C.
290 260 362 301 562.
376 252 565 308 cepisset.
629 251 913 309 Polyxenidas
954 268 1107 309 augere
1149 252 1386 294 simulando
1423 267 1632 294 er··10rem
1623 284 1632 302 ,
1680 252 1809 293 sub-8

164 304 205 336 A·
230 305 268 336 C·
294 314 363 345 ¹90·
378 309 497 350 ducit
517 310 718 375 quasdam
741 325 879 360 naves,
903 310 1002 351 alias
1023 310 1138 351 xelut
1163 310 1445 351 subducturus
1471 319 1593 359 esset,
1615 309 1779 350 navalia

378 367 539 408 reficit:
587 368 766 424 remiges
803 383 856 408 ex
892 367 1079 408 hibernis
1113 383 1198 409 non
1236 368 1453 424 Ephesum
1487 367 1669 416 arcessit,
1704 366 1779 408 sed

380 424 646 480 Blagnesiam
675 425 835 466 occulte
867 425 990 481 cogit.
1054 425 1178 466 Forte
1210 425 1382 481 quidam
1409 425 1614 467 Antiochi
1645 424 1776 474 miles,

381 497 514 537 quum
545 481 717 523 Samum
745 483 805 523 rei
834 483 939 538 piciv
927 492 1018 523 atae
1048 498 1170 523 causa
1197 483 1392 532 venisset,
1416 498 1491 538 pro
1518 482 1778 538 speculatore

380 539 668 605 deprehensus
689 540 914 581 deducitm
934 540 1192 581 Panormum
1215 541 1268 581 ad
1289 540 1558 596 praefectum.
1622 539 1663 580 Is
1684 554 1779 596 per-

380 598 610 647 cunctanti,
638 597 742 653 quid
774 597 932 653 Ephesi
963 607 1169 653 ageretur,
1199 598 1407 639 incertum
1438 607 1566 647 metu,
1596 613 1649 638 an
1681 612 1780 653 erga

381 670 476 695 suos
507 655 621 695 haud
651 655 813 696 sincera
843 655 940 704 fide,
963 655 1104 695 onmia
1134 655 1292 720 aperit:
1327 655 1500 696 classem
1531 655 1777 696 instluctam

381 722 654 768 paratamque
678 713 721 752 in
742 721 868 768 portu
889 721 925 753 st
929 728 1020 753 are:
1046 713 1268 768 remigium
1290 727 1414 753 omne
1438 712 1702 768 Magnesiam
1725 711 1777 753 ad
1791 727 1812 758 9

385 769 579 826 Sipylum
607 770 805 811 missum:
839 785 1068 826 perpaucas
1099 785 1225 810 naves
1256 770 1481 811 subductas
1511 785 1612 819 esse,
1635 778 1677 811 et
1705 783 1808 810 lia-1

382 827 490 868 valia
510 828 620 882 tegi:
655 842 874 883 nunquam
900 827 1105 868 intentius
1126 842 1213 868 16111
1237 843 1314 868 nav
1307 827 1425 868 alem
1448 827 1778 868 administratam

382 900 483 926 esse.
548 884 668 926 Haec
708 900 762 925 ne
804 900 880 940 pro
917 884 1023 925 veris
1059 885 1319 934 audirentur,
1357 885 1520 925 animus
1561 900 1697 926 errore
1736 893 1779 925 et

383 957 455 998 spe
480 958 588 983 vana
608 950 939 998 praeoccupatus
960 942 1072 982 fecit.
1135 942 1432 999 Polyxenidas,
1456 942 1553 983 satis
1584 942 1779 983 omnibus

382 1000 645 1056 comparatis,
663 1009 786 1041 nocte
807 1000 964 1056 remige
987 1015 1011 1040 a
1033 999 1255 1055 Magnesia
1275 999 1483 1049 arcessito,
1502 999 1778 1055 deductisque

382 1058 548 1114 raptim,
583 1073 691 1114 quae
728 1057 956 1098 subductae
991 1066 1122 1107 erant,
1157 1057 1346 1107 navibus,
1380 1073 1511 1113 quum
1546 1057 1659 1098 diem
1692 1071 1811 1098 nonz

383 1124 469 1156 tam
500 1115 545 1156 in
576 1124 777 1171 apparatu
808 1114 1115 1170 absumpsisset,
1139 1130 1265 1170 quam
1294 1115 1410 1170 quod
1441 1114 1625 1171 conspici
1653 1114 1780 1170 profi-

383 1173 609 1214 ciscentem
642 1172 816 1214 classem
849 1172 1044 1221 nolebat;
1088 1182 1183 1228 post
1214 1172 1310 1213 solis
1346 1187 1537 1213 occasum
1570 1172 1781 1228 profectus

383 1230 649 1287 septuaginta
676 1230 852 1271 navibus
881 1230 1015 1279 teetiS,
1038 1238 1165 1271 vento
1194 1230 1380 1279 adverso,
1410 1238 1506 1271 ante
1536 1230 1674 1271 lucem
1695 1229 1781 1286 Py-

383 1288 477 1345 gela
497 1297 666 1344 portum
689 1288 835 1329 tenuit.
880 1287 968 1329 Ubi
990 1303 1121 1343 quum
1143 1287 1330 1328 interdiu
1348 1288 1401 1329 ob
1418 1287 1596 1329 eandem
1613 1302 1780 1329 eausam

384 1346 580 1402 quiesset,
603 1354 726 1387 nocte
760 1345 804 1386 in
837 1345 1029 1401 proxima
1062 1344 1226 1386 Samiae
1260 1353 1392 1386 terrae
1428 1345 1600 1386 traiecit.
1664 1343 1780 1386 Hinc

384 1403 603 1445 Nicandro
626 1402 810 1459 quodam
835 1402 1085 1458 archipirata
1105 1402 1294 1458 quinque
1322 1402 1497 1443 navibus
1527 1402 1646 1443 tectis
1667 1401 1781 1442 Pali-

382 1476 538 1502 nurum
571 1461 682 1502 iusso
714 1468 872 1517 petere,
906 1468 1031 1515 atque
1065 1459 1163 1500 inde
1201 1469 1391 1510 armatos,
1426 1475 1510 1515 qua
1540 1459 1780 1515 proximum

382 1534 459 1584 per
480 1534 599 1574 agros
621 1518 700 1559 iter
721 1527 841 1567 esset,
864 1517 1121 1558 Panormum
1143 1517 1197 1558 ad
1219 1525 1383 1573 telgum
1405 1517 1588 1558 hostium
1610 1517 1779 1567 ducere,

382 1577 471 1632 ipse
494 1576 677 1625 inteiim,
700 1575 827 1616 classe
850 1575 993 1624 divisa,
1018 1584 1064 1615 ut
1092 1590 1145 1616 ex
1173 1583 1350 1631 utraque
1379 1590 1454 1631 pai
1458 1583 1496 1616 te
1517 1575 1658 1616 fauces
1686 1589 1782 1631 por-

383 1642 450 1675 tus
472 1642 647 1683 teneret,
670 1633 930 1674 Panormum
952 1633 1069 1689 petit.
1133 1632 1412 1674 Pausistratus
1433 1632 1580 1689 primo,
1604 1641 1651 1673 ut
1671 1632 1715 1673 in
1736 1647 1780 1673 re

383 1691 648 1747 necopinata,
684 1691 874 1732 turbatus
904 1705 1142 1746 parumper,
1175 1690 1330 1731 deinde
1361 1699 1481 1731 161115
1514 1690 1645 1755 1111165,
1673 1689 1782 1731 0616-

384 1749 484 1790 riter
505 1748 680 1790 collecto
701 1748 855 1797 animo,
879 1757 988 1788 terra
1009 1747 1157 1788 melius
1182 1748 1325 1797 arceri,
1349 1763 1475 1804 quam
1504 1747 1619 1792 mari,
1641 1747 1782 1789 hostes

383 1821 502 1862 posse
538 1815 664 1855 ratus,
702 1814 881 1846 armatos
921 1805 1086 1846 duobus
1122 1805 1358 1861 agminibus
1394 1805 1447 1846 ad
1482 1805 1780 1861 promontoria,

384 1879 492 1919 quae
514 1864 710 1905 cornibus
732 1863 905 1904 obiectis
931 1863 982 1903 ab
1004 1862 1087 1903 alto
1116 1871 1283 1918 portum
1309 1862 1481 1912 faciunt,
1504 1862 1647 1903 ducit:
1680 1862 1780 1903 inde

383 1921 503 1962 facile
534 1921 626 1962 telis
655 1920 908 1976 ancipitibus
935 1920 1098 1960 hostem
1126 1928 1420 1961 summoturus.
1484 1919 1536 1960 Id
1564 1919 1812 1975 inceptum3

383 1979 473 2020 eius
491 1978 710 2020 Nicander
731 1993 754 2019 a
775 1986 885 2019 terra
905 1977 1016 2018 visus
1038 1992 1169 2033 quum
1192 1978 1407 2028 turbasset,
1426 1986 1598 2034 repente
1621 1985 1781 2018 mutato

235 429 298 467 11.

171 1177 257 1207 Eum
274 1176 320 1207 in-

170 1223 301 1250 cautum
310 1230 367 1260 op-

171 1262 291 1302 primit.

383 2109 471 2141 tiam.
526 2110 642 2149 Itaque
672 2108 872 2149 suspicamur
900 2108 1059 2148 integrum

384 2152 436 2183 hic
475 2152 627 2183 orationis
670 2153 851 2182 membrum
894 2151 1061 2189 excidisse,

385 2195 481 2233 quale
505 2199 608 2226 esset:
637 2196 705 2234 ipse
725 2195 884 2225 Panormi
910 2195 1062 2232 substitit,

1106 2108 1232 2139 facilius
1253 2110 1427 2149 probamus
1446 2107 1486 2138 τὰ
1507 2110 1551 2138 ad
1568 2108 1715 2147 Sipylum
1734 2106 1781 2137 in-

1106 2151 1205 2182 sititia
1221 2161 1300 2189 esse,
1316 2152 1402 2190 quod
1419 2151 1467 2181 bis
1482 2150 1515 2181 in
1538 2151 1598 2181 hac
1620 2151 1691 2190 ipsa
1711 2160 1781 2180 nar-

1106 2193 1228 2224 ratione
1246 2193 1414 2233 Magnesia
1430 2193 1614 2224 nominatur
1636 2192 1704 2223 sine
1726 2193 1781 2222 ad-

384 2242 422 2267 ut
434 2242 573 2276 paratus
588 2242 676 2269 esset.
701 2237 808 2268 CREv.

428 2281 447 2310 8
470 2282 497 2310 Α
505 2291 601 2319 uyere
615 2281 797 2310 simulando
812 2280 968 2317 errorem]
996 2280 1060 2310 Au—

384 2326 439 2361 get
455 2332 592 2353 errorem
612 2322 818 2353 simulatione
840 2321 1063 2361 negligentiae.

385 2365 492 2396 CREV.

428 2417 447 2448 9
471 2409 652 2447 Remmium
676 2418 766 2437 omne
789 2408 995 2445 Illafflzesiam
1022 2408 1064 2436 ml

384 2452 531 2488 Sipylum
546 2451 692 2487 missum]
714 2450 870 2480 Observat
883 2450 1063 2479 Glareanus

386 2491 589 2530 Magnesiam
616 2493 656 2522 ad
681 2491 830 2530 Sipylum
859 2493 968 2521 urbem
995 2501 1061 2521 0556

385 2535 665 2571 mediterraneam,
681 2544 762 2572 quae
786 2533 909 2572 longius
924 2533 1005 2563 absit
1021 2534 1061 2562 ab

386 2576 518 2615 Epheso
534 2581 566 2606 et
582 2577 622 2606 ab
638 2576 835 2614 mari,quam
854 2579 889 2605 ut
905 2586 942 2606 60
958 2575 1060 2605 videa-

383 2622 437 2648 tur
463 2619 538 2648 satis
565 2619 734 2648 connnode
762 2618 896 2657 remiges
924 2618 1061 2655 coegisse

386 2661 615 2700 Polyxenidas.
666 2660 807 2690 Omnino
823 2663 971 2698 suspecta
987 2663 1060 2689 sunt

383 2703 463 2733 haee
481 2704 575 2733 verba
588 2704 630 2733 ml
641 2703 962 2741 Sipylnm,tanquam
979 2703 1059 2739 glos-

383 2756 472 2776 sema
508 2745 654 2775 additum
693 2746 734 2775 ab
770 2744 919 2783 imperito
950 2745 1059 2783 aliquo

383 2789 602 2825 emendatore,
639 2787 692 2826 qui
736 2786 926 2826 ignoraverit
963 2786 1058 2816 fuisse
1102 2786 1146 2816 rei
1163 2787 1512 2825 aggrediendae,quam
1527 2787 1656 2826 quod...

382 2830 585 2870 Magnesiam
613 2830 653 2859 ad
680 2830 906 2865 Maeandrum,
932 2829 1057 2868 propio-

1105 2237 1294 2267 ditamento.
1319 2236 1426 2267 CREv.

1154 2288 1166 2308 1
1192 2281 1238 2309 Et
1266 2280 1401 2309 navalia
1432 2279 1511 2317 lcyi]
1560 2278 1683 2308 Locum
1715 2286 1780 2307 cor-

1107 2324 1239 2360 ruptum
1270 2320 1391 2351 iudicat
1422 2320 1610 2351 Crevierius.
1657 2320 1709 2350 An
1740 2329 1780 2349 ex

1108 2374 1178 2402 cap.
1201 2373 1304 2402 praec.
1328 2363 1501 2401 legendum
1523 2362 1562 2392 sit
1584 2363 1672 2401 refici
1698 2362 1779 2391 Dra-

1108 2405 1323 2436 kenborchius
1335 2405 1470 2434 dubitat.
1507 2405 1551 2434 At
1564 2405 1587 2434 si
1602 2414 1662 2434 vox
1675 2405 1781 2434 adhuc

1107 2449 1306 2487 suppleatur,
1323 2447 1368 2476 ita
1387 2451 1421 2476 ut
1443 2447 1569 2477 navalia
1584 2448 1691 2477 adhue
1706 2448 1780 2485 legli,

1107 2501 1148 2520 se.
1165 2491 1269 2520 adhuc
1285 2500 1347 2519 71011.
1366 2494 1445 2520 tecla
1463 2500 1530 2519 esse
1548 2489 1781 2529 intelligantur,

1106 2542 1215 2562 sensus
1246 2532 1305 2561 loci
1338 2532 1521 2561 conveniret
1550 2542 1623 2561 011111
1651 2531 1779 2561 simula-

1105 2574 1192 2604 tione
1222 2584 1319 2604 naves
1348 2574 1559 2609 suhdueeudi,
1589 2584 1686 2613 quam
1719 2575 1780 2605 Po-

1106 2617 1274 2656 lyxenidas
1290 2627 1365 2655 prae
1382 2627 1414 2646 se
1430 2617 1561 2647 terebat.

1149 2669 1164 2688 ‘2
1191 2662 1294 2696 Quum
1312 2660 1410 2696 diem]
1442 2660 1556 2694 Quum
1573 2659 1658 2689 diem
1674 2662 1779 2689 totum

1105 2701 1252 2734 trix-isset,
1276 2711 1337 2731 non
1365 2705 1429 2731 tam
1456 2702 1530 2740 quia
1554 2702 1614 2732 hoe
1638 2701 1778 2741 spatium

1105 2744 1316 2774 necessarium
1335 2744 1381 2773 illi
1399 2744 1501 2774 fuerat
1522 2745 1560 2774 ad
1585 2748 1778 2783 apparatum

1671 2786 1777 2817 Cnev.

1148 2838 1164 2867 5
1194 2830 1276 2859 Telis
1306 2830 1518 2868 ancipitibus]
1560 2829 1612 2859 Ab
1642 2832 1777 2866 utroque

382 2882 447 2902 rem
468 2873 610 2911 Epheso,
627 2873 666 2902 de
682 2882 746 2910 qua
761 2871 813 2901 hie
831 2872 940 2910 procul
959 2871 1056 2900 dubio
1101 2870 1330 2910 promontorio,
1346 2882 1365 2902 a
1385 2872 1499 2902 (lextra
1522 2875 1553 2902 et
1576 2870 1703 2902 sinistra
1722 2871 1775 2901 de-

381 2914 610 2955 intelligendus
639 2918 687 2945 est
718 2914 837 2945 Livius.
886 2914 935 2945 Eo
965 2913 1056 2944 nobis
1100 2923 1197 2953 super
1212 2913 1330 2944 missos.
