<?xml version="1.0" encoding="UTF-8"?>
<!DOCTYPE html PUBLIC "-//W3C//DTD XHTML 1.0 Transitional//EN"
    "http://www.w3.org/TR/xhtml1/DTD/xhtml1-transitional.dtd">
<html xmlns="http://www.w3.org/1999/xhtml" xml:lang="en" lang="en">
 <head>
  <title>
</title>
<meta http-equiv="Content-Type" content="text/html;charset=utf-8" />
  <meta name='ocr-system' content='tesseract 3.04.00' />
  <meta name='ocr-capabilities' content='ocr_page ocr_carea ocr_par ocr_line ocrx_word'/>
</head>
<body>
  <div class='ocr_page' id='page_1' title='image "./historiarumli03livyuoft_0347.png"; bbox 0 0 1960 3218; ppageno 0'>
   <div class='ocr_carea' id='block_1_1' title="bbox 520 127 1579 174">
    <p class='ocr_par' dir='ltr' id='par_1_1' title="bbox 520 127 1579 174">
     <span class='ocr_line' id='line_1_1' title="bbox 520 127 1579 174; baseline 0.004 -4"><span class='ocrx_word' id='word_1_1' title='bbox 520 129 646 171; x_wconf 89' lang='lat' dir='ltr'><strong>LIB.</strong></span> <span class='ocrx_word' id='word_1_2' title='bbox 681 127 945 171; x_wconf 87' lang='lat' dir='ltr'><strong>XXXVIII.</strong></span> <span class='ocrx_word' id='word_1_3' title='bbox 992 129 1139 172; x_wconf 87' lang='lat' dir='ltr'><strong>CAP.</strong></span> <span class='ocrx_word' id='word_1_4' title='bbox 1178 134 1240 172; x_wconf 79' lang='lat'><strong>14.</strong></span> <span class='ocrx_word' id='word_1_5' title='bbox 1497 135 1579 174; x_wconf 87' lang='lat'><strong>333</strong></span> 
     </span>
    </p>
   </div>
   <div class='ocr_carea' id='block_1_2' title="bbox 182 220 1583 676">
    <p class='ocr_par' dir='ltr' id='par_1_2' title="bbox 182 220 1581 508">
     <span class='ocr_line' id='line_1_2' title="bbox 182 220 1579 278; baseline 0.001 -16"><span class='ocrx_word' id='word_1_6' title='bbox 182 220 297 262; x_wconf 87' lang='lat' dir='ltr'><strong>haud</strong></span> <span class='ocrx_word' id='word_1_7' title='bbox 319 220 483 263; x_wconf 88' lang='lat' dir='ltr'><strong>modice</strong></span> <span class='ocrx_word' id='word_1_8' title='bbox 504 221 640 278; x_wconf 89' lang='lat' dir='ltr'><strong>primo</strong></span> <span class='ocrx_word' id='word_1_9' title='bbox 661 220 823 277; x_wconf 88' lang='lat' dir='ltr'><strong>impetu</strong></span> <span class='ocrx_word' id='word_1_10' title='bbox 845 221 1088 263; x_wconf 88' lang='lat' dir='ltr'><strong>turbavere:</strong></span> <span class='ocrx_word' id='word_1_11' title='bbox 1123 221 1290 272; x_wconf 85' lang='lat' dir='ltr'><strong>deinde,</strong></span> <span class='ocrx_word' id='word_1_12' title='bbox 1309 230 1356 263; x_wconf 88' lang='lat' dir='ltr'><strong>ut</strong></span> <span class='ocrx_word' id='word_1_13' title='bbox 1373 224 1579 278; x_wconf 88' lang='lat' dir='ltr'><strong>apparuit,</strong></span> 
     </span>
     <span class='ocr_line' id='line_1_3' title="bbox 183 279 1579 336; baseline 0.001 -16"><span class='ocrx_word' id='word_1_14' title='bbox 183 294 262 320; x_wconf 89' lang='lat' dir='ltr'><strong>nec</strong></span> <span class='ocrx_word' id='word_1_15' title='bbox 290 294 467 320; x_wconf 87' lang='lat' dir='ltr'><strong>numero</strong></span> <span class='ocrx_word' id='word_1_16' title='bbox 492 294 549 328; x_wconf 81' lang='lat' dir='ltr'><strong>se,</strong></span> <span class='ocrx_word' id='word_1_17' title='bbox 572 294 650 320; x_wconf 90' lang='lat' dir='ltr'><strong>nec</strong></span> <span class='ocrx_word' id='word_1_18' title='bbox 671 279 824 320; x_wconf 88' lang='lat' dir='ltr'><strong>virtute</strong></span> <span class='ocrx_word' id='word_1_19' title='bbox 854 294 974 335; x_wconf 88' lang='lat' dir='ltr'><strong>pares</strong></span> <span class='ocrx_word' id='word_1_20' title='bbox 1002 294 1103 329; x_wconf 88' lang='lat' dir='ltr'><strong>esse,</strong></span> <span class='ocrx_word' id='word_1_21' title='bbox 1127 280 1171 320; x_wconf 91' lang='lat' dir='ltr'><strong>in</strong></span> <span class='ocrx_word' id='word_1_22' title='bbox 1193 281 1340 321; x_wconf 88' lang='lat' dir='ltr'><strong>urbem</strong></span> <span class='ocrx_word' id='word_1_23' title='bbox 1362 281 1579 336; x_wconf 85' lang='lat' dir='ltr'><strong>compulsi,</strong></span> 
     </span>
     <span class='ocr_line' id='line_1_4' title="bbox 184 336 1580 394; baseline 0.001 -17"><span class='ocrx_word' id='word_1_24' title='bbox 184 336 348 378; x_wconf 89' lang='lat' dir='ltr'><strong>veniam</strong></span> <span class='ocrx_word' id='word_1_25' title='bbox 378 337 526 378; x_wconf 88' lang='lat' dir='ltr'><strong>erroris</strong></span> <span class='ocrx_word' id='word_1_26' title='bbox 557 336 770 392; x_wconf 85' lang='lat' dir='ltr'><strong>petebant,</strong></span> <span class='ocrx_word' id='word_1_27' title='bbox 801 336 955 377; x_wconf 82' lang='lat' dir='ltr'><strong>dedere</strong></span> <span class='ocrx_word' id='word_1_28' title='bbox 985 337 1131 378; x_wconf 90' lang='lat' dir='ltr'><strong>urbem</strong></span> <span class='ocrx_word' id='word_1_29' title='bbox 1162 337 1308 393; x_wconf 87' lang='lat' dir='ltr'><strong>parati.</strong></span> <span class='ocrx_word' id='word_1_30' title='bbox 1376 337 1580 394; x_wconf 83' lang='lat' dir='ltr'><strong>Quinque</strong></span> 
     </span>
     <span class='ocr_line' id='line_1_5' title="bbox 184 393 1581 449; baseline 0.002 -15"><span class='ocrx_word' id='word_1_31' title='bbox 184 403 227 435; x_wconf 89' lang='lat' dir='ltr'><strong>et</strong></span> <span class='ocrx_word' id='word_1_32' title='bbox 251 394 395 449; x_wconf 77' lang='lat' dir='ltr'><strong>viginti</strong></span> <span class='ocrx_word' id='word_1_33' title='bbox 419 394 576 435; x_wconf 85' lang='lat' dir='ltr'><strong>talenta</strong></span> <span class='ocrx_word' id='word_1_34' title='bbox 597 394 771 449; x_wconf 72' lang='lat' dir='ltr'><strong>argenti,</strong></span> <span class='ocrx_word' id='word_1_35' title='bbox 788 404 830 435; x_wconf 88' lang='lat' dir='ltr'><strong>et</strong></span> <span class='ocrx_word' id='word_1_36' title='bbox 847 394 994 435; x_wconf 89' lang='lat' dir='ltr'><strong>decem</strong></span> <span class='ocrx_word' id='word_1_37' title='bbox 1017 393 1148 435; x_wconf 87' lang='lat' dir='ltr'><strong>millia</strong></span> <span class='ocrx_word' id='word_1_38' title='bbox 1168 395 1431 436; x_wconf 81' lang='lat' dir='ltr'><strong>medimnum</strong></span> <span class='ocrx_word' id='word_1_39' title='bbox 1454 396 1581 437; x_wconf 88' lang='lat' dir='ltr'><strong>tritici</strong></span> 
     </span>
     <span class='ocr_line' id='line_1_6' title="bbox 184 451 1068 508; baseline 0.001 -16"><span class='ocrx_word' id='word_1_40' title='bbox 184 451 397 507; x_wconf 87' lang='lat' dir='ltr'><strong>imperata.</strong></span> <span class='ocrx_word' id='word_1_41' title='bbox 460 451 526 492; x_wconf 86' lang='lat' dir='ltr'><strong>Ita</strong></span> <span class='ocrx_word' id='word_1_42' title='bbox 547 451 589 491; x_wconf 92' lang='lat' dir='ltr'><strong>in</strong></span> <span class='ocrx_word' id='word_1_43' title='bbox 613 451 872 492; x_wconf 88' lang='lat' dir='ltr'><strong>deditionem</strong></span> <span class='ocrx_word' id='word_1_44' title='bbox 895 451 1068 508; x_wconf 87' lang='lat' dir='ltr'><strong>accepti.</strong></span> 
     </span>
    </p>

    <p class='ocr_par' dir='ltr' id='par_1_3' title="bbox 183 508 1583 676">
     <span class='ocr_line' id='line_1_7' title="bbox 243 508 1581 566; baseline 0.003 -17"><span class='ocrx_word' id='word_1_45' title='bbox 243 509 390 549; x_wconf 84' lang='lat' dir='ltr'><strong>Tertio</strong></span> <span class='ocrx_word' id='word_1_46' title='bbox 423 508 522 549; x_wconf 89' lang='lat' dir='ltr'><strong>inde</strong></span> <span class='ocrx_word' id='word_1_47' title='bbox 556 508 624 550; x_wconf 87' lang='lat' dir='ltr'><strong>die</strong></span> <span class='ocrx_word' id='word_1_48' title='bbox 662 509 715 549; x_wconf 87' lang='lat' dir='ltr'><strong>ad</strong></span> <span class='ocrx_word' id='word_1_49' title='bbox 751 508 919 550; x_wconf 85' lang='lat' dir='ltr'><strong>Chaum</strong></span> <span class='ocrx_word' id='word_1_50' title='bbox 954 524 1121 550; x_wconf 87' lang='lat' dir='ltr'><strong>amnem</strong></span> <span class='ocrx_word' id='word_1_51' title='bbox 1156 518 1434 566; x_wconf 84' lang='lat' dir='ltr'><strong>perventum:</strong></span> <span class='ocrx_word' id='word_1_52' title='bbox 1481 512 1581 554; x_wconf 87' lang='lat' dir='ltr'><strong>inde</strong></span> 
     </span>
     <span class='ocr_line' id='line_1_8' title="bbox 183 565 1583 623; baseline 0.003 -17"><span class='ocrx_word' id='word_1_53' title='bbox 183 566 359 622; x_wconf 88' lang='lat' dir='ltr'><strong>profecti</strong></span> <span class='ocrx_word' id='word_1_54' title='bbox 382 565 547 607; x_wconf 84' lang='lat' dir='ltr'><strong>Erizam</strong></span> <span class='ocrx_word' id='word_1_55' title='bbox 571 567 718 607; x_wconf 88' lang='lat' dir='ltr'><strong>urbem</strong></span> <span class='ocrx_word' id='word_1_56' title='bbox 747 567 882 622; x_wconf 88' lang='lat' dir='ltr'><strong>primo</strong></span> <span class='ocrx_word' id='word_1_57' title='bbox 909 566 1071 623; x_wconf 89' lang='lat' dir='ltr'><strong>impetu</strong></span> <span class='ocrx_word' id='word_1_58' title='bbox 1093 576 1308 623; x_wconf 83' lang='lat' dir='ltr'><strong>ceperunt.</strong></span> <span class='ocrx_word' id='word_1_59' title='bbox 1372 569 1445 610; x_wconf 91' lang='lat' dir='ltr'><strong>Ad</strong></span> <span class='ocrx_word' id='word_1_60' title='bbox 1468 569 1583 610; x_wconf 90' lang='lat' dir='ltr'><strong>Tha-</strong></span> 
     </span>
     <span class='ocr_line' id='line_1_9' title="bbox 184 623 1581 676; baseline 0.003 -12"><span class='ocrx_word' id='word_1_61' title='bbox 184 624 334 665; x_wconf 89' lang='lat' dir='ltr'><strong>busion</strong></span> <span class='ocrx_word' id='word_1_62' title='bbox 361 623 591 673; x_wconf 87' lang='lat' dir='ltr'><strong>castellum,</strong></span> <span class='ocrx_word' id='word_1_63' title='bbox 614 624 840 664; x_wconf 80' lang='lat' dir='ltr'><strong>imminens</strong></span> <span class='ocrx_word' id='word_1_64' title='bbox 861 624 1026 665; x_wconf 87' lang='lat' dir='ltr'><strong>flumini</strong></span> <span class='ocrx_word' id='word_1_65' title='bbox 1049 624 1170 674; x_wconf 88' lang='lat' dir='ltr'><strong>Indo,</strong></span> <span class='ocrx_word' id='word_1_66' title='bbox 1193 634 1366 666; x_wconf 89' lang='lat' dir='ltr'><strong>ventum</strong></span> <span class='ocrx_word' id='word_1_67' title='bbox 1390 634 1478 676; x_wconf 82' lang='lat' dir='ltr'><strong>est3</strong></span> <span class='ocrx_word' id='word_1_68' title='bbox 1512 627 1581 668; x_wconf 91' lang='lat' dir='ltr'><strong>cui</strong></span> 
     </span>
    </p>
   </div>
   <div class='ocr_carea' id='block_1_3' title="bbox 1595 233 1793 318">
    <p class='ocr_par' dir='ltr' id='par_1_4' title="bbox 1595 233 1793 318">
     <span class='ocr_line' id='line_1_10' title="bbox 1598 233 1792 273; baseline 0 -8"><span class='ocrx_word' id='word_1_69' title='bbox 1598 233 1641 265; x_wconf 91' lang='lat' dir='ltr'><strong>U.</strong></span> <span class='ocrx_word' id='word_1_70' title='bbox 1658 234 1696 265; x_wconf 80' lang='lat' dir='ltr'><strong>G.</strong></span> <span class='ocrx_word' id='word_1_71' title='bbox 1719 233 1792 273; x_wconf 74' lang='grc'><strong>563.</strong></span> 
     </span>
     <span class='ocr_line' id='line_1_11' title="bbox 1595 277 1793 318; baseline 0 -11"><span class='ocrx_word' id='word_1_72' title='bbox 1595 277 1634 307; x_wconf 91' lang='grc' dir='ltr'><strong>Α.</strong></span> <span class='ocrx_word' id='word_1_73' title='bbox 1660 277 1698 308; x_wconf 82' lang='lat' dir='ltr'><strong>C.</strong></span> <span class='ocrx_word' id='word_1_74' title='bbox 1723 278 1793 318; x_wconf 80' lang='lat'><strong>189.</strong></span> 
     </span>
    </p>
   </div>
   <div class='ocr_carea' id='block_1_4' title="bbox 1663 510 1727 547">
    <p class='ocr_par' dir='ltr' id='par_1_5' title="bbox 1663 510 1727 547">
     <span class='ocr_line' id='line_1_12' title="bbox 1663 510 1727 547; baseline 0 0"><span class='ocrx_word' id='word_1_75' title='bbox 1663 510 1727 547; x_wconf 82' lang='lat'><strong>14.</strong></span> 
     </span>
    </p>
   </div>
   <div class='ocr_carea' id='block_1_5' title="bbox 153 680 1767 740">
    <p class='ocr_par' dir='ltr' id='par_1_6' title="bbox 153 680 1767 740">
     <span class='ocr_line' id='line_1_13' title="bbox 153 680 1767 740; baseline 0.001 -17"><span class='ocrx_word' id='word_1_76' title='bbox 153 681 339 724; x_wconf 84' lang='lat' dir='ltr'><strong>4fecerat</strong></span> <span class='ocrx_word' id='word_1_77' title='bbox 359 696 515 722; x_wconf 90' lang='lat' dir='ltr'><strong>nomen</strong></span> <span class='ocrx_word' id='word_1_78' title='bbox 537 680 682 731; x_wconf 81' lang='lat' dir='ltr'><strong>Indus,</strong></span> <span class='ocrx_word' id='word_1_79' title='bbox 701 682 752 722; x_wconf 88' lang='lat' dir='ltr'><strong>ab</strong></span> <span class='ocrx_word' id='word_1_80' title='bbox 773 681 998 737; x_wconf 89' lang='lat' dir='ltr'><strong>elephanto</strong></span> <span class='ocrx_word' id='word_1_81' title='bbox 1020 682 1219 724; x_wconf 88' lang='lat' dir='ltr'><strong>deiectus.</strong></span> <span class='ocrx_word' id='word_1_82' title='bbox 1284 682 1415 724; x_wconf 86' lang='lat' dir='ltr'><strong>Haud</strong></span> <span class='ocrx_word' id='word_1_83' title='bbox 1436 684 1580 740; x_wconf 90' lang='lat' dir='ltr'><strong>procul</strong></span> <span class='ocrx_word' id='word_1_84' title='bbox 1596 690 1767 730; x_wconf 71' lang='lat' dir='ltr'><strong>Moagetes</strong></span> 
     </span>
    </p>
   </div>
   <div class='ocr_carea' id='block_1_6' title="bbox 184 738 1581 798">
    <p class='ocr_par' dir='ltr' id='par_1_7' title="bbox 184 738 1581 798">
     <span class='ocr_line' id='line_1_14' title="bbox 184 738 1581 798; baseline 0.001 -18"><span class='ocrx_word' id='word_1_85' title='bbox 184 754 209 780; x_wconf 87' lang='lat' dir='ltr'><strong>a</strong></span> <span class='ocrx_word' id='word_1_86' title='bbox 244 738 403 794; x_wconf 80' lang='lat' dir='ltr'>Cibyra</span> <span class='ocrx_word' id='word_1_87' title='bbox 438 739 636 780; x_wconf 87' lang='lat' dir='ltr'><strong>aberant:</strong></span> <span class='ocrx_word' id='word_1_88' title='bbox 675 754 754 780; x_wconf 88' lang='lat' dir='ltr'><strong>nec</strong></span> <span class='ocrx_word' id='word_1_89' title='bbox 789 739 943 796; x_wconf 79' lang='lat' dir='ltr'><strong>legatio</strong></span> <span class='ocrx_word' id='word_1_90' title='bbox 977 739 1062 780; x_wconf 86' lang='lat' dir='ltr'><strong>ulla</strong></span> <span class='ocrx_word' id='word_1_91' title='bbox 1096 755 1121 781; x_wconf 91' lang='lat' dir='ltr'><strong>a</strong></span> <span class='ocrx_word' id='word_1_92' title='bbox 1153 740 1367 797; x_wconf 80' lang='lat' dir='ltr'><strong>Moagete,</strong></span> <span class='ocrx_word' id='word_1_93' title='bbox 1400 751 1581 798; x_wconf 83' lang='lat' dir='ltr'><strong>tyranno</strong></span> 
     </span>
    </p>
   </div>
   <div class='ocr_carea' id='block_1_7' title="bbox 1595 736 1785 806">
    <p class='ocr_par' dir='ltr' id='par_1_8' title="bbox 1595 736 1785 806">
     <span class='ocr_line' id='line_1_15' title="bbox 1595 736 1753 772; baseline 0.006 -10"><span class='ocrx_word' id='word_1_94' title='bbox 1595 736 1753 772; x_wconf 84' lang='lat' dir='ltr'><strong>tyrannus</strong></span> 
     </span>
     <span class='ocr_line' id='line_1_16' title="bbox 1595 776 1785 806; baseline 0.011 -2"><span class='ocrx_word' id='word_1_95' title='bbox 1595 776 1681 806; x_wconf 85' lang='lat' dir='ltr'><strong>male</strong></span> <span class='ocrx_word' id='word_1_96' title='bbox 1697 776 1785 806; x_wconf 85' lang='lat' dir='ltr'><strong>habi-</strong></span> 
     </span>
    </p>
   </div>
   <div class='ocr_carea' id='block_1_8' title="bbox 184 796 1763 907">
    <p class='ocr_par' dir='ltr' id='par_1_9' title="bbox 184 796 1763 907">
     <span class='ocr_line' id='line_1_17' title="bbox 185 796 1763 855; baseline 0.003 -18"><span class='ocrx_word' id='word_1_97' title='bbox 185 796 362 838; x_wconf 87' lang='lat' dir='ltr'><strong>civitatis</strong></span> <span class='ocrx_word' id='word_1_98' title='bbox 393 796 494 845; x_wconf 89' lang='lat' dir='ltr'><strong>eius,</strong></span> <span class='ocrx_word' id='word_1_99' title='bbox 526 796 698 837; x_wconf 89' lang='lat' dir='ltr'><strong>homine</strong></span> <span class='ocrx_word' id='word_1_100' title='bbox 731 796 783 838; x_wconf 86' lang='lat' dir='ltr'><strong>ad</strong></span> <span class='ocrx_word' id='word_1_101' title='bbox 819 797 961 838; x_wconf 86' lang='lat' dir='ltr'><strong>omnia</strong></span> <span class='ocrx_word' id='word_1_102' title='bbox 993 797 1125 838; x_wconf 84' lang='lat' dir='ltr'><strong>infido</strong></span> <span class='ocrx_word' id='word_1_103' title='bbox 1161 807 1287 854; x_wconf 88' lang='lat' dir='ltr'><strong>atque</strong></span> <span class='ocrx_word' id='word_1_104' title='bbox 1324 799 1579 855; x_wconf 89' lang='lat' dir='ltr'><strong>importuno,</strong></span> <span class='ocrx_word' id='word_1_105' title='bbox 1594 819 1763 849; x_wconf 77' lang='lat' dir='ltr'><strong>tusaRo-</strong></span> 
     </span>
     <span class='ocr_line' id='line_1_18' title="bbox 184 854 1708 907; baseline 0.001 -11"><span class='ocrx_word' id='word_1_106' title='bbox 184 854 390 896; x_wconf 79' lang='lat' dir='ltr'><strong>veniebat.</strong></span> <span class='ocrx_word' id='word_1_107' title='bbox 454 854 527 895; x_wconf 92' lang='lat' dir='ltr'><strong>Ad</strong></span> <span class='ocrx_word' id='word_1_108' title='bbox 558 854 806 895; x_wconf 87' lang='lat' dir='ltr'><strong>tentandum</strong></span> <span class='ocrx_word' id='word_1_109' title='bbox 842 854 932 895; x_wconf 86' lang='lat' dir='ltr'><strong>eius</strong></span> <span class='ocrx_word' id='word_1_110' title='bbox 960 855 1147 896; x_wconf 86' lang='lat' dir='ltr'><strong>animum</strong></span> <span class='ocrx_word' id='word_1_111' title='bbox 1173 855 1222 896; x_wconf 88' lang='lat' dir='ltr'><strong>C.</strong></span> <span class='ocrx_word' id='word_1_112' title='bbox 1243 855 1457 907; x_wconf 89' lang='lat' dir='ltr'><strong>Helvium,</strong></span> <span class='ocrx_word' id='word_1_113' title='bbox 1485 873 1581 898; x_wconf 88' lang='lat' dir='ltr'><strong>cum</strong></span> <span class='ocrx_word' id='word_1_114' title='bbox 1595 861 1708 892; x_wconf 79' lang='lat' dir='ltr'><strong>manis.</strong></span> 
     </span>
    </p>
   </div>
   <div class='ocr_carea' id='block_1_9' title="bbox 155 911 1591 2529">
    <p class='ocr_par' dir='ltr' id='par_1_10' title="bbox 155 911 1591 2529">
     <span class='ocr_line' id='line_1_19' title="bbox 186 911 1583 969; baseline 0.003 -17"><span class='ocrx_word' id='word_1_115' title='bbox 186 920 386 968; x_wconf 86' lang='lat' dir='ltr'><strong>quattuor</strong></span> <span class='ocrx_word' id='word_1_116' title='bbox 415 911 598 952; x_wconf 90' lang='lat' dir='ltr'><strong>millibus</strong></span> <span class='ocrx_word' id='word_1_117' title='bbox 628 911 820 968; x_wconf 90' lang='lat' dir='ltr'><strong>peditum</strong></span> <span class='ocrx_word' id='word_1_118' title='bbox 850 920 893 953; x_wconf 88' lang='lat' dir='ltr'><strong>et</strong></span> <span class='ocrx_word' id='word_1_119' title='bbox 917 912 1160 968; x_wconf 78' lang='lat' dir='ltr'><strong>quingentis</strong></span> <span class='ocrx_word' id='word_1_120' title='bbox 1187 914 1413 969; x_wconf 87' lang='lat' dir='ltr'><strong>equit-ibus,</strong></span> <span class='ocrx_word' id='word_1_121' title='bbox 1436 915 1583 956; x_wconf 88' lang='lat' dir='ltr'><strong>consul</strong></span> 
     </span>
     <span class='ocr_line' id='line_1_20' title="bbox 185 968 1585 1028; baseline 0.003 -18"><span class='ocrx_word' id='word_1_122' title='bbox 185 969 427 1026; x_wconf 89' lang='lat' dir='ltr'><strong>praemittit.</strong></span> <span class='ocrx_word' id='word_1_123' title='bbox 494 968 609 1010; x_wconf 89' lang='lat' dir='ltr'><strong>Huic</strong></span> <span class='ocrx_word' id='word_1_124' title='bbox 631 970 802 1025; x_wconf 73' lang='lat' dir='ltr'><strong>agmini,</strong></span> <span class='ocrx_word' id='word_1_125' title='bbox 824 969 906 1010; x_wconf 89' lang='lat' dir='ltr'><strong>iam</strong></span> <span class='ocrx_word' id='word_1_126' title='bbox 938 970 1042 1011; x_wconf 89' lang='lat' dir='ltr'><strong>fines</strong></span> <span class='ocrx_word' id='word_1_127' title='bbox 1074 970 1342 1027; x_wconf 79' lang='lat' dir='ltr'><strong>ingredienti,</strong></span> <span class='ocrx_word' id='word_1_128' title='bbox 1365 971 1492 1028; x_wconf 83' lang='lat' dir='ltr'><strong>legati</strong></span> <span class='ocrx_word' id='word_1_129' title='bbox 1514 988 1585 1014; x_wconf 88' lang='lat' dir='ltr'><strong>oc·</strong></span> 
     </span>
     <span class='ocr_line' id='line_1_21' title="bbox 187 1027 1585 1086; baseline 0.003 -18"><span class='ocrx_word' id='word_1_130' title='bbox 187 1035 420 1077; x_wconf 80' lang='lat' dir='ltr'><strong>currerunt,</strong></span> <span class='ocrx_word' id='word_1_131' title='bbox 457 1027 714 1077; x_wconf 81' lang='lat' dir='ltr'><strong>nuntiantes,</strong></span> <span class='ocrx_word' id='word_1_132' title='bbox 751 1036 943 1083; x_wconf 86' lang='lat' dir='ltr'><strong>paratum</strong></span> <span class='ocrx_word' id='word_1_133' title='bbox 983 1043 1072 1069; x_wconf 81' lang='lat' dir='ltr'><strong>esse</strong></span> <span class='ocrx_word' id='word_1_134' title='bbox 1115 1037 1341 1085; x_wconf 86' lang='lat' dir='ltr'><strong>tyrannum</strong></span> <span class='ocrx_word' id='word_1_135' title='bbox 1382 1030 1585 1086; x_wconf 88' lang='lat' dir='ltr'><strong>imperata</strong></span> 
     </span>
     <span class='ocr_line' id='line_1_22' title="bbox 186 1085 1586 1144; baseline 0.003 -18"><span class='ocrx_word' id='word_1_136' title='bbox 186 1085 334 1126; x_wconf 85' lang='lat' dir='ltr'><strong>facere.</strong></span> <span class='ocrx_word' id='word_1_137' title='bbox 399 1085 600 1135; x_wconf 84' lang='lat' dir='ltr'><strong>Orabant,</strong></span> <span class='ocrx_word' id='word_1_138' title='bbox 632 1093 680 1125; x_wconf 90' lang='lat' dir='ltr'><strong>ut</strong></span> <span class='ocrx_word' id='word_1_139' title='bbox 712 1094 884 1141; x_wconf 85' lang='lat' dir='ltr'><strong>pacatus</strong></span> <span class='ocrx_word' id='word_1_140' title='bbox 916 1085 1022 1127; x_wconf 87' lang='lat' dir='ltr'><strong>fines</strong></span> <span class='ocrx_word' id='word_1_141' title='bbox 1058 1086 1196 1136; x_wconf 82' lang='lat' dir='ltr'><strong>iniret,</strong></span> <span class='ocrx_word' id='word_1_142' title='bbox 1229 1087 1529 1144; x_wconf 86' lang='lat' dir='ltr'><strong>cohiberetque</strong></span> <span class='ocrx_word' id='word_1_143' title='bbox 1561 1104 1586 1130; x_wconf 88' lang='lat' dir='ltr'><strong>a</strong></span> 
     </span>
     <span class='ocr_line' id='line_1_23' title="bbox 155 1142 1584 1201; baseline 0.002 -18"><span class='ocrx_word' id='word_1_144' title='bbox 155 1143 458 1200; x_wconf 73' lang='lat' dir='ltr'><strong>spopulatione</strong></span> <span class='ocrx_word' id='word_1_145' title='bbox 491 1143 578 1198; x_wconf 77' lang='lat' dir='ltr'><strong>agri</strong></span> <span class='ocrx_word' id='word_1_146' title='bbox 607 1142 810 1184; x_wconf 87' lang='lat' dir='ltr'><strong>militem:</strong></span> <span class='ocrx_word' id='word_1_147' title='bbox 845 1151 886 1184; x_wconf 90' lang='lat' dir='ltr'><strong>et</strong></span> <span class='ocrx_word' id='word_1_148' title='bbox 914 1158 1111 1184; x_wconf 89' lang='lat' dir='ltr'><strong>coronam</strong></span> <span class='ocrx_word' id='word_1_149' title='bbox 1142 1159 1310 1185; x_wconf 84' lang='lat' dir='ltr'><strong>auream</strong></span> <span class='ocrx_word' id='word_1_150' title='bbox 1339 1145 1584 1201; x_wconf 88' lang='lat' dir='ltr'><strong>quindecim</strong></span> 
     </span>
     <span class='ocr_line' id='line_1_24' title="bbox 188 1200 1586 1259; baseline 0.001 -17"><span class='ocrx_word' id='word_1_151' title='bbox 188 1201 392 1242; x_wconf 79' lang='lat' dir='ltr'><strong>talentum</strong></span> <span class='ocrx_word' id='word_1_152' title='bbox 416 1201 655 1242; x_wconf 87' lang='lat' dir='ltr'><strong>afferebant.</strong></span> <span class='ocrx_word' id='word_1_153' title='bbox 706 1200 897 1250; x_wconf 85' lang='lat' dir='ltr'><strong>Helvius,</strong></span> <span class='ocrx_word' id='word_1_154' title='bbox 920 1201 1106 1256; x_wconf 79' lang='lat' dir='ltr'><strong>integros</strong></span> <span class='ocrx_word' id='word_1_155' title='bbox 1127 1216 1151 1242; x_wconf 88' lang='lat' dir='ltr'><strong>a</strong></span> <span class='ocrx_word' id='word_1_156' title='bbox 1171 1202 1443 1258; x_wconf 74' lang='lat' dir='ltr'><strong>populatione</strong></span> <span class='ocrx_word' id='word_1_157' title='bbox 1466 1219 1586 1259; x_wconf 78' lang='lat' dir='ltr'><strong>agros</strong></span> 
     </span>
     <span class='ocr_line' id='line_1_25' title="bbox 188 1255 1587 1315; baseline 0.001 -16"><span class='ocrx_word' id='word_1_158' title='bbox 188 1267 447 1300; x_wconf 85' lang='lat' dir='ltr'><strong>servaturum</strong></span> <span class='ocrx_word' id='word_1_159' title='bbox 468 1258 693 1314; x_wconf 80' lang='lat' dir='ltr'><strong>pollicitus,</strong></span> <span class='ocrx_word' id='word_1_160' title='bbox 717 1258 775 1299; x_wconf 91' lang='lat' dir='ltr'><strong>ire</strong></span> <span class='ocrx_word' id='word_1_161' title='bbox 798 1258 852 1299; x_wconf 87' lang='lat' dir='ltr'><strong>ad</strong></span> <span class='ocrx_word' id='word_1_162' title='bbox 873 1255 1088 1300; x_wconf 85' lang='lat' dir='ltr'><strong>consulem</strong></span> <span class='ocrx_word' id='word_1_163' title='bbox 1109 1259 1268 1315; x_wconf 81' lang='lat' dir='ltr'><strong>legatos</strong></span> <span class='ocrx_word' id='word_1_164' title='bbox 1289 1260 1419 1302; x_wconf 86' lang='lat' dir='ltr'><strong>iussit.</strong></span> <span class='ocrx_word' id='word_1_165' title='bbox 1479 1261 1587 1309; x_wconf 79' lang='lat' dir='ltr'><strong>Qui-</strong></span> 
     </span>
     <span class='ocr_line' id='line_1_26' title="bbox 187 1316 1584 1375; baseline 0.001 -17"><span class='ocrx_word' id='word_1_166' title='bbox 187 1317 266 1358; x_wconf 85' lang='lat' dir='ltr'><strong>bus</strong></span> <span class='ocrx_word' id='word_1_167' title='bbox 297 1316 443 1358; x_wconf 89' lang='lat' dir='ltr'><strong>eadem</strong></span> <span class='ocrx_word' id='word_1_168' title='bbox 475 1316 765 1366; x_wconf 81' lang='lat' dir='ltr'><strong>referentibus,</strong></span> <span class='ocrx_word' id='word_1_169' title='bbox 798 1316 956 1366; x_wconf 82' lang='lat' dir='ltr'><strong>consul,</strong></span> <span class='ocrx_word' id='word_1_170' title='bbox 986 1322 997 1340; x_wconf 81' lang='lat'>‘</span> <span class='ocrx_word' id='word_1_171' title='bbox 1015 1316 1169 1373; x_wconf 88' lang='lat' dir='ltr'><strong>Neque</strong></span> <span class='ocrx_word' id='word_1_172' title='bbox 1194 1317 1405 1368; x_wconf 83' lang='lat' dir='ltr'><strong>Romani,&#39;</strong></span> <span class='ocrx_word' id='word_1_173' title='bbox 1431 1319 1584 1375; x_wconf 89' lang='lat' dir='ltr'><strong>inquit,</strong></span> 
     </span>
     <span class='ocr_line' id='line_1_27' title="bbox 190 1373 1582 1432; baseline 0.002 -18"><span class='ocrx_word' id='word_1_174' title='bbox 190 1380 201 1398; x_wconf 88' lang='lat'>‘</span> <span class='ocrx_word' id='word_1_175' title='bbox 216 1374 351 1415; x_wconf 87' lang='lat' dir='ltr'><strong>bonae</strong></span> <span class='ocrx_word' id='word_1_176' title='bbox 368 1374 595 1415; x_wconf 84' lang='lat' dir='ltr'><strong>voluntatis</strong></span> <span class='ocrx_word' id='word_1_177' title='bbox 611 1373 744 1414; x_wconf 89' lang='lat' dir='ltr'><strong>ullum</strong></span> <span class='ocrx_word' id='word_1_178' title='bbox 766 1374 931 1430; x_wconf 80' lang='lat' dir='ltr'><strong>signum</strong></span> <span class='ocrx_word' id='word_1_179' title='bbox 951 1389 1050 1430; x_wconf 79' lang='lat' dir='ltr'><strong>erga</strong></span> <span class='ocrx_word' id='word_1_180' title='bbox 1069 1390 1145 1416; x_wconf 91' lang='lat' dir='ltr'><strong>nos</strong></span> <span class='ocrx_word' id='word_1_181' title='bbox 1167 1376 1335 1432; x_wconf 83' lang='lat' dir='ltr'><strong>tyranni</strong></span> <span class='ocrx_word' id='word_1_182' title='bbox 1357 1376 1582 1418; x_wconf 88' lang='lat' dir='ltr'><strong>habemus:</strong></span> 
     </span>
     <span class='ocr_line' id='line_1_28' title="bbox 190 1431 1587 1490; baseline 0.001 -16"><span class='ocrx_word' id='word_1_183' title='bbox 190 1439 202 1456; x_wconf 80' lang='lat'>‘</span> <span class='ocrx_word' id='word_1_184' title='bbox 218 1441 260 1474; x_wconf 88' lang='lat' dir='ltr'><strong>et</strong></span> <span class='ocrx_word' id='word_1_185' title='bbox 280 1432 417 1489; x_wconf 88' lang='lat' dir='ltr'><strong>ipsum</strong></span> <span class='ocrx_word' id='word_1_186' title='bbox 441 1431 564 1473; x_wconf 87' lang='lat' dir='ltr'><strong>talem</strong></span> <span class='ocrx_word' id='word_1_187' title='bbox 589 1447 677 1473; x_wconf 89' lang='lat' dir='ltr'><strong>esse</strong></span> <span class='ocrx_word' id='word_1_188' title='bbox 699 1432 810 1473; x_wconf 85' lang='lat' dir='ltr'><strong>inter</strong></span> <span class='ocrx_word' id='word_1_189' title='bbox 830 1447 976 1473; x_wconf 87' lang='lat' dir='ltr'><strong>omnes</strong></span> <span class='ocrx_word' id='word_1_190' title='bbox 997 1442 1172 1483; x_wconf 85' lang='lat' dir='ltr'><strong>constat,</strong></span> <span class='ocrx_word' id='word_1_191' title='bbox 1197 1443 1243 1474; x_wconf 89' lang='lat' dir='ltr'><strong>ut</strong></span> <span class='ocrx_word' id='word_1_192' title='bbox 1264 1433 1317 1474; x_wconf 90' lang='lat' dir='ltr'><strong>de</strong></span> <span class='ocrx_word' id='word_1_193' title='bbox 1339 1449 1476 1490; x_wconf 86' lang='lat' dir='ltr'><strong>poena</strong></span> <span class='ocrx_word' id='word_1_194' title='bbox 1497 1434 1587 1476; x_wconf 88' lang='lat' dir='ltr'><strong>eius</strong></span> 
     </span>
     <span class='ocr_line' id='line_1_29' title="bbox 190 1489 1587 1546; baseline 0.001 -15"><span class='ocrx_word' id='word_1_195' title='bbox 190 1496 202 1514; x_wconf 87' lang='lat'>‘</span> <span class='ocrx_word' id='word_1_196' title='bbox 218 1490 362 1546; x_wconf 76' lang='lat' dir='ltr'><strong>magis,</strong></span> <span class='ocrx_word' id='word_1_197' title='bbox 385 1505 510 1546; x_wconf 90' lang='lat' dir='ltr'><strong>quam</strong></span> <span class='ocrx_word' id='word_1_198' title='bbox 539 1489 592 1531; x_wconf 89' lang='lat' dir='ltr'><strong>de</strong></span> <span class='ocrx_word' id='word_1_199' title='bbox 624 1489 820 1540; x_wconf 85' lang='lat' dir='ltr'><strong>amicitia,</strong></span> <span class='ocrx_word' id='word_1_200' title='bbox 841 1490 962 1531; x_wconf 88' lang='lat' dir='ltr'><strong>nobis</strong></span> <span class='ocrx_word' id='word_1_201' title='bbox 983 1490 1254 1546; x_wconf 83' lang='lat' dir='ltr'><strong>cogitandum</strong></span> <span class='ocrx_word' id='word_1_202' title='bbox 1277 1491 1355 1533; x_wconf 90' lang='lat' dir='ltr'><strong>sit.&#39;</strong></span> <span class='ocrx_word' id='word_1_203' title='bbox 1414 1492 1587 1533; x_wconf 89' lang='lat' dir='ltr'><strong>Pertur-</strong></span> 
     </span>
     <span class='ocr_line' id='line_1_30' title="bbox 188 1547 1586 1605; baseline 0.001 -16"><span class='ocrx_word' id='word_1_204' title='bbox 188 1548 274 1589; x_wconf 80' lang='lat' dir='ltr'><strong>bati</strong></span> <span class='ocrx_word' id='word_1_205' title='bbox 305 1548 383 1589; x_wconf 87' lang='lat' dir='ltr'><strong>hac</strong></span> <span class='ocrx_word' id='word_1_206' title='bbox 408 1563 508 1589; x_wconf 84' lang='lat' dir='ltr'><strong>voce</strong></span> <span class='ocrx_word' id='word_1_207' title='bbox 540 1547 667 1603; x_wconf 79' lang='lat' dir='ltr'><strong>legati</strong></span> <span class='ocrx_word' id='word_1_208' title='bbox 698 1547 805 1588; x_wconf 90' lang='lat' dir='ltr'><strong>nihil</strong></span> <span class='ocrx_word' id='word_1_209' title='bbox 835 1547 951 1589; x_wconf 85' lang='lat' dir='ltr'><strong>aliud</strong></span> <span class='ocrx_word' id='word_1_210' title='bbox 978 1557 1135 1604; x_wconf 87' lang='lat' dir='ltr'><strong>petere,</strong></span> <span class='ocrx_word' id='word_1_211' title='bbox 1159 1565 1284 1605; x_wconf 86' lang='lat' dir='ltr'><strong>quam</strong></span> <span class='ocrx_word' id='word_1_212' title='bbox 1312 1558 1359 1591; x_wconf 92' lang='lat' dir='ltr'><strong>ut</strong></span> <span class='ocrx_word' id='word_1_213' title='bbox 1388 1565 1586 1591; x_wconf 87' lang='lat' dir='ltr'><strong>coronam</strong></span> 
     </span>
     <span class='ocr_line' id='line_1_31' title="bbox 189 1605 1587 1664; baseline 0.001 -17"><span class='ocrx_word' id='word_1_214' title='bbox 189 1606 420 1662; x_wconf 79' lang='lat' dir='ltr'><strong>acciperet3</strong></span> <span class='ocrx_word' id='word_1_215' title='bbox 453 1605 738 1661; x_wconf 80' lang='lat' dir='ltr'><strong>veniendique</strong></span> <span class='ocrx_word' id='word_1_216' title='bbox 760 1605 813 1646; x_wconf 91' lang='lat' dir='ltr'><strong>ad</strong></span> <span class='ocrx_word' id='word_1_217' title='bbox 835 1621 932 1646; x_wconf 86' lang='lat' dir='ltr'><strong>eum</strong></span> <span class='ocrx_word' id='word_1_218' title='bbox 960 1614 1208 1662; x_wconf 85' lang='lat' dir='ltr'><strong>potestatem</strong></span> <span class='ocrx_word' id='word_1_219' title='bbox 1237 1616 1430 1664; x_wconf 75' lang='lat' dir='ltr'><strong>tyranno,</strong></span> <span class='ocrx_word' id='word_1_220' title='bbox 1454 1616 1496 1649; x_wconf 89' lang='lat' dir='ltr'><strong>et</strong></span> <span class='ocrx_word' id='word_1_221' title='bbox 1517 1623 1587 1649; x_wconf 91' lang='lat' dir='ltr'><strong>co-</strong></span> 
     </span>
     <span class='ocr_line' id='line_1_32' title="bbox 189 1663 1587 1720; baseline 0.001 -16"><span class='ocrx_word' id='word_1_222' title='bbox 189 1664 299 1720; x_wconf 87' lang='lat' dir='ltr'><strong>piam</strong></span> <span class='ocrx_word' id='word_1_223' title='bbox 323 1663 526 1720; x_wconf 90' lang='lat' dir='ltr'><strong>loquendi</strong></span> <span class='ocrx_word' id='word_1_224' title='bbox 555 1679 601 1704; x_wconf 87' lang='lat' dir='ltr'><strong>ac</strong></span> <span class='ocrx_word' id='word_1_225' title='bbox 632 1663 840 1719; x_wconf 79' lang='lat' dir='ltr'><strong>purgandi</strong></span> <span class='ocrx_word' id='word_1_226' title='bbox 863 1678 919 1713; x_wconf 83' lang='lat' dir='ltr'><strong>se,</strong></span> <span class='ocrx_word' id='word_1_227' title='bbox 942 1663 1108 1705; x_wconf 86' lang='lat' dir='ltr'><strong>faceret.</strong></span> <span class='ocrx_word' id='word_1_228' title='bbox 1171 1664 1383 1706; x_wconf 88' lang='lat' dir='ltr'><strong>Permissu</strong></span> <span class='ocrx_word' id='word_1_229' title='bbox 1405 1665 1587 1707; x_wconf 87' lang='lat' dir='ltr'><strong>consulis</strong></span> 
     </span>
     <span class='ocr_line' id='line_1_33' title="bbox 188 1721 1586 1779; baseline 0.001 -16"><span class='ocrx_word' id='word_1_230' title='bbox 188 1731 356 1778; x_wconf 89' lang='lat' dir='ltr'><strong>postero</strong></span> <span class='ocrx_word' id='word_1_231' title='bbox 377 1722 445 1762; x_wconf 89' lang='lat' dir='ltr'><strong>die</strong></span> <span class='ocrx_word' id='word_1_232' title='bbox 467 1721 510 1761; x_wconf 89' lang='lat' dir='ltr'><strong>in</strong></span> <span class='ocrx_word' id='word_1_233' title='bbox 533 1730 664 1762; x_wconf 89' lang='lat' dir='ltr'><strong>castra</strong></span> <span class='ocrx_word' id='word_1_234' title='bbox 686 1730 889 1778; x_wconf 85' lang='lat' dir='ltr'><strong>tyrannus</strong></span> <span class='ocrx_word' id='word_1_235' title='bbox 911 1722 1049 1770; x_wconf 82' lang='lat' dir='ltr'><strong>venit;</strong></span> <span class='ocrx_word' id='word_1_236' title='bbox 1084 1722 1259 1763; x_wconf 77' lang='lat' dir='ltr'><strong>vestitus</strong></span> <span class='ocrx_word' id='word_1_237' title='bbox 1280 1723 1586 1779; x_wconf 86' lang='lat' dir='ltr'><strong>comitatusque</strong></span> 
     </span>
     <span class='ocr_line' id='line_1_34' title="bbox 188 1778 1587 1836; baseline 0.001 -16"><span class='ocrx_word' id='word_1_238' title='bbox 188 1780 259 1821; x_wconf 84' lang='lat' dir='ltr'><strong>vix</strong></span> <span class='ocrx_word' id='word_1_239' title='bbox 293 1779 345 1820; x_wconf 91' lang='lat' dir='ltr'><strong>ad</strong></span> <span class='ocrx_word' id='word_1_240' title='bbox 378 1779 529 1836; x_wconf 88' lang='lat' dir='ltr'><strong>privati</strong></span> <span class='ocrx_word' id='word_1_241' title='bbox 562 1779 727 1820; x_wconf 88' lang='lat' dir='ltr'><strong>modice</strong></span> <span class='ocrx_word' id='word_1_242' title='bbox 760 1778 982 1835; x_wconf 88' lang='lat' dir='ltr'><strong>locupletis</strong></span> <span class='ocrx_word' id='word_1_243' title='bbox 1015 1779 1230 1821; x_wconf 88' lang='lat' dir='ltr'><strong>habitum:</strong></span> <span class='ocrx_word' id='word_1_244' title='bbox 1271 1790 1314 1822; x_wconf 91' lang='lat' dir='ltr'><strong>et</strong></span> <span class='ocrx_word' id='word_1_245' title='bbox 1345 1781 1476 1822; x_wconf 88' lang='lat' dir='ltr'><strong>oratio</strong></span> <span class='ocrx_word' id='word_1_246' title='bbox 1506 1781 1587 1822; x_wconf 88' lang='lat' dir='ltr'><strong>fuit</strong></span> 
     </span>
     <span class='ocr_line' id='line_1_35' title="bbox 189 1837 1586 1895; baseline 0.001 -17"><span class='ocrx_word' id='word_1_247' title='bbox 189 1837 406 1878; x_wconf 85' lang='lat' dir='ltr'><strong>summissa</strong></span> <span class='ocrx_word' id='word_1_248' title='bbox 439 1846 482 1878; x_wconf 92' lang='lat' dir='ltr'><strong>et</strong></span> <span class='ocrx_word' id='word_1_249' title='bbox 514 1837 701 1887; x_wconf 81' lang='lat' dir='ltr'><strong>infracta,</strong></span> <span class='ocrx_word' id='word_1_250' title='bbox 737 1837 1006 1878; x_wconf 85' lang='lat' dir='ltr'><strong>extenuantis</strong></span> <span class='ocrx_word' id='word_1_251' title='bbox 1047 1853 1147 1893; x_wconf 87' lang='lat' dir='ltr'><strong>opes</strong></span> <span class='ocrx_word' id='word_1_252' title='bbox 1188 1853 1294 1888; x_wconf 85' lang='lat' dir='ltr'><strong>suas,</strong></span> <span class='ocrx_word' id='word_1_253' title='bbox 1333 1839 1586 1895; x_wconf 87' lang='lat' dir='ltr'><strong>urbiumque</strong></span> 
     </span>
     <span class='ocr_line' id='line_1_36' title="bbox 189 1895 1585 1951; baseline 0.001 -15"><span class='ocrx_word' id='word_1_254' title='bbox 189 1910 288 1936; x_wconf 86' lang='lat' dir='ltr'><strong>suae</strong></span> <span class='ocrx_word' id='word_1_255' title='bbox 320 1895 491 1936; x_wconf 89' lang='lat' dir='ltr'><strong>ditionis</strong></span> <span class='ocrx_word' id='word_1_256' title='bbox 522 1904 749 1950; x_wconf 73' lang='lat' dir='ltr'><strong>egestatem</strong></span> <span class='ocrx_word' id='word_1_257' title='bbox 782 1895 1010 1951; x_wconf 86' lang='lat' dir='ltr'><strong>querentis.</strong></span> <span class='ocrx_word' id='word_1_258' title='bbox 1075 1895 1210 1937; x_wconf 89' lang='lat' dir='ltr'><strong>Erant</strong></span> <span class='ocrx_word' id='word_1_259' title='bbox 1241 1905 1381 1937; x_wconf 86' lang='lat' dir='ltr'><strong>autem</strong></span> <span class='ocrx_word' id='word_1_260' title='bbox 1414 1897 1490 1937; x_wconf 83' lang='lat' dir='ltr'><strong>sub</strong></span> <span class='ocrx_word' id='word_1_261' title='bbox 1522 1912 1585 1946; x_wconf 88' lang='lat' dir='ltr'><strong>eo,</strong></span> 
     </span>
     <span class='ocr_line' id='line_1_37' title="bbox 189 1952 1584 2010; baseline 0.001 -16"><span class='ocrx_word' id='word_1_262' title='bbox 189 1962 355 2009; x_wconf 85' lang='lat' dir='ltr'><strong>praeter</strong></span> <span class='ocrx_word' id='word_1_263' title='bbox 386 1952 601 2009; x_wconf 85' lang='lat' dir='ltr'><strong>Cibyram,</strong></span> <span class='ocrx_word' id='word_1_264' title='bbox 629 1962 671 1994; x_wconf 90' lang='lat' dir='ltr'><strong>et</strong></span> <span class='ocrx_word' id='word_1_265' title='bbox 707 1952 892 2010; x_wconf 77' lang='lat' dir='ltr'><strong>Syleum,</strong></span> <span class='ocrx_word' id='word_1_266' title='bbox 926 1962 967 1994; x_wconf 87' lang='lat' dir='ltr'><strong>et</strong></span> <span class='ocrx_word' id='word_1_267' title='bbox 1000 1952 1171 1994; x_wconf 87' lang='lat' dir='ltr'><strong>Alimne</strong></span> <span class='ocrx_word' id='word_1_268' title='bbox 1199 1969 1307 2010; x_wconf 85' lang='lat' dir='ltr'><strong>quae</strong></span> <span class='ocrx_word' id='word_1_269' title='bbox 1339 1954 1584 2010; x_wconf 89' lang='lat' dir='ltr'><strong>appellatur.</strong></span> 
     </span>
     <span class='ocr_line' id='line_1_38' title="bbox 193 2010 1590 2068; baseline 0.001 -17"><span class='ocrx_word' id='word_1_270' title='bbox 193 2011 259 2051; x_wconf 87' lang='lat' dir='ltr'><strong>Ex</strong></span> <span class='ocrx_word' id='word_1_271' title='bbox 287 2010 364 2060; x_wconf 86' lang='lat' dir='ltr'><strong>his,</strong></span> <span class='ocrx_word' id='word_1_272' title='bbox 391 2019 438 2051; x_wconf 92' lang='lat' dir='ltr'><strong>ut</strong></span> <span class='ocrx_word' id='word_1_273' title='bbox 464 2026 506 2051; x_wconf 89' lang='lat' dir='ltr'><strong>se</strong></span> <span class='ocrx_word' id='word_1_274' title='bbox 535 2026 714 2067; x_wconf 86' lang='lat' dir='ltr'><strong>suosque</strong></span> <span class='ocrx_word' id='word_1_275' title='bbox 744 2010 953 2066; x_wconf 83' lang='lat' dir='ltr'><strong>spoliaret,</strong></span> <span class='ocrx_word' id='word_1_276' title='bbox 976 2011 1165 2066; x_wconf 86' lang='lat' dir='ltr'><strong>quinque</strong></span> <span class='ocrx_word' id='word_1_277' title='bbox 1188 2012 1399 2068; x_wconf 34' lang='lat' dir='ltr'><strong>et-viginti</strong></span> <span class='ocrx_word' id='word_1_278' title='bbox 1432 2011 1590 2053; x_wconf 87' lang='lat' dir='ltr'><strong>talenta</strong></span> 
     </span>
     <span class='ocr_line' id='line_1_39' title="bbox 190 2068 1589 2124; baseline 0 -15"><span class='ocrx_word' id='word_1_279' title='bbox 190 2083 234 2109; x_wconf 87' lang='lat' dir='ltr'><strong>se</strong></span> <span class='ocrx_word' id='word_1_280' title='bbox 263 2069 565 2117; x_wconf 82' lang='lat' dir='ltr'><strong>confecturum,</strong></span> <span class='ocrx_word' id='word_1_281' title='bbox 588 2083 718 2124; x_wconf 86' lang='lat' dir='ltr'><strong>prope</strong></span> <span class='ocrx_word' id='word_1_282' title='bbox 750 2077 797 2108; x_wconf 88' lang='lat' dir='ltr'><strong>ut</strong></span> <span class='ocrx_word' id='word_1_283' title='bbox 826 2068 1033 2115; x_wconf 87' lang='lat' dir='ltr'><strong>diffidens,</strong></span> <span class='ocrx_word' id='word_1_284' title='bbox 1060 2069 1346 2124; x_wconf 85' lang='lat' dir='ltr'><strong>pollicebatur.</strong></span> <span class='ocrx_word' id='word_1_285' title='bbox 1412 2075 1423 2093; x_wconf 83' lang='lat'>‘</span> <span class='ocrx_word' id='word_1_286' title='bbox 1441 2069 1589 2110; x_wconf 87' lang='lat' dir='ltr'><strong>Enim-</strong></span> 
     </span>
     <span class='ocr_line' id='line_1_40' title="bbox 193 2125 1586 2183; baseline 0.001 -17"><span class='ocrx_word' id='word_1_287' title='bbox 193 2126 342 2175; x_wconf 85' lang='lat' dir='ltr'><strong>‘vero,’</strong></span> <span class='ocrx_word' id='word_1_288' title='bbox 365 2126 503 2181; x_wconf 87' lang='lat' dir='ltr'><strong>inquit</strong></span> <span class='ocrx_word' id='word_1_289' title='bbox 524 2125 682 2175; x_wconf 91' lang='lat' dir='ltr'><strong>consul,</strong></span> <span class='ocrx_word' id='word_1_290' title='bbox 707 2125 828 2166; x_wconf 82' lang='lat' dir='ltr'><strong>‘ferri</strong></span> <span class='ocrx_word' id='word_1_291' title='bbox 851 2126 932 2166; x_wconf 88' lang='lat' dir='ltr'><strong>iam</strong></span> <span class='ocrx_word' id='word_1_292' title='bbox 959 2125 1189 2167; x_wconf 85' lang='lat' dir='ltr'><strong>ludificatio</strong></span> <span class='ocrx_word' id='word_1_293' title='bbox 1212 2127 1289 2168; x_wconf 86' lang='lat' dir='ltr'><strong>ista</strong></span> <span class='ocrx_word' id='word_1_294' title='bbox 1319 2142 1405 2167; x_wconf 92' lang='lat' dir='ltr'><strong>non</strong></span> <span class='ocrx_word' id='word_1_295' title='bbox 1436 2135 1586 2183; x_wconf 88' lang='lat' dir='ltr'><strong>potest.</strong></span> 
     </span>
     <span class='ocr_line' id='line_1_41' title="bbox 192 2183 1589 2240; baseline 0.001 -16"><span class='ocrx_word' id='word_1_296' title='bbox 192 2183 371 2224; x_wconf 85' lang='lat' dir='ltr'><strong>‘Parum</strong></span> <span class='ocrx_word' id='word_1_297' title='bbox 407 2193 481 2232; x_wconf 87' lang='lat' dir='ltr'><strong>est,</strong></span> <span class='ocrx_word' id='word_1_298' title='bbox 516 2199 601 2224; x_wconf 92' lang='lat' dir='ltr'><strong>non</strong></span> <span class='ocrx_word' id='word_1_299' title='bbox 638 2183 851 2224; x_wconf 79' lang='lat' dir='ltr'><strong>erubuisse</strong></span> <span class='ocrx_word' id='word_1_300' title='bbox 888 2184 1117 2233; x_wconf 85' lang='lat' dir='ltr'><strong>absentem,</strong></span> <span class='ocrx_word' id='word_1_301' title='bbox 1153 2200 1284 2240; x_wconf 89' lang='lat' dir='ltr'><strong>quum</strong></span> <span class='ocrx_word' id='word_1_302' title='bbox 1320 2199 1396 2240; x_wconf 89' lang='lat' dir='ltr'><strong>per</strong></span> <span class='ocrx_word' id='word_1_303' title='bbox 1430 2184 1589 2240; x_wconf 79' lang='lat' dir='ltr'><strong>legatos</strong></span> 
     </span>
     <span class='ocr_line' id='line_1_42' title="bbox 193 2241 1589 2298; baseline 0.001 -17"><span class='ocrx_word' id='word_1_304' title='bbox 193 2241 472 2282; x_wconf 85' lang='lat' dir='ltr'><strong>‘frustrareris</strong></span> <span class='ocrx_word' id='word_1_305' title='bbox 503 2256 601 2281; x_wconf 88' lang='lat' dir='ltr'><strong>nos:</strong></span> <span class='ocrx_word' id='word_1_306' title='bbox 636 2256 833 2297; x_wconf 80' lang='lat' dir='ltr'><strong>praesens</strong></span> <span class='ocrx_word' id='word_1_307' title='bbox 864 2256 1034 2297; x_wconf 90' lang='lat' dir='ltr'><strong>quoque</strong></span> <span class='ocrx_word' id='word_1_308' title='bbox 1067 2241 1110 2282; x_wconf 91' lang='lat' dir='ltr'><strong>in</strong></span> <span class='ocrx_word' id='word_1_309' title='bbox 1143 2242 1291 2283; x_wconf 87' lang='lat' dir='ltr'><strong>eadem</strong></span> <span class='ocrx_word' id='word_1_310' title='bbox 1325 2242 1589 2298; x_wconf 85' lang='lat' dir='ltr'><strong>impudentia</strong></span> 
     </span>
     <span class='ocr_line' id='line_1_43' title="bbox 194 2299 1590 2356; baseline 0 -16"><span class='ocrx_word' id='word_1_311' title='bbox 194 2305 205 2323; x_wconf 88' lang='lat'>‘</span> <span class='ocrx_word' id='word_1_312' title='bbox 221 2308 389 2355; x_wconf 85' lang='lat' dir='ltr'><strong>perstas.</strong></span> <span class='ocrx_word' id='word_1_313' title='bbox 456 2299 659 2355; x_wconf 79' lang='lat' dir='ltr'><strong>Quinque</strong></span> <span class='ocrx_word' id='word_1_314' title='bbox 681 2307 724 2340; x_wconf 90' lang='lat' dir='ltr'><strong>et</strong></span> <span class='ocrx_word' id='word_1_315' title='bbox 740 2299 888 2355; x_wconf 77' lang='lat' dir='ltr'><strong>viginti</strong></span> <span class='ocrx_word' id='word_1_316' title='bbox 912 2299 1067 2340; x_wconf 87' lang='lat' dir='ltr'><strong>talenta</strong></span> <span class='ocrx_word' id='word_1_317' title='bbox 1089 2300 1356 2356; x_wconf 86' lang='lat' dir='ltr'><strong>tyrannidem</strong></span> <span class='ocrx_word' id='word_1_318' title='bbox 1380 2309 1495 2341; x_wconf 91' lang='lat' dir='ltr'><strong>tuam</strong></span> <span class='ocrx_word' id='word_1_319' title='bbox 1516 2315 1590 2341; x_wconf 84' lang='lat' dir='ltr'><strong>ex-</strong></span> 
     </span>
     <span class='ocr_line' id='line_1_44' title="bbox 193 2356 1588 2413; baseline 0.001 -16"><span class='ocrx_word' id='word_1_320' title='bbox 193 2363 204 2381; x_wconf 86' lang='lat'>‘</span> <span class='ocrx_word' id='word_1_321' title='bbox 220 2357 467 2398; x_wconf 80' lang='lat' dir='ltr'><strong>haurirent?</strong></span> <span class='ocrx_word' id='word_1_322' title='bbox 532 2356 778 2413; x_wconf 82' lang='lat' dir='ltr'><strong>Quingenta</strong></span> <span class='ocrx_word' id='word_1_323' title='bbox 799 2371 898 2411; x_wconf 76' lang='lat' dir='ltr'><strong>ergo</strong></span> <span class='ocrx_word' id='word_1_324' title='bbox 921 2356 1077 2398; x_wconf 89' lang='lat' dir='ltr'><strong>talenta</strong></span> <span class='ocrx_word' id='word_1_325' title='bbox 1101 2358 1181 2398; x_wconf 88' lang='lat' dir='ltr'><strong>nisi</strong></span> <span class='ocrx_word' id='word_1_326' title='bbox 1211 2357 1349 2398; x_wconf 87' lang='lat' dir='ltr'><strong>triduo</strong></span> <span class='ocrx_word' id='word_1_327' title='bbox 1381 2372 1588 2407; x_wconf 81' lang='lat' dir='ltr'><strong>numeraS,</strong></span> 
     </span>
     <span class='ocr_line' id='line_1_45' title="bbox 193 2414 1590 2471; baseline 0 -15"><span class='ocrx_word' id='word_1_328' title='bbox 193 2421 204 2438; x_wconf 87' lang='lat'>‘</span> <span class='ocrx_word' id='word_1_329' title='bbox 220 2415 536 2471; x_wconf 83' lang='lat' dir='ltr'><strong>populationem</strong></span> <span class='ocrx_word' id='word_1_330' title='bbox 559 2414 602 2454; x_wconf 93' lang='lat' dir='ltr'><strong>in</strong></span> <span class='ocrx_word' id='word_1_331' title='bbox 625 2414 745 2470; x_wconf 72' lang='lat' dir='ltr'><strong>agriS,</strong></span> <span class='ocrx_word' id='word_1_332' title='bbox 762 2414 1023 2455; x_wconf 85' lang='lat' dir='ltr'><strong>obsidionem</strong></span> <span class='ocrx_word' id='word_1_333' title='bbox 1041 2415 1081 2455; x_wconf 90' lang='lat' dir='ltr'><strong>in</strong></span> <span class='ocrx_word' id='word_1_334' title='bbox 1102 2415 1204 2456; x_wconf 88' lang='lat' dir='ltr'><strong>urbe</strong></span> <span class='ocrx_word' id='word_1_335' title='bbox 1222 2415 1445 2471; x_wconf 83' lang='lat' dir='ltr'><strong>exspecta.’</strong></span> <span class='ocrx_word' id='word_1_336' title='bbox 1496 2414 1590 2456; x_wconf 91' lang='lat' dir='ltr'><strong>Hac</strong></span> 
     </span>
     <span class='ocr_line' id='line_1_46' title="bbox 192 2472 1591 2529; baseline 0.001 -17"><span class='ocrx_word' id='word_1_337' title='bbox 192 2472 511 2514; x_wconf 83' lang='lat' dir='ltr'><strong>denuntiatione</strong></span> <span class='ocrx_word' id='word_1_338' title='bbox 544 2473 806 2522; x_wconf 82' lang='lat' dir='ltr'><strong>conterritus,</strong></span> <span class='ocrx_word' id='word_1_339' title='bbox 836 2481 1018 2528; x_wconf 86' lang='lat' dir='ltr'><strong>perstare</strong></span> <span class='ocrx_word' id='word_1_340' title='bbox 1052 2481 1193 2514; x_wconf 89' lang='lat' dir='ltr'><strong>tamen</strong></span> <span class='ocrx_word' id='word_1_341' title='bbox 1225 2473 1268 2514; x_wconf 93' lang='lat' dir='ltr'><strong>in</strong></span> <span class='ocrx_word' id='word_1_342' title='bbox 1299 2473 1506 2529; x_wconf 87' lang='lat' dir='ltr'><strong>pertinaci</strong></span> <span class='ocrx_word' id='word_1_343' title='bbox 1536 2473 1591 2513; x_wconf 84' lang='lat' dir='ltr'><strong>si-</strong></span> 
     </span>
    </p>
   </div>
   <div class='ocr_carea' id='block_1_10' title="bbox 193 2600 1592 2940">
    <p class='ocr_par' dir='ltr' id='par_1_11' title="bbox 193 2600 1592 2812">
     <span class='ocr_line' id='line_1_47' title="bbox 237 2600 1591 2641; baseline 0.001 -10"><span class='ocrx_word' id='word_1_344' title='bbox 237 2613 255 2638; x_wconf 87' lang='lat'><strong>4</strong></span> <span class='ocrx_word' id='word_1_345' title='bbox 274 2601 392 2638; x_wconf 64' lang='lat' dir='ltr'><strong>Indus]</strong></span> <span class='ocrx_word' id='word_1_346' title='bbox 413 2600 534 2631; x_wconf 78' lang='lat' dir='ltr'><strong>Rector</strong></span> <span class='ocrx_word' id='word_1_347' title='bbox 547 2600 677 2640; x_wconf 87' lang='lat' dir='ltr'><strong>quidem</strong></span> <span class='ocrx_word' id='word_1_348' title='bbox 692 2600 869 2640; x_wconf 80' lang='lat' dir='ltr'><strong>elephanti,</strong></span> <span class='ocrx_word' id='word_1_349' title='bbox 915 2600 1016 2632; x_wconf 86' lang='lat' dir='ltr'><strong>Suida</strong></span> <span class='ocrx_word' id='word_1_350' title='bbox 1034 2612 1060 2632; x_wconf 74' lang='lat' dir='ltr'><strong>V.</strong></span> <span class='ocrx_word' id='word_1_351' title='bbox 1078 2600 1271 2641; x_wconf 81' lang='grc' dir='ltr'>Στεφανικὸν</span> <span class='ocrx_word' id='word_1_352' title='bbox 1291 2602 1385 2631; x_wconf 83' lang='lat' dir='ltr'><strong>docet</strong></span> <span class='ocrx_word' id='word_1_353' title='bbox 1409 2611 1519 2631; x_wconf 82' lang='lat' dir='ltr'><strong>vocem</strong></span> <span class='ocrx_word' id='word_1_354' title='bbox 1544 2612 1591 2632; x_wconf 80' lang='lat' dir='ltr'><strong>co-</strong></span> 
     </span>
     <span class='ocr_line' id='line_1_48' title="bbox 193 2643 1591 2684; baseline 0.001 -11"><span class='ocrx_word' id='word_1_355' title='bbox 193 2644 233 2673; x_wconf 84' lang='lat' dir='ltr'><strong>ab</strong></span> <span class='ocrx_word' id='word_1_356' title='bbox 263 2643 377 2673; x_wconf 83' lang='lat' dir='ltr'><strong>Indico</strong></span> <span class='ocrx_word' id='word_1_357' title='bbox 405 2643 650 2682; x_wconf 81' lang='lat' dir='ltr'><strong>elephantorum</strong></span> <span class='ocrx_word' id='word_1_358' title='bbox 682 2654 797 2682; x_wconf 77' lang='lat' dir='ltr'><strong>genere</strong></span> <span class='ocrx_word' id='word_1_359' title='bbox 826 2644 871 2673; x_wconf 86' lang='lat' dir='ltr'><strong>ita</strong></span> <span class='ocrx_word' id='word_1_360' title='bbox 916 2655 1028 2674; x_wconf 75' lang='lat' dir='ltr'><strong>ronam</strong></span> <span class='ocrx_word' id='word_1_361' title='bbox 1045 2645 1220 2684; x_wconf 81' lang='lat' dir='ltr'><strong>aliquando</strong></span> <span class='ocrx_word' id='word_1_362' title='bbox 1240 2645 1419 2683; x_wconf 77' lang='lat' dir='ltr'><strong>significare</strong></span> <span class='ocrx_word' id='word_1_363' title='bbox 1435 2644 1591 2683; x_wconf 83' lang='lat' dir='ltr'><strong>quidquid</strong></span> 
     </span>
     <span class='ocr_line' id='line_1_49' title="bbox 194 2686 1591 2722; baseline 0 -6"><span class='ocrx_word' id='word_1_364' title='bbox 194 2687 311 2721; x_wconf 74' lang='lat' dir='ltr'><strong>dictus,</strong></span> <span class='ocrx_word' id='word_1_365' title='bbox 329 2686 403 2715; x_wconf 84' lang='lat' dir='ltr'><strong>licet</strong></span> <span class='ocrx_word' id='word_1_366' title='bbox 427 2686 528 2715; x_wconf 83' lang='lat' dir='ltr'><strong>Indus</strong></span> <span class='ocrx_word' id='word_1_367' title='bbox 549 2696 610 2715; x_wconf 89' lang='lat' dir='ltr'><strong>non</strong></span> <span class='ocrx_word' id='word_1_368' title='bbox 636 2690 727 2717; x_wconf 81' lang='lat' dir='ltr'><strong>esset.</strong></span> <span class='ocrx_word' id='word_1_369' title='bbox 774 2687 867 2717; x_wconf 89' lang='lat' dir='ltr'><strong>Simi-</strong></span> <span class='ocrx_word' id='word_1_370' title='bbox 913 2697 976 2716; x_wconf 92' lang='lat' dir='ltr'><strong>non</strong></span> <span class='ocrx_word' id='word_1_371' title='bbox 1005 2698 1043 2717; x_wconf 88' lang='lat' dir='ltr'><strong>ex</strong></span> <span class='ocrx_word' id='word_1_372' title='bbox 1071 2687 1181 2717; x_wconf 82' lang='lat' dir='ltr'><strong>tributi</strong></span> <span class='ocrx_word' id='word_1_373' title='bbox 1210 2687 1412 2722; x_wconf 69' lang='lat' dir='ltr'><strong>necessitate,</strong></span> <span class='ocrx_word' id='word_1_374' title='bbox 1439 2687 1493 2716; x_wconf 87' lang='lat' dir='ltr'><strong>sed</strong></span> <span class='ocrx_word' id='word_1_375' title='bbox 1521 2690 1591 2716; x_wconf 79' lang='lat' dir='ltr'><strong>tan-</strong></span> 
     </span>
     <span class='ocr_line' id='line_1_50' title="bbox 195 2728 1589 2768; baseline -0.001 -9"><span class='ocrx_word' id='word_1_376' title='bbox 195 2730 267 2759; x_wconf 86' lang='lat' dir='ltr'><strong>liter</strong></span> <span class='ocrx_word' id='word_1_377' title='bbox 284 2728 405 2758; x_wconf 82' lang='lat' dir='ltr'><strong>Achaei</strong></span> <span class='ocrx_word' id='word_1_378' title='bbox 428 2738 483 2767; x_wconf 82' lang='lat' dir='ltr'><strong>pro</strong></span> <span class='ocrx_word' id='word_1_379' title='bbox 499 2728 724 2766; x_wconf 81' lang='lat' dir='ltr'><strong>funditoribus,</strong></span> <span class='ocrx_word' id='word_1_380' title='bbox 742 2729 868 2768; x_wconf 83' lang='lat' dir='ltr'><strong>proprie</strong></span> <span class='ocrx_word' id='word_1_381' title='bbox 913 2740 1009 2768; x_wconf 83' lang='lat' dir='ltr'><strong>quam</strong></span> <span class='ocrx_word' id='word_1_382' title='bbox 1035 2740 1054 2759; x_wconf 80' lang='lat' dir='ltr'><strong>a</strong></span> <span class='ocrx_word' id='word_1_383' title='bbox 1076 2730 1257 2761; x_wconf 82' lang='lat' dir='ltr'><strong>volentibus</strong></span> <span class='ocrx_word' id='word_1_384' title='bbox 1282 2730 1422 2759; x_wconf 80' lang='lat' dir='ltr'><strong>muneris</strong></span> <span class='ocrx_word' id='word_1_385' title='bbox 1444 2729 1514 2758; x_wconf 84' lang='lat' dir='ltr'><strong>Ioco</strong></span> <span class='ocrx_word' id='word_1_386' title='bbox 1536 2729 1589 2758; x_wconf 83' lang='lat' dir='ltr'><strong>da-</strong></span> 
     </span>
     <span class='ocr_line' id='line_1_51' title="bbox 194 2770 1592 2812; baseline -0.002 -10"><span class='ocrx_word' id='word_1_387' title='bbox 194 2782 233 2802; x_wconf 82' lang='lat' dir='ltr'><strong>cx</strong></span> <span class='ocrx_word' id='word_1_388' title='bbox 251 2770 376 2801; x_wconf 76' lang='lat' dir='ltr'><strong>Achaia</strong></span> <span class='ocrx_word' id='word_1_389' title='bbox 392 2771 544 2807; x_wconf 77' lang='lat' dir='ltr'><strong>oriundis,</strong></span> <span class='ocrx_word' id='word_1_390' title='bbox 560 2771 630 2801; x_wconf 84' lang='lat' dir='ltr'><strong>infr.</strong></span> <span class='ocrx_word' id='word_1_391' title='bbox 649 2772 698 2809; x_wconf 82' lang='lat'><strong>38.</strong></span> <span class='ocrx_word' id='word_1_392' title='bbox 724 2772 810 2802; x_wconf 69' lang='lat' dir='ltr'><strong>er.</strong></span> <span class='ocrx_word' id='word_1_393' title='bbox 913 2776 1001 2802; x_wconf 84' lang='lat' dir='ltr'><strong>retur</strong></span> <span class='ocrx_word' id='word_1_394' title='bbox 1026 2773 1208 2812; x_wconf 87' lang='lat' dir='ltr'><strong>imperanti.</strong></span> <span class='ocrx_word' id='word_1_395' title='bbox 1258 2773 1435 2810; x_wconf 78' lang='lat' dir='ltr'><strong>Utcunque</strong></span> <span class='ocrx_word' id='word_1_396' title='bbox 1460 2771 1510 2808; x_wconf 74' lang='lat' dir='ltr'><strong>sit,</strong></span> <span class='ocrx_word' id='word_1_397' title='bbox 1536 2781 1592 2809; x_wconf 89' lang='lat' dir='ltr'><strong>per</strong></span> 
     </span>
    </p>

    <p class='ocr_par' dir='ltr' id='par_1_12' title="bbox 194 2813 1590 2940">
     <span class='ocr_line' id='line_1_52' title="bbox 238 2813 1589 2855; baseline -0.001 -12"><span class='ocrx_word' id='word_1_398' title='bbox 238 2822 254 2852; x_wconf 82' lang='lat'><strong>5</strong></span> <span class='ocrx_word' id='word_1_399' title='bbox 280 2816 325 2844; x_wconf 69' lang='lat' dir='ltr'><strong>Et</strong></span> <span class='ocrx_word' id='word_1_400' title='bbox 341 2824 489 2843; x_wconf 75' lang='lat' dir='ltr'><strong>coronam</strong></span> <span class='ocrx_word' id='word_1_401' title='bbox 505 2814 654 2851; x_wconf 77' lang='lat' dir='ltr'><strong>aureum]</strong></span> <span class='ocrx_word' id='word_1_402' title='bbox 681 2815 725 2843; x_wconf 81' lang='lat' dir='ltr'><strong>Et</strong></span> <span class='ocrx_word' id='word_1_403' title='bbox 740 2815 775 2843; x_wconf 76' lang='lat' dir='ltr'><strong>in</strong></span> <span class='ocrx_word' id='word_1_404' title='bbox 787 2825 871 2845; x_wconf 81' lang='lat' dir='ltr'><strong>coro·</strong></span> <span class='ocrx_word' id='word_1_405' title='bbox 918 2825 1028 2845; x_wconf 83' lang='lat' dir='ltr'><strong>vocem</strong></span> <span class='ocrx_word' id='word_1_406' title='bbox 1053 2817 1209 2846; x_wconf 77' lang='lat' dir='ltr'><strong>talentum</strong></span> <span class='ocrx_word' id='word_1_407' title='bbox 1231 2815 1353 2855; x_wconf 78' lang='lat' dir='ltr'><strong>argenti</strong></span> <span class='ocrx_word' id='word_1_408' title='bbox 1377 2825 1441 2844; x_wconf 83' lang='lat' dir='ltr'><strong>non</strong></span> <span class='ocrx_word' id='word_1_409' title='bbox 1458 2813 1526 2843; x_wconf 78' lang='lat' dir='ltr'><strong>auri</strong></span> <span class='ocrx_word' id='word_1_410' title='bbox 1545 2817 1589 2843; x_wconf 78' lang='lat' dir='ltr'><strong>ta-</strong></span> 
     </span>
     <span class='ocr_line' id='line_1_53' title="bbox 194 2855 1590 2897; baseline -0.002 -10"><span class='ocrx_word' id='word_1_411' title='bbox 194 2868 268 2887; x_wconf 78' lang='lat' dir='ltr'><strong>nam</strong></span> <span class='ocrx_word' id='word_1_412' title='bbox 287 2867 420 2887; x_wconf 73' lang='lat' dir='ltr'><strong>(tm-enm</strong></span> <span class='ocrx_word' id='word_1_413' title='bbox 444 2866 482 2885; x_wconf 83' lang='lat' dir='ltr'><strong>ex</strong></span> <span class='ocrx_word' id='word_1_414' title='bbox 500 2855 725 2886; x_wconf 84' lang='lat' dir='ltr'><strong>emendatione</strong></span> <span class='ocrx_word' id='word_1_415' title='bbox 742 2856 871 2887; x_wconf 87' lang='lat' dir='ltr'><strong>Gelenii</strong></span> <span class='ocrx_word' id='word_1_416' title='bbox 917 2858 1006 2888; x_wconf 81' lang='lat' dir='ltr'><strong>lenta</strong></span> <span class='ocrx_word' id='word_1_417' title='bbox 1034 2858 1246 2897; x_wconf 82' lang='lat' dir='ltr'><strong>intelligenda</strong></span> <span class='ocrx_word' id='word_1_418' title='bbox 1277 2862 1360 2887; x_wconf 87' lang='lat' dir='ltr'><strong>sunt.</strong></span> <span class='ocrx_word' id='word_1_419' title='bbox 1402 2857 1441 2886; x_wconf 83' lang='lat' dir='ltr'><strong>cf.</strong></span> <span class='ocrx_word' id='word_1_420' title='bbox 1476 2856 1590 2895; x_wconf 66' lang='lat' dir='ltr'><strong>Polyb.</strong></span> 
     </span>
     <span class='ocr_line' id='line_1_54' title="bbox 195 2898 1537 2940; baseline 0.001 -11"><span class='ocrx_word' id='word_1_421' title='bbox 195 2899 338 2939; x_wconf 81' lang='lat' dir='ltr'><strong>reposuit</strong></span> <span class='ocrx_word' id='word_1_422' title='bbox 360 2898 500 2929; x_wconf 82' lang='lat' dir='ltr'><strong>Bekker.</strong></span> <span class='ocrx_word' id='word_1_423' title='bbox 547 2898 611 2929; x_wconf 80' lang='lat' dir='ltr'><strong>Sed</strong></span> <span class='ocrx_word' id='word_1_424' title='bbox 628 2898 809 2930; x_wconf 80' lang='lat' dir='ltr'><strong>Crevierius</strong></span> <span class='ocrx_word' id='word_1_425' title='bbox 831 2910 870 2930; x_wconf 91' lang='lat' dir='ltr'><strong>ex</strong></span> <span class='ocrx_word' id='word_1_426' title='bbox 918 2900 1072 2939; x_wconf 85' lang='lat' dir='ltr'><strong>Excerpt.</strong></span> <span class='ocrx_word' id='word_1_427' title='bbox 1090 2901 1166 2940; x_wconf 82' lang='lat' dir='ltr'><strong>Leg.</strong></span> <span class='ocrx_word' id='word_1_428' title='bbox 1185 2909 1234 2939; x_wconf 82' lang='lat'><strong>30.</strong></span> <span class='ocrx_word' id='word_1_429' title='bbox 1257 2911 1342 2940; x_wconf 81' lang='lat' dir='ltr'><strong>supr.</strong></span> <span class='ocrx_word' id='word_1_430' title='bbox 1360 2898 1469 2929; x_wconf 80' lang='lat' dir='ltr'><strong>xxxvi.</strong></span> <span class='ocrx_word' id='word_1_431' title='bbox 1488 2906 1537 2936; x_wconf 82' lang='lat'><strong>35.</strong></span> 
     </span>
    </p>
   </div>
  </div>
 </body>
</html>
