1960 3218
354 142 438 180 424
872 135 1018 177 TITI
1059 134 1237 177 LIVII

151 236 196 268 U.
214 237 251 267 C.
275 229 460 277 569.alios
479 228 713 270 recordatio
734 227 973 284 ingentium
995 227 1238 269 meritorum
1270 234 1435 267 motura
1464 232 1585 274 esset,
1606 224 1752 281 procul

151 281 191 311 A.
216 280 254 311 C.
280 280 405 328 183·in
441 294 668 343 conspectu
704 301 801 327 eum
837 294 1084 327 statuerunt.
1148 284 1316 326 Deinde
1354 283 1505 340 raptim
1537 298 1590 323 ex
1623 282 1753 324 oculis

229 353 233 356 ⁴
361 345 581 387 hominum
614 345 917 394 abstraxerunt,
951 352 1141 400 praetore
1174 343 1402 383 Dinocrate
1436 341 1617 390 dicente,
1649 355 1752 390 esse,

363 419 470 459 quae
502 402 758 459 pertinentia
789 401 843 442 ad
875 416 1080 442 summam
1112 400 1211 442 belli
1243 399 1506 456 percunctari
1539 413 1634 439 eum
1667 413 1755 438 ma-

364 462 558 518 gistratus
587 459 755 501 vellent.
818 459 924 500 Inde
959 459 1139 500 abducto
1171 473 1221 499 eo
1254 458 1297 498 in
1331 457 1500 506 curiam,
1534 464 1576 497 et
1607 465 1753 497 senatu

218 520 284 559 50.
363 528 522 569 vocato,
550 517 775 559 consultari
805 526 1013 573 coeptum.
1076 516 1165 557 Iam
1198 515 1569 571 invesperascebat,
1596 522 1639 555 et
1668 529 1755 554 non

156 576 197 636 If*
213 577 333 606 subter-
365 577 491 618 modo
513 585 663 625 cetera,
689 575 762 616 sed
782 590 835 616 ne
858 575 902 615 in
926 574 1160 630 proximam
1183 573 1355 628 quidem
1376 581 1544 613 noctem
1567 572 1638 613 ubi
1659 571 1756 612 satis

155 629 343 692 {ffifflqndffi
366 644 458 677 tuto
489 633 780 682 custodiretur,
807 633 1100 688 expediebant.
1166 631 1482 686 Obstupuerant
1513 629 1566 670 ad
1596 629 1758 685 magni-

155 704 303 736 mittitur.
367 693 559 735 tudinem
584 691 784 748 pristinae
811 690 900 731 eius
920 688 1407 743 fortunae'virtutisque:
1441 696 1484 729 et
1510 702 1649 743 neque
1678 687 1758 743 ipsi

367 751 540 792 domum
562 749 746 805 recipere
769 747 1090 788 custodiendum
1114 746 1339 794 audebant,
1361 760 1440 786 nec
1461 746 1658 801 cuiquam
1683 744 1758 785 uni

367 807 600 850 custodiam
622 809 711 847 eius
732 807 828 847 satis
850 805 1087 846 credebant.
1135 803 1384 844 Admonent
1400 802 1554 843 deinde
1572 801 1757 858 quidam,

367 882 455 908 esse
479 865 721 906 thesaurum
743 863 958 920 publicum
980 863 1056 903 sub
1074 871 1195 912 terra,
1215 876 1313 902 saxo
1330 860 1534 917 quadrato
1555 868 1756 916 saeptum.
1774 883 1790 903 2

369 924 433 965 Eo
454 923 618 964 vinctus
640 922 888 970 demittitur,
911 929 953 962 et
981 935 1127 961 saxum
1156 920 1317 975 ingens,
1341 934 1425 975 quo
1451 917 1651 974 operitur,
1674 933 1762 958 ma-

368 982 494 1023 china
520 979 888 1036 superimpositum
919 986 991 1020 est.
1054 978 1120 1019 Ita
1149 977 1242 1018 loco
1269 976 1420 1033 potius,
1444 991 1571 1032 quam
1599 975 1762 1016 homini

369 1040 579 1095 cuiquam,
613 1037 866 1079 credendam
899 1036 1132 1078 custodiam
1168 1035 1260 1084 rati,
1294 1034 1430 1076 lucem
1467 1034 1760 1089 insequentem

370 1104 728 1153 exspectaverunt.
791 1095 964 1136 Postero
1000 1094 1068 1135 die
1109 1092 1336 1134 multitudo
1373 1091 1545 1149 quidem
1585 1092 1792 1147 integra,3

369 1169 530 1196 memor
559 1154 831 1210 pristinorum
864 1153 953 1193 eius
986 1152 1031 1192 in
1064 1151 1274 1192 civitatem
1308 1151 1566 1199 meritorum,
1588 1164 1763 1205 parcen-

370 1213 484 1262 dum,
522 1228 569 1253 ac
605 1227 680 1268 per
720 1226 817 1252 eum
857 1210 1043 1251 remedia
1079 1208 1320 1265 quaerenda
1356 1223 1444 1249 esse
1479 1207 1763 1264 praesentium

370 1271 589 1319 malorum,
607 1270 856 1311 censebant:
881 1268 1128 1309 defectionis
1149 1276 1354 1316 auctores,
1373 1281 1550 1322 quorum
1574 1265 1618 1305 in
1635 1280 1764 1306 manu

370 1328 605 1384 respublica
638 1337 738 1376 erat,
765 1327 809 1367 in
842 1334 1001 1367 secreto
1035 1324 1332 1374 consultantes,
1356 1338 1501 1375 omnes
1529 1322 1582 1363 ad
1614 1337 1762 1363 necem

372 1387 462 1427 eius
490 1385 832 1427 consentiebant:
867 1383 953 1433 sed,
978 1393 1118 1424 utrum
1151 1389 1421 1430 maturarent,
1451 1396 1504 1421 an
1531 1380 1761 1429 differrent,

161 1462 298 1492 Veneno
372 1444 672 1500 ambigebatur.
735 1441 852 1482 Vicit
882 1456 976 1497 pars
1009 1440 1168 1482 avidior
1199 1455 1373 1495 poenae,
1409 1439 1654 1494 missusque,
1689 1438 1796 1496 qui4

160 1505 296 1536 tollitur.
373 1517 584 1543 venenum
628 1500 765 1541 ferret.
830 1499 1019 1555 Accepto
1061 1498 1227 1554 poculo,
1271 1496 1377 1537 nihil
1420 1496 1534 1536 aliud
1576 1496 1763 1537 locutum

373 1560 525 1609 ferunt,
559 1574 685 1614 quam
717 1557 939 1613 quaesisse,
979 1556 1040 1597 ‘si
1071 1555 1293 1596 incolumis
1325 1554 1544 1611 Lycortas'
1576 1554 1630 1607 (is
1660 1552 1765 1596 alter

372 1618 601 1673 imperator
620 1616 888 1657 Achaeorum
906 1613 1013 1668 erat)
1037 1619 1048 1637 ⁶
1061 1613 1309 1669 equitesque
1328 1612 1601 1654 evasissent?
1643 1610 1766 1652 Post-

373 1691 499 1731 quam
526 1674 686 1715 dictum
719 1682 792 1722 est,
831 1672 1090 1713 ‘incolumes
1121 1687 1232 1720 esse3
1268 1670 1385 1712 Bene
1416 1670 1568 1719 habet,’
1598 1669 1764 1724 inquit3

373 1742 426 1783 et,
450 1732 601 1789 poculo
630 1730 839 1787 impavide
869 1730 1086 1778 exhausto,
1108 1729 1222 1769 haud
1253 1729 1310 1769 ita
1340 1727 1473 1769 multo
1503 1736 1597 1783 post
1628 1726 1767 1782 exspi-

372 1791 488 1832 ravit..
553 1789 654 1830 Non
689 1789 937 1829 diuturnum
978 1787 1121 1828 mortis
1162 1787 1252 1827 eius
1291 1785 1492 1841 gaudium
1528 1784 1766 1826 auctoribus

374 1847 632 1890 crudelitatis
660 1847 750 1888 fuit.
814 1845 938 1886 Victa
969 1859 1151 1900 namque
1175 1843 1370 1884 Messene
1399 1842 1507 1883 bello
1536 1856 1767 1898 exposcen-

375 1907 486 1948 tibus
522 1905 703 1947 Achaeis
739 1904 887 1944 noxios
923 1902 1098 1952 dedidit,
1134 1917 1307 1957 ossaque
1343 1900 1509 1942 reddita
1540 1899 1768 1955 Philopoe-

375 1964 509 2005 menis
537 1971 659 2004 sunt:
694 1972 737 2003 et
764 1961 950 2017 sepultus
979 1961 1030 2001 ab
1056 1960 1248 2000 universo
1272 1958 1459 2000 Achaico
1488 1966 1550 1999 est
1575 1957 1798 2006 concilio,5

376 2022 481 2063 adeo
509 2021 702 2062 omnibus
735 2019 930 2060 humanis
962 2018 1168 2074 congestis
1200 2017 1440 2066 honoribus,
1463 2025 1510 2057 ut
1536 2031 1589 2057 ne
1616 2015 1768 2055 divinis

166 2095 247 2124 Tres
262 2093 350 2123 nobi-
378 2080 550 2136 quidem
600 2078 889 2120 abstineretur.
965 2076 1035 2117 Ab
1085 2075 1354 2131 scriptoribus
1404 2089 1542 2115 rerum
1596 2072 1768 2114 Graecis

164 2138 210 2167 108
229 2137 337 2196 impp.
380 2138 626 2192 Latinisque
669 2144 830 2177 tantum
872 2134 970 2175 huic
1006 2134 1094 2174 viro
1130 2132 1338 2182 tribuitur,
1375 2141 1422 2173 ut
1458 2147 1482 2172 a
1517 2130 1768 2187 quibusdam

166 2184 293 2210 mmtm.
379 2211 536 2244 eorum,
571 2194 686 2235 velut
719 2193 772 2234 ad
807 2193 1015 2248 insignem
1052 2199 1194 2232 notam
1233 2190 1357 2231 huius
1393 2190 1505 2239 anni,
1543 2188 1767 2230 memoriae

377 2253 621 2294 mandatum
650 2252 714 2301 sit,
742 2260 824 2292 tres
851 2250 982 2291 claros
1009 2250 1280 2306 imperatores
1308 2263 1357 2289 eo
1388 2263 1498 2288 anno
1529 2245 1766 2294 decessisse,

378 2311 766 2367 Philopoemenem,
806 2307 1104 2357 Hannibalem,
1146 2307 1193 2347 P.
1229 2306 1480 2362 Scipionem.
1558 2303 1683 2344 Adeo
1722 2302 1767 2342 in

376 2385 510 2425 aequo
536 2383 632 2409 eum
659 2367 836 2407 duarum
861 2365 1244 2422 potentissimarum
1272 2363 1462 2420 gentium
1491 2360 1662 2402 summis
1690 2360 1769 2400 im-

377 2427 636 2481 peratoribus
662 2433 902 2480 posuerunt.

230 2493 296 2531 51,
435 2484 506 2524 Ad
544 2483 735 2523 Prusiam
771 2497 913 2537 regem
949 2481 1110 2536 legatus
1152 2479 1202 2520 T.
1241 2477 1466 2526 Quinctius
1507 2475 1768 2517 Flamininus

422 2617 436 2636 ‘2
464 2607 679 2643 'Flam-aurum]
707 2606 760 2635 Ita
773 2605 947 2634 vocabatur
963 2604 1049 2641 apud
1096 2602 1135 2632 cf.
1152 2611 1236 2640 supr.
1255 2600 1297 2630 ix.
1315 2599 1364 2638 46.

381 2649 556 2680 Messenios
571 2650 659 2678 locus
671 2647 801 2686 quidam
815 2648 1051 2681 subterranerw,
1138 2655 1157 2680 4
1181 2645 1244 2680 Qui
1270 2654 1422 2673 venenum
1437 2643 1562 2681 ferret]
1589 2643 1768 2674 Confirmat

378 2694 421 2722 ita
432 2693 599 2731 depressus
611 2695 643 2721 ct
655 2688 884 2725 communitus,
897 2693 932 2718 ut
946 2698 1049 2726 neque
1094 2687 1155 2716 hoc
1187 2685 1344 2724 Polybius
1373 2686 1405 2715 in
1437 2686 1591 2725 Excerpt.
1618 2684 1767 2715 vatican.

378 2736 431 2765 lux
450 2734 535 2771 soli&
552 2744 655 2773 neque
673 2732 802 2771 spiritus
822 2741 919 2761 aurae.
941 2742 978 2759 eo
997 2740 1049 2769 pc-
1094 2729 1180 2759 xxiv.
1198 2741 1227 2767 4.

377 2782 499 2808 netrare
522 2780 637 2817 posset.
666 2776 704 2805 cf.
730 2774 894 2804 Plutarch.
916 2773 945 2803 iu
971 2773 1046 2803 l‘hi-
1138 2780 1154 2811 5
1179 2772 1349 2811 Sepultus]
1384 2771 1570 2806 Solennem,
1599 2780 1663 2809 qua
1691 2769 1766 2799 Phi-

378 2822 514 2860 lopoem.
1091 2815 1259 2854 lopoenicn
1271 2815 1375 2844 clatus
1387 2818 1445 2851 est,
1457 2823 1609 2852 pompam
1622 2812 1720 2842 fusius
1734 2811 1766 2841 in

419 2873 435 2901 3
462 2863 641 2893 nsnlliludo
664 2861 789 2901 quidem
814 2859 958 2897 ‘ime-qm]
994 2859 1048 2888 Sa·
1094 2858 1161 2888 eius
1176 2857 1237 2887 vita
1255 2857 1421 2897 descripsit
1437 2856 1639 2886 Plutarchus.
1658 2855 1766 2885 Dona.

377 2917 435 2936 nae
452 2905 578 2939 mentis,
596 2916 657 2935 non
679 2906 827 2942 corrupta
845 2901 1047 2933 factionibus.
