1960 3218
368 156 449 193 332
883 150 1031 195 TITI
1069 151 1250 195 LIVII

161 254 206 286 U.
223 255 261 287 C.
284 254 356 293 563·
369 243 479 284 iusso
500 258 596 284 cum
618 244 767 285 ceteris
788 244 918 300 copiis
939 245 1151 300 subsequi,
1173 242 1467 285 commendata
1497 240 1547 282 iis
1577 239 1768 281 custodia

159 297 200 328 A.
224 299 262 329 C.
288 298 356 338 ¹89·
370 300 579 356 Pergami,
614 316 719 357 quos
753 301 870 342 fratri
905 317 1121 358 regnoque
1163 301 1268 342 fidos
1309 300 1518 342 credebat.
1591 297 1766 346 Consul,

228 593 291 631 13.

160 1116 342 1147 Maeander

159 1163 191 1189 et
208 1159 321 1190 Celae-

159 1212 230 1234 nae.

160 1400 309 1439 Marsyas

159 1452 273 1474 amnis.

370 358 607 399 collaudato
629 360 794 409 iuvene,
810 374 907 400 cum
924 360 1118 400 omnibus
1140 359 1271 415 copiis
1291 358 1345 399 ad
1368 355 1650 398 Maeandrum
1672 370 1768 411 pro-

369 431 546 472 gressus,
570 425 701 457 castra
729 417 880 473 posuit,
904 417 1003 473 quia
1031 417 1136 458 vado
1168 416 1355 472 superari
1388 414 1522 456 amnis
1555 428 1641 454 non
1674 421 1768 469 pot-

370 484 471 524 erat,
494 484 537 515 et
561 474 873 515 contrahendae
903 490 1029 515 naves
1060 483 1179 515 erant
1210 473 1263 515 ad
1294 473 1526 514 exercitum
1558 470 1769 512 traiicien-

371 531 485 572 dum.
551 532 817 587 Transgressi
840 532 1123 573 Maeandrum
1155 531 1207 572 ad
1237 530 1399 572 Hieran
1425 529 1589 571 Comen
1621 541 1800 584 perve-8

371 597 537 630 nerunt.
601 589 762 630 Fanum
786 590 843 630 ibi
866 598 1088 645 augustum
1115 588 1325 645 Apollinis
1347 597 1389 629 et
1410 587 1647 629 oraculum:
1683 600 1770 626 sor-

372 656 434 688 tes
467 647 653 687 versibus
686 647 799 687 haud
832 647 1059 688 inconditis
1096 646 1194 687 dare
1230 655 1344 686 vates
1377 645 1586 686 dicuntur.
1652 642 1768 684 Hinc

371 705 511 745 alteris
532 705 673 745 castris
695 705 748 745 ad
771 704 1009 760 Harpasum
1040 704 1199 745 flumen
1221 712 1395 744 ventum
1417 712 1501 743 est:
1537 717 1620 757 quo
1643 700 1769 756 legati

372 762 423 803 ab
448 761 681 803 Alabandis
702 772 923 811 venerunt,
951 771 998 802 ut
1027 761 1256 810 castellum,
1280 760 1396 816 quod
1426 760 1477 801 ab
1509 759 1608 815 ipsis
1634 773 1770 814 nuper

372 819 582 868 descisset,
611 827 684 860 aut
716 820 976 868 auctoritate,
1006 828 1078 860 aut
1109 818 1246 865 armis,
1275 826 1444 873 cogeret
1476 817 1567 857 iura
1597 816 1770 871 antiqua

372 877 472 932 pati.
536 876 700 917 Eodem
721 885 764 918 et
786 877 1045 925 Athenaeus,
1071 875 1275 917 Eumenis
1296 884 1339 916 et
1366 874 1497 915 Attali
1518 874 1656 922 frater,
1672 888 1768 914 cum

375 934 571 975 Cretensi
594 934 734 975 Leuso
756 943 799 975 et
818 933 1005 990 Corrago
1028 933 1266 974 BIacedone
1287 932 1414 973 venit.
1463 931 1585 972 Mille
1607 930 1770 986 pedites

371 992 598 1033 mixtarum
628 992 820 1048 gentium
842 1001 884 1033 et
906 1001 1116 1033 trecentos
1137 991 1301 1047 equites
1321 1004 1464 1031 secum
1486 989 1766 1030 adduxerunt.

375 1049 550 1099 Consul,
574 1050 742 1091 tribuno
768 1049 951 1091 militum
980 1050 1104 1090 misso
1133 1064 1228 1090 cum
1262 1047 1428 1089 modica
1458 1062 1598 1095 manu,
1622 1045 1770 1087 castel-

370 1106 458 1148 lum
480 1107 520 1148 vi
542 1117 712 1164 captum
734 1107 1103 1149 Alabandensibus
1134 1105 1284 1147 reddit,
1347 1105 1456 1161 Ipse,
1479 1104 1582 1145 nihil
1612 1104 1678 1145 via.
1705 1103 1770 1144 di-

370 1180 549 1221 gressuS,
579 1165 632 1206 ad
661 1165 935 1206 Antiochiam
967 1180 1092 1221 super
1117 1163 1399 1205 Maeandrum
1430 1177 1597 1204 amnem
1628 1161 1770 1218 posuit

372 1232 514 1264 castra.
580 1222 721 1264 Huius
752 1223 886 1264 amnis
908 1223 1042 1264 fontes
1067 1221 1264 1263 Celaenis
1285 1221 1488 1261 oriuntur.
1555 1219 1767 1260 Celaenae

372 1281 471 1322 urbs
492 1290 618 1337 caput
640 1280 854 1336 quondam
877 1280 1086 1337 Phrygiae
1111 1280 1201 1320 fuit.
1265 1278 1499 1334 Migratum
1531 1277 1629 1317 inde
1655 1276 1770 1317 haud

371 1338 515 1394 procul
538 1339 749 1379 veteribus
774 1338 983 1387 Celaenis,
1007 1352 1224 1392 novaeque
1252 1337 1343 1377 urbi
1366 1336 1581 1392 Apameae
1612 1349 1768 1375 nomen

372 1396 555 1437 inditum
596 1397 647 1437 ab
685 1396 864 1452 Apama,
907 1410 1045 1436 sorore
1086 1394 1252 1436 Seleuci
1293 1394 1412 1449 regis.
1485 1392 1541 1433 Et
1579 1392 1800 1448 Marsyas9

372 1454 518 1503 amnis,
549 1453 662 1494 haud
692 1453 838 1509 procul
867 1469 890 1494 a
923 1452 1145 1494 Maeandri
1176 1452 1361 1492 fontibus
1393 1450 1543 1499 oriens,
1573 1450 1618 1490 in
1647 1449 1769 1491 Mae-

372 1511 551 1552 andrum
580 1511 714 1552 eadit:
748 1511 943 1566 famaque
976 1511 1034 1551 ita
1062 1518 1189 1559 tenet,
1216 1508 1413 1550 Celaenis
1436 1507 1650 1564 Marsyam
1672 1522 1769 1548 cum

374 1569 574 1624 Apolline
624 1569 819 1609 tibiarum
860 1577 988 1609 cantu
1029 1577 1216 1609 certasse.
1292 1565 1539 1615 Maeander,
1581 1580 1635 1606 ex
1675 1579 1768 1606 arce

371 1642 534 1667 summa
559 1626 840 1667 Celaenarum
873 1635 1001 1676 ortus,
1031 1626 1171 1666 media
1198 1624 1300 1665 urbe
1330 1624 1567 1672 decurrens,
1590 1637 1665 1679 per
1687 1623 1770 1664 Ca-

371 1699 435 1724 ras
459 1684 655 1740 primum,
680 1683 835 1725 deinde
859 1683 994 1733 Ionas,
1018 1684 1061 1724 in
1083 1683 1221 1723 sinum
1245 1682 1368 1722 maris
1389 1681 1541 1730 editur,
1565 1680 1638 1737 qui
1659 1680 1770 1721 inter

371 1741 556 1782 Prienen
578 1751 621 1782 et
643 1741 842 1782 Miletum
864 1750 936 1782 est.
1001 1741 1073 1782 Ad
1098 1739 1370 1781 Antiochiam
1400 1739 1444 1779 in
1465 1748 1598 1779 castra
1618 1753 1770 1779 consu-

371 1798 421 1839 lis
446 1798 658 1848 Seleucus,
683 1799 888 1839 Antiochi
909 1798 1031 1848 filius,
1055 1814 1108 1839 ex
1129 1797 1297 1838 foedere
1328 1798 1412 1837 icto
1434 1811 1530 1837 cum
1556 1795 1766 1851 Scipione,

371 1856 425 1897 ad
445 1856 703 1897 frumentum
733 1856 935 1897 exercitui
958 1855 1145 1896 dandum
1168 1854 1292 1896 venit.
1356 1854 1491 1894 Parva
1519 1853 1767 1909 disceptatio

372 1913 425 1954 de
448 1913 584 1954 Attali
605 1913 876 1955 auxiliaribus
898 1921 987 1954 orta
1009 1921 1093 1962 est3
1127 1912 1255 1968 quod,
1281 1912 1474 1953 Romano
1497 1919 1661 1951 tantum
1690 1910 1768 1950 mi-

372 1971 448 2020 liti,
481 1980 649 2027 pactum
683 1971 958 2020 Antiochum,
990 1979 1035 2012 ut
1064 1970 1233 2011 daretur
1265 1970 1537 2018 frumentum,
1568 1967 1768 2009 Seleucus

372 2028 549 2070 (licebat.
614 2029 814 2070 Discussa
841 2044 890 2070 ea
918 2044 1088 2084 quoque
1121 2036 1183 2068 est
1211 2026 1445 2069 constantia
1475 2025 1670 2075 consulis,
1693 2025 1768 2081 qui

371 2085 542 2127 dimisso
565 2087 734 2127 tribuno
756 2086 902 2136 edixit,
919 2102 971 2127 ne
989 2085 1171 2127 Romani
1194 2085 1348 2126 milites
1365 2083 1615 2139 acciperent,
1633 2083 1768 2139 prius·
1784 2101 1796 2122 1

373 2159 499 2199 quam
534 2143 667 2185 Attali
704 2144 861 2185 auxilia
891 2144 1160 2200 accepissent.
1224 2142 1330 2183 Inde
1362 2142 1416 2183 ad
1450 2140 1798 2189 Gordiutichos,2

373 2201 488 2257 quod
515 2211 680 2251 vocant,
711 2216 951 2257 processum
982 2210 1054 2242 est.
1119 2200 1186 2241 Ex
1207 2216 1257 2241 eo
1285 2200 1376 2240 loco
1399 2199 1451 2240 ad
1474 2199 1612 2239 Tabas
1635 2198 1767 2239 tertiis

373 2259 515 2299 eastris
543 2268 804 2315 perventum.
867 2258 919 2299 In
950 2259 1104 2300 finibus
1133 2258 1370 2298 Pisidarum
1401 2256 1535 2312 posita
1565 2264 1627 2296 est
1655 2255 1765 2304 urbs,

372 2316 415 2355 in
451 2331 500 2357 ea
531 2325 661 2372 parte,
689 2331 796 2371 quae
822 2316 956 2371 vergit
986 2316 1040 2356 ad
1068 2314 1367 2370 Pamphylium
1399 2329 1524 2354 mare.
1588 2312 1798 2368 Integris3

372 2373 528 2414 viribus
559 2374 741 2429 regionis
769 2374 871 2422 eius,
900 2373 1059 2414 feroces
1091 2372 1144 2413 ad
1174 2371 1414 2413 bellandum
1444 2370 1624 2411 habebat
1645 2370 1764 2411 viros.

375 2429 487 2470 Tum
509 2446 679 2487 quoque
701 2431 877 2486 equites,
900 2431 945 2470 in
967 2445 1118 2486 agmen
1141 2430 1382 2470 Romanum
1404 2427 1623 2483 eruptione
1645 2427 1765 2477 faeta,

416 2530 435 2557 8
455 2531 584 2560 Hieran
599 2531 730 2569 Ροηιετη]
752 2530 848 2570 Ἱερὰν
864 2530 978 2568 κώμην,
992 2541 1046 2569 op-
1139 2540 1149 2559 1
1177 2530 1316 2559 Dimisso
1333 2529 1478 2566 tribuno]
1501 2529 1564 2558 Per
1580 2528 1720 2567 legiones
1736 2534 1768 2559 et

374 2572 485 2610 pidum
506 2573 639 2611 Lydiae,
654 2583 717 2602 non
732 2574 824 2612 longe
841 2584 859 2602 a
872 2573 1047 2612 Thintyriffi
1093 2582 1225 2611 corpora
1241 2570 1409 2601 exercitus,
1435 2570 1586 2601 Gnoxov.

375 2615 459 2653 quod
500 2615 688 2653 posteriores
721 2615 891 2654 scriptores
930 2616 1045 2645 Hiero·
1136 2624 1151 2643 2
1178 2614 1412 2649 (ae'orfliuliclms,
1437 2615 1521 2653 quod
1548 2615 1678 2651 vocant]
1713 2613 1767 2644 Sic

375 2667 556 2686 caesaream
595 2657 775 2687 nominasse
809 2658 966 2687 videntur.
1006 2657 1045 2687 ef.
1092 2656 1275 2686 emendavit
1292 2656 1484 2686 Gronovius.
1533 2656 1627 2686 Prius
1643 2656 1767 2695 legeba-

376 2699 552 2737 Sehweigh.
569 2700 609 2729 1111
629 2700 743 2738 Polyb.
761 2699 825 2729 xvi.
847 2709 871 2730 1.
1090 2703 1154 2733 tur,
1178 2710 1254 2738 quos
1281 2703 1415 2729 'voc-ant:
1452 2699 1546 2729 male.
1594 2699 1653 2729 Est
1681 2698 1766 2728 enim

418 2752 437 2782 9
461 2744 485 2771 Α
495 2743 511 2770 Ι)
528 2743 668 2780 Apama,
683 2753 789 2772 sorore
805 2743 947 2779 Seleuci]
973 2742 1047 2771 Imo
1092 2740 1215 2779 Γορδίου
1231 2741 1349 2778 τεῖχος,
1365 2740 1452 2770 urbis
1473 2751 1603 2778 nomen,
1626 2751 1688 2771 non
1712 2751 1766 2780 po-

377 2795 475 2814 uxore
501 2784 640 2820 Seleuci,
665 2784 731 2814 tilia
757 2784 918 2819 Artabazi,
946 2788 1047 2813 matre
1093 2784 1170 2824 puli.
1197 2785 1303 2814 Cluev.

379 2826 530 2856 Antiochi
555 2826 685 2863 Soteris,
711 2826 764 2865 qui
790 2826 936 2856 eonditor
965 2826 1049 2856 urbis
1137 2835 1154 2864 3
1178 2827 1319 2865 [ntem-is
1351 2827 1489 2864 viribus]
1532 2825 1633 2863 Olim,
1664 2835 1765 2865 quum

377 2870 541 2907 Apameae
556 2868 626 2899 fnit.
661 2869 753 2899 Ilaec
770 2872 905 2899 testatur
922 2869 1048 2906 Strabo,
1093 2868 1233 2908 integrae
1252 2868 1331 2899 vires
1347 2872 1461 2900 0330111.
1488 2869 1595 2900 Cnuv.

376 2911 427 2941 xii.
447 2922 475 2951 p.
496 2912 565 2950 578.
589 2911 697 2942 Cnsv.
