1960 3218
144 240 190 272 U.
208 241 246 273 C.
269 248 340 283 559.

144 284 183 316 A.
209 285 247 316 C.
272 293 340 326 193.

152 1455 285 1487 Liberat
298 1465 349 1485 ex-

151 1498 289 1529 ercitum

153 1541 351 1572 Romanum.

223 1792 286 1830 12.

156 1848 347 1878 Aetolorum

155 1890 348 1920 molitiones.

163 2552 190 2583 C
195 2551 338 2583 oncitant

163 2605 252 2634 reges
267 2595 307 2625 ad

164 2637 287 2668 bellum

165 2678 364 2711 Romanum.

355 143 437 182 190
871 136 1019 178 TITI
1062 134 1241 177 LIVII

355 236 480 271 ‘cum
517 229 602 270 suis
638 237 898 284 erupturum.
977 226 1166 268 Tantum
1207 226 1270 267 uti
1310 225 1482 275 diceret,
1524 234 1619 266 utra
1657 240 1751 281 pars

356 287 644 343 ‘frequentior
663 286 765 327 vicis
786 294 921 327 esset:
955 285 1000 326 in
1035 300 1106 326 eos
1137 299 1179 325 se
1209 284 1413 340 impetum
1441 283 1675 324 facturum:
1709 291 1753 324 et

356 345 491 387 ‘nihil
518 345 634 401 prius
655 359 783 401 quam
808 344 1019 384 flammam
1048 342 1168 384 tectis
1196 342 1463 390 iniecturum,
1486 350 1533 381 ut
1561 340 1594 381 is
1623 355 1753 396 pavor

356 410 554 460 ‘cogeret
575 403 755 459 Ligures
785 401 990 443 excedere
1019 400 1140 449 saltu,
1164 415 1290 456 quem
1323 399 1575 448 obsiderent,
1599 407 1641 439 et
1669 398 1753 439 dis-

357 467 368 486 ‘
385 476 549 503 currere
572 461 625 501 ad
647 475 771 516 opem
792 458 1009 500 ferendam
1031 458 1142 499 suis.'
1205 456 1503 498 Collaudatum
1532 471 1630 497 eum
1653 471 1754 497 con-

355 519 420 561 sul
441 535 513 575 spe
534 519 815 575 praemiorum
838 525 995 558 onerat.
1060 515 1274 556 Numidae
1297 530 1428 571 equos
1449 513 1752 563 conscendunt,

355 587 399 619 et
439 577 684 633 obequitare
722 574 971 616 stationibus
1006 574 1204 622 hostium,
1241 573 1456 614 neminem
1492 572 1752 621 lacessentes,

356 643 598 691 coeperunt.
662 633 785 674 Nihil
811 632 947 688 primo
976 640 1147 687 aspectu
1178 630 1471 686 contemptius.
1536 629 1649 685 Equi
1678 629 1755 670 ho-

358 693 577 748 minesque
599 690 775 747 paulluli
803 699 845 731 et
865 690 1039 746 graciles
1057 705 1065 730 :
1100 689 1328 730 discinctus
1350 697 1392 728 et
1419 688 1588 728 inermis
1610 702 1752 742 eques,
1768 701 1785 722 2

356 759 653 806 praeterquam
685 748 800 804 quod
830 747 965 789 iacula
995 762 1137 788 secum
1168 755 1333 802 portat:
1369 746 1467 801 equi
1495 745 1583 786 sine
1612 744 1753 794 frenis,

356 808 556 849 deformis
577 807 664 864 ipse
694 821 838 847 cursus
869 805 1004 861 rigida
1034 805 1193 846 cervice
1224 813 1266 844 et
1294 811 1467 844 extento
1496 802 1631 858 eapite
1661 817 1756 843 cur-

357 866 554 907 rentium.
620 863 750 905 Hunc
783 872 1073 918 contemptum
1105 862 1157 902 de
1190 861 1395 902 industria
1425 868 1639 916 augentes,
1671 859 1756 901 labi

357 939 413 965 ex
446 923 578 979 equis,
613 930 656 963 et
687 937 762 978 per
793 920 1023 961 ludibrium
1056 918 1294 974 spectaculo
1327 933 1427 959 esse.
1490 917 1653 973 Itaque,
1682 917 1757 973 qui

359 982 494 1038 primo
535 980 689 1021 intenti
728 979 959 1035 paratique,
1002 978 1036 1018 si
1076 977 1390 1025 lacesserentur,
1428 975 1473 1016 in
1509 975 1758 1016 stationibus

357 1039 536 1087 fuerant,
560 1038 643 1079 iam
666 1038 845 1078 inermes
866 1036 1145 1091 sedentesque
1174 1049 1268 1090 pars
1297 1033 1479 1074 maxima
1500 1033 1755 1089 spectabant.

361 1096 575 1137 Numidae
613 1095 870 1150 adequitare,
908 1094 1009 1134 dein
1048 1093 1252 1148 refugere,
1290 1091 1365 1132 sed
1399 1091 1570 1147 propius
1606 1090 1758 1131 saltum

359 1154 576 1211 paullatim
609 1153 754 1194 evehi:
790 1152 907 1193 velut
938 1166 1043 1207 quos
1074 1151 1328 1206 impotentes
1358 1148 1532 1205 regendi
1563 1148 1662 1204 equi
1694 1148 1788 1193 in-3

360 1212 466 1253 vitos
488 1212 696 1253 efferrent.
760 1209 979 1251 Postremo
1005 1208 1183 1249 subditis
1211 1207 1440 1248 calcaribus
1469 1205 1758 1247 intermedias

361 1270 560 1311 stationes
593 1269 777 1309 hostium
811 1282 1013 1324 erupere:
1053 1275 1107 1315 et,
1138 1266 1182 1305 in
1215 1280 1360 1321 agrum
1388 1264 1579 1306 latiorem
1610 1263 1757 1313 evecti,

362 1327 503 1369 omnia
529 1327 768 1383 propinqua
795 1326 885 1366 viae
918 1334 1030 1366 tecta
1062 1323 1308 1364 incendunt.
1372 1322 1573 1363 Proximo
1603 1321 1758 1362 deinde

361 1386 454 1426 vico
486 1385 673 1426 inferunt
705 1384 860 1439 ignem,
895 1382 1004 1423 ferro
1040 1382 1292 1436 flammaque
1330 1380 1471 1420 omnia
1506 1387 1756 1435 pervastant.

363 1443 521 1484 Fumus
551 1442 687 1498 primo
718 1449 977 1497 conspectus,
1008 1439 1163 1480 deinde
1195 1438 1351 1479 clamor
1382 1437 1683 1493 trepidantium
1715 1437 1761 1477 in

363 1501 464 1542 vicis
495 1500 674 1548 auditus,
706 1508 918 1555 postremo
951 1497 1134 1538 seniores
1166 1496 1371 1552 puerique
1405 1495 1660 1551 refugientes
1694 1504 1760 1535 tu-

366 1558 546 1599 multum
587 1557 631 1597 in
672 1557 815 1598 castris
851 1556 1054 1596 fecerunt.
1118 1553 1267 1609 Itaque
1310 1554 1399 1593 sine
1441 1553 1627 1601 consilio,
1669 1552 1759 1593 sine

363 1616 552 1672 imperio,
576 1630 651 1671 pro
679 1630 722 1655 se
751 1614 929 1669 quisque
959 1627 1124 1653 currere
1153 1612 1206 1652 ad
1235 1626 1309 1651 sua
1334 1610 1535 1651 tutanda:
1571 1625 1761 1650 momen-

365 1683 492 1729 toque
521 1672 720 1728 temporis
749 1680 882 1713 castra
911 1670 1057 1711 relicta
1087 1678 1219 1718 erant,
1242 1678 1285 1710 et
1317 1668 1533 1709 obsidione
1562 1667 1761 1708 liberatus

365 1731 523 1781 consul,
547 1746 632 1786 quo
654 1729 907 1778 intenderat,
929 1728 1132 1784 pervenit.

427 1789 513 1830 Sed
544 1803 682 1843 neque
716 1787 824 1836 Boii,
856 1801 994 1841 neque
1028 1784 1223 1840 Hispani,
1255 1799 1352 1825 cum
1383 1784 1535 1839 quibus
1568 1798 1618 1824 eo
1651 1798 1762 1824 anno

367 1846 567 1888 bellatum
589 1854 691 1894 erat,
715 1853 799 1885 tam
821 1844 978 1884 inimici
1006 1842 1231 1898 infestique
1254 1850 1373 1882 erant
1396 1841 1612 1889 Romanis,
1635 1855 1762 1896 quam
1777 1855 1796 1881 4

368 1903 619 1946 Aetolorum
648 1918 761 1959 gens
826 1901 862 1942 Ii
891 1910 985 1957 post
1009 1901 1250 1956 deportatos
1278 1914 1330 1939 ex
1355 1897 1535 1939 Graecia
1555 1898 1764 1939 exercitus

367 1962 503 2018 primo
536 1962 580 2001 in
613 1976 685 2017 spe
719 1959 898 2008 fuerant,
928 1968 970 2000 et
992 1957 1256 2000 Antiochum
1288 1956 1333 1996 in
1365 1971 1537 1996 vacuam
1568 1954 1762 2011 Europae

368 2019 671 2076 possessionem
702 2026 954 2065 venturum3
995 2031 1073 2057 nec
1106 2015 1366 2070 Philippum,
1398 2022 1470 2054 aut
1501 2012 1645 2054 Nabin
1671 2013 1765 2067 qui-

369 2086 520 2118 eturos.
586 2076 674 2117 Ubi
714 2075 821 2115 nihil
861 2089 1039 2130 usquam
1079 2074 1237 2114 moveri
1272 2072 1482 2121 viderunt,
1519 2070 1765 2126 agitandum

369 2135 531 2190 aliquid
552 2133 899 2188 miscendumque
922 2132 1012 2181 rati,
1036 2147 1089 2172 ne
1111 2129 1350 2172 cunctando
1379 2137 1646 2170 senescerent
1666 2143 1766 2169 con-

371 2192 473 2241 silia,
496 2191 721 2233 concilium
745 2190 1013 2246 Naupactum
1036 2187 1292 2229 indixerunt.
1356 2186 1421 2227 Ibi
1439 2186 1580 2227 Thoas
1601 2194 1767 2242 praetor

371 2265 529 2298 eorum,
558 2259 812 2304 conquestus
843 2247 1015 2288 iniurias
1043 2246 1332 2287 Romanorum
1365 2252 1603 2299 statumque
1634 2243 1766 2284 Aeto-

370 2306 463 2357 liae,
488 2313 499 2331 ‘
515 2307 630 2363 quod
656 2307 844 2347 omnium
870 2304 1073 2346 Graeciae
1095 2303 1285 2359 gentium
1307 2302 1622 2356 civitatiumque
1645 2300 1767 2341 inho-

373 2364 652 2406 ‘noratissimi
683 2373 778 2420 post
813 2378 905 2404 eam
942 2362 1156 2403 victoriam
1189 2368 1338 2408 essent,
1376 2359 1494 2400 cuius
1529 2373 1653 2399 causa
1687 2357 1766 2413 ipsi

373 2422 601 2471 ‘fuissent,'
632 2421 789 2477 legatos
822 2420 985 2461 censuit
1017 2419 1126 2460 circa
1158 2433 1277 2473 reges
1310 2415 1549 2464 mittendos,
1579 2415 1652 2471 qui
1680 2429 1766 2455 non

372 2480 505 2521 solum
530 2487 742 2520 tentarent
771 2478 931 2519 animos
957 2491 1115 2525 eorum,
1139 2475 1213 2516 sed
1242 2475 1326 2515 suis
1347 2488 1559 2529 quemque
1588 2472 1768 2513 stimulis

374 2545 591 2578 moverent
623 2536 676 2576 ad
711 2535 952 2576 Romanum
987 2533 1155 2574 bellum.
1219 2531 1489 2572 Democritus
1522 2529 1575 2570 ad
1609 2529 1766 2578 Nabim,

376 2594 594 2635 Nicander
629 2593 682 2634 ad
714 2592 974 2647 Philippum,
1011 2590 1295 2631 Dicaearchus
1325 2588 1451 2628 frater
1485 2587 1686 2644 praetoris
1716 2586 1770 2628 ad

422 2772 438 2792 2
462 2762 628 2799 I'aulluli]
656 2759 796 2791 Parvuli.
829 2759 868 2790 cf.
885 2768 970 2798 supr.
988 2756 1049 2789 viii.
1095 2756 1190 2797 gcudi
1207 2757 1248 2787 ub
1264 2756 1354 2795 equis
1370 2755 1461 2786 inriti
1474 2755 1670 2786 efferrentur.
1693 2755 1755 2786 Cn.

382 2815 392 2835 1
404 2815 428 2836 1.
1140 2812 1158 2838 4
1179 2801 1252 2830 Tam
1270 2800 1392 2830 inimici
1409 2797 1597 2838 infestique]
1617 2799 1692 2828 Tam
1708 2797 1769 2828 ini-

421 2857 438 2886 3
458 2847 549 2878 Velut
565 2847 658 2887 quos]
683 2845 786 2881 Quasi
799 2845 994 2884 impotentes
1007 2854 1051 2873 re·
1097 2844 1174 2874 mice
1190 2843 1301 2881 infesti
1317 2842 1457 2882 reposuit
1474 2841 1615 2872 Bekker.
