1960 3218
574 162 701 206 LIB.
736 161 959 206 XXXIX.
1005 163 1152 207 CAP.
1191 168 1255 208 19.
1524 167 1608 208 395

204 257 216 277 ‘
231 260 274 294 et
294 252 460 310 piaculo
481 268 524 295 se
544 253 590 295 id
610 254 804 295 omittere
835 269 969 310 posse,
992 255 1107 312 apud
1136 264 1376 312 praetorem
1397 255 1610 298 urbanum
1625 265 1670 298 U.
1687 265 1726 298 C.
1750 264 1824 306 566·

204 316 217 335 ‘
232 311 510 368 profiteretur,
528 320 696 368 praetor
716 320 909 353 senatum
931 312 1180 355 consuleret.
1230 313 1275 355 Si
1296 314 1336 356 ei
1356 314 1609 370 permissum
1623 309 1663 341 Α·
1689 309 1728 341 C.
1753 307 1825 340 186.

205 374 353 419 ‘esset,
377 385 509 426 quum
543 369 587 410 in
619 378 768 411 senatu
799 378 971 411 centum
1004 385 1091 412 non
1123 371 1264 413 minus
1295 380 1448 422 essent,
1474 372 1535 414 ita
1564 370 1611 413 id

205 432 396 468 ‘sacrum
430 427 599 476 faceret,
634 426 737 468 dum
773 442 827 468 ne
869 426 964 482 plus
1000 427 1191 484 quinque
1233 429 1436 471 sacrificio
1478 430 1611 470 inter-

206 489 217 508 ‘
234 493 384 535 essent,
407 500 492 526 neu
513 500 597 541 qua
623 485 807 541 ,pecunia
828 486 1078 536 communis,
1101 501 1188 527 neu
1209 487 1305 543 quis
1327 487 1526 543 magister
1546 502 1611 528 sa-

206 548 412 592 ‘crorum,
437 551 509 584 aut
538 542 731 584 sacerdos
756 542 890 584 esset.’
921 551 926 554 ’
950 542 1085 584 Aliud
1114 543 1271 586 deinde
1303 544 1403 586 huic
1432 545 1611 586 coniun-

204 609 332 649 ctum,
348 600 554 641 referente
573 600 626 648 Q.
640 600 804 641 Marcio
822 600 1007 650 consule,
1023 602 1433 643 senatusconsultum
1451 602 1611 643 facturn

204 667 280 707 est,
305 663 316 681 ⁶
332 657 394 699 Ut
414 658 467 699 de
490 658 551 708 iis,
575 674 680 714 quos
708 674 784 715 pro
812 658 1023 700 indicibus
1049 660 1242 701 consules
1262 661 1521 710 habuissent,
1546 660 1612 700 in-

206 721 352 771 ‘tegra
391 731 457 757 res
493 716 547 757 ad
582 726 774 757 senatum
811 716 1049 766 referretur,
1087 732 1222 773 quum
1256 717 1326 774 Sp.
1351 717 1609 767 Postumius,

206 774 551 829 ‘quaestionibus
581 773 790 830 perfectis,
814 773 998 815 Romam
1026 774 1228 817 redisset?
1289 775 1478 816 Minium
1505 774 1611 816 Cer-

204 831 360 872 rinium
386 831 655 888 Campanum
678 831 866 873 Ardeam
889 832 933 872 in
955 832 1124 874 vincula
1153 833 1411 875 mittendum
1435 848 1611 875 censue-

204 898 316 939 runt,
341 889 735 946 magistratibusque
760 889 1010 931 Ardeatium
1032 891 1378 947 praedicendum,
1403 900 1449 932 ut
1470 891 1610 932 inten-

206 947 312 988 tiore
346 963 444 988 eum
480 947 671 988 custodia
706 957 988 997 asservarent3
1022 964 1107 989 non
1137 949 1273 990 solum
1304 965 1357 991 ne
1390 950 1607 1005 effugeret,

206 1004 281 1046 sed
301 1020 355 1046 ne
379 1005 522 1046 mortis
541 1005 866 1046 consciscendae
887 1005 1028 1046 locum
1050 1006 1235 1048 haberet.

206 1062 424 1118 aliquanto
445 1072 540 1119 post
564 1063 744 1104 Romam
766 1063 894 1104 venit.

206 1128 250 1161 et
272 1119 472 1176 Hispalae
496 1120 701 1162 Feceniae
733 1121 933 1177 praemio,
957 1121 1073 1177 quod
1098 1138 1244 1164 eorum
1266 1138 1394 1179 opera
1424 1122 1610 1164 indicata

208 1177 490 1219 Bacchanalia
520 1187 670 1229 essent,
694 1179 1104 1221 senatusconsultum
1125 1181 1283 1222 factum
1305 1189 1380 1230 est,
1406 1186 1418 1204 ‘
1436 1180 1498 1222 Ut
1525 1180 1611 1221 sin-

209 1236 342 1292 ‘gulis
362 1236 427 1277 his
448 1245 629 1278 centena
659 1236 789 1277 millia
810 1237 915 1277 aeris
939 1246 1180 1292 quaestores
1204 1238 1353 1279 urbani
1376 1254 1429 1279 ex
1452 1238 1611 1280 aerario

210 1294 396 1335 ‘darent.
461 1294 624 1350 Utique
646 1293 793 1335 consul
814 1309 910 1334 cum
936 1294 1113 1336 tribunis
1143 1296 1278 1352 plebis
1300 1305 1455 1352 ageret,
1479 1305 1526 1337 ut
1558 1296 1613 1337 ad

210 1351 402 1408 ‘plebem
443 1352 578 1408 primo
615 1367 785 1407 quoque
827 1360 1015 1408 tempore
1056 1353 1227 1403 ferrent,
1267 1362 1314 1394 ut
1351 1353 1397 1395 P.
1424 1354 1612 1395 Aebutio

176 1419 195 1450 8
211 1415 222 1434 ‘
236 1409 411 1451 emerita
441 1409 651 1466 stipendia
671 1418 822 1458 essent,
845 1425 899 1450 ne
922 1410 1078 1451 invitus
1100 1411 1312 1460 militaret,
1336 1426 1442 1452 neve
1465 1426 1614 1452 censor

211 1468 275 1509 ‘ei
297 1483 455 1524 equum
486 1467 703 1523 publicum
734 1467 974 1523 assignaret.
1041 1468 1204 1525 Utique
1228 1469 1433 1510 Feceniae
1460 1468 1615 1525 Hispa-

176 1525 298 1569 9‘lae
332 1526 460 1575 datio,
495 1525 744 1575 deminutio,
777 1525 916 1581 gentis
949 1527 1138 1582 enuptio,
1174 1527 1324 1568 tutoris
1358 1528 1475 1584 optio
1511 1527 1612 1568 item

253 1647 272 1677 8
295 1648 387 1678 Neve
407 1657 517 1677 censor
537 1647 566 1677 εὶ
589 1656 706 1687 equum
720 1646 885 1685 publicum

211 1691 408 1729 assiquaret]
436 1689 560 1719 Mirum
583 1688 681 1719 videri
705 1688 805 1728 possit
826 1688 887 1717 hoc

211 1733 279 1762 dari
299 1732 439 1762 Aebutio
463 1731 596 1771 praemii
619 1733 702 1769 loco,
719 1741 758 1761 ne
776 1740 888 1761 censor

211 1775 240 1805 ei
257 1785 375 1814 equum
395 1774 561 1814 publicum
578 1775 763 1813 assignaret,
780 1774 812 1804 id
828 1777 886 1810 est,

211 1828 284 1848 eum
304 1818 336 1848 in
356 1818 503 1848 ordinem
523 1822 704 1856 equestrem
723 1817 888 1856 allegeret.

212 1860 305 1891 Nihil
322 1861 411 1891 aliud
427 1860 581 1900 suspicari
598 1870 780 1900 possumus,
792 1869 889 1898 quam

212 1903 351 1934 voluisse
376 1904 501 1940 Patres,
526 1914 566 1933 ne
591 1903 723 1933 omnino
747 1902 889 1932 Aebutio

211 1946 351 1976 militare
378 1946 479 1976 invito
506 1956 635 1977 necesse
663 1949 754 1976 esset.
801 1944 890 1980 Quia

212 1993 334 2026 autem,
347 1989 464 2029 quibus
477 1999 578 2028 equus
592 1988 741 2028 publicus
753 1988 890 2027 assigna-

212 2036 265 2062 tus
284 2036 364 2069 erat,
380 2032 401 2062 ii
418 2032 579 2062 debebant
598 2031 758 2071 stipendia
774 2031 891 2068 facere,

213 2078 245 2105 et
264 2079 443 2113 equestrem
466 2074 615 2104 militiam
640 2073 812 2112 suscipere,
829 2073 891 2102 hoc

214 2117 261 2147 illi
275 2127 366 2154 onus,
379 2117 585 2157 splendidum
600 2117 687 2153 licet,
700 2119 890 2155 exemptum

214 2160 317 2190 voluit
333 2164 471 2190 senatus.
497 2160 603 2191 Crffiv.

258 2213 277 2244 9
300 2204 411 2239 Datio,
427 2204 613 2240 deminutio,
626 2203 731 2241 ‚flentis
743 2202 887 2240 enuptio,

215 2247 330 2276 tutoris
350 2246 451 2285 optio]
486 2245 584 2275 Hunc
612 2245 718 2275 locum
745 2243 888 2283 explicat

215 2289 316 2319 Turn.
334 2289 466 2319 Advers.
488 2298 564 2317 xxx.
588 2295 637 2326 25.
659 2287 690 2317 in
715 2287 801 2317 hunc
824 2287 889 2316 fcre

215 2332 358 2363 modum.
391 2331 588 2361 Decernitur
602 2330 891 2365 senatusconsulto,

215 2378 252 2404 ut
271 2374 430 2414 Hispalae
451 2374 500 2403 ius
522 2377 604 2404 esset
626 2372 724 2403 dandi
746 2376 778 2402 et
799 2371 891 2401 ‹limi-

215 2417 350 2454 nuendi,
365 2418 451 2456 quod
467 2420 525 2454 est,
541 2417 582 2446 de
603 2427 660 2446 suo
682 2415 810 2455 peculio
833 2415 891 2444 lar-

215 2459 373 2499 giendi,et
384 2459 666 2489 diminuemlarum
679 2459 889 2488 fortunarum.

218 2502 317 2538 Quod
346 2502 437 2533 addit
465 2502 576 2532 Livius
600 2502 709 2532 datam
735 2501 763 2530 ei
788 2500 892 2540 gentis

217 2544 438 2584 enuptionem,
463 2545 692 2584 interpretatur
720 2544 891 2575 Turnebus

217 2587 266 2617 ius
290 2587 318 2617 ei
343 2588 468 2622 datum,
488 2591 525 2617 ut
550 2587 622 2617 aliis
646 2597 743 2626 quam
770 2586 892 2616 libertis

217 2630 265 2660 sui
295 2630 434 2669 patroni,
460 2634 516 2660 aut
542 2629 646 2669 gentis
673 2640 711 2660 ex
743 2640 808 2668 qua
836 2638 890 2667 pa-

217 2677 329 2703 tronus
365 2676 444 2710 erat,
483 2677 588 2712 posset
625 2673 755 2703 nubere.
802 2672 892 2702 Gens

217 2715 303 2746 enim
323 2715 520 2751 libertorum,
536 2715 640 2753 inquit
655 2713 835 2745 Gronovius
851 2715 891 2744 ad

218 2759 304 2789 hunc
326 2758 446 2794 locum,
462 2768 525 2787 non
548 2761 616 2788 erat
635 2757 699 2788 alia
717 2767 813 2796 quam
836 2767 889 2796 pa-

217 2800 312 2837 troni,
338 2811 358 2831 a
384 2811 447 2839 quo
474 2810 591 2830 nomen
618 2799 832 2839 accipiebant,
859 2803 891 2829 et

217 2843 359 2877 eiusdem
383 2843 488 2883 gentis
512 2852 628 2872 novam
653 2842 809 2872 familiam
834 2843 890 2872 hu-

217 2887 376 2917 miliorem
388 2885 603 2917 ordiebantur.
629 2884 780 2924 Denique
791 2895 889 2924 quum

932 1648 1073 1676 tutorem
1090 1645 1162 1683 sibi,
1175 1647 1440 1686 quandoquidem
1457 1647 1525 1678 sine
1537 1658 1612 1678 auc-

932 1691 1000 1718 tore
1028 1688 1109 1719 nihil
1137 1700 1230 1728 agere
1257 1690 1345 1729 apud
1375 1691 1543 1720 Romanos
1568 1691 1612 1721 fe-

932 1731 1039 1761 minae
1063 1736 1224 1771 poterant,
1241 1742 1337 1771 quem
1360 1733 1458 1763 vellet
1482 1733 1612 1773 legeret.

934 1773 985 1804 Ex
1006 1774 1066 1804 hac
1088 1775 1302 1814 expositione,
1319 1786 1414 1814 quam
1438 1786 1565 1806 summa
1583 1776 1612 1807 vi

934 1820 1044 1847 tuetur
1082 1817 1278 1855 Gronovius,
1315 1823 1502 1857 sequeretur
1539 1829 1612 1849 eam

935 1859 1031 1890 fuisse
1050 1860 1228 1899 antiquitus
1249 1861 1438 1891 libertorum
1457 1861 1612 1891 conditio-

935 1913 1022 1939 nem,
1040 1907 1076 1933 ut
1093 1902 1174 1933 nihil
1191 1904 1230 1933 de
1252 1903 1316 1933 suis
1335 1903 1427 1934 bonis
1443 1904 1613 1935 detrahere

935 1950 1077 1984 possent,
1102 1946 1162 1976 nisi
1188 1956 1227 1976 ex
1255 1947 1448 1977 auctoritate
1474 1947 1612 1986 patroni,

937 1992 972 2018 ut
988 1989 1081 2019 nulla
1097 1992 1226 2028 possent
1247 1989 1378 2028 iungere
1394 1990 1612 2027 matrimonia,

937 2031 996 2061 nisi
1019 2042 1093 2061 eum
1119 2031 1242 2061 libertis
1267 2032 1336 2062 eius
1359 2032 1463 2072 gentis
1485 2043 1525 2062 ex
1549 2043 1613 2071 qua

937 2077 1004 2103 erat
1042 2078 1204 2113 patronus.
1253 2074 1439 2113 Utrumque
1478 2075 1612 2114 probare

935 2117 1118 2155 aggreditur
1145 2117 1340 2154 Gronovius,
1367 2118 1422 2147 sed
1453 2117 1491 2147 iis
1520 2127 1611 2157 argu·

936 2158 1064 2196 mentis,
1075 2169 1157 2198 quae
1174 2169 1240 2189 rem
1254 2159 1385 2190 fortasse
1398 2161 1611 2199 probabilem,

934 2211 998 2231 non
1022 2206 1131 2232 tamen
1156 2202 1287 2232 omnino
1313 2207 1433 2233 certam
1457 2213 1494 2232 ac
1519 2203 1611 2242 liqui-

934 2244 1007 2274 dam
1022 2245 1176 2275 efficiunt.
1210 2245 1334 2275 Rursus
1347 2245 1378 2275 id
1392 2246 1512 2282 turbat,
1524 2246 1611 2285 quod

935 2287 1086 2324 Fecenia,
1116 2291 1243 2317 mortuo
1282 2292 1430 2327 patrono,
1460 2287 1523 2318 iam
1562 2292 1611 2318 tu-

937 2334 1038 2360 torem
1055 2340 1074 2360 a
1092 2334 1236 2369 praetore
1259 2334 1291 2360 et
1312 2330 1448 2360 tribunis
1465 2330 1612 2370 petierat,

939 2372 1002 2402 iam
1015 2376 1244 2403 testamentum
1259 2373 1388 2404 fecerat.
1422 2373 1517 2404 Unde
1530 2373 1612 2404 nihil

937 2415 965 2445 ei
990 2413 1065 2445 iuris
1088 2415 1212 2445 videtur
1234 2415 1287 2445 hic
1310 2426 1329 2445 a
1350 2419 1463 2446 senatu
1486 2416 1612 2453 datum,

936 2458 1022 2497 quod
1039 2468 1102 2487 non
1119 2457 1183 2487 iam
1202 2458 1347 2494 haberet,
1364 2462 1491 2497 praeter
1508 2458 1612 2498 gentis

936 2501 1156 2540 enuptionem.
1214 2501 1405 2541 Respondet
1429 2501 1613 2532 Gronovius

936 2543 1019 2573 hanc
1043 2543 1139 2573 fuisse
1164 2547 1306 2574 mentem
1329 2544 1612 2581 senatusconsulti,

936 2590 972 2616 ut
1000 2586 1141 2616 Fecenia
1168 2586 1315 2625 ingenuis
1341 2587 1531 2618 mulieribus
1558 2598 1611 2617 ex-

936 2633 1138 2667 aequaretur,
1154 2640 1191 2660 ac
1209 2631 1306 2669 plane
1327 2640 1384 2669 pro
1400 2629 1541 2669 ingenua
1556 2630 1611 2660 ha-

936 2672 1073 2702 beretur.
1121 2672 1229 2702 Morte
1256 2677 1365 2702 autem
1398 2672 1524 2711 patroni
1552 2672 1611 2702 etsi

937 2714 1093 2753 acquisita
1121 2715 1181 2753 ipsi
1208 2715 1333 2745 fuerant
1360 2715 1417 2745 illa
1442 2715 1522 2752 iura,
1547 2725 1611 2744 non

936 2761 1044 2787 tamen
1075 2757 1197 2788 abolita
1224 2758 1329 2788 fuerat
1359 2758 1489 2787 macula
1519 2757 1611 2788 liber-

936 2799 1022 2830 tinae
1051 2800 1252 2831 conditionis.
1301 2800 1379 2830 Ideo
1405 2804 1535 2829 cautum
1565 2803 1613 2830 est

935 2843 1227 2879 senatusconsulto,
1257 2846 1304 2879 ut,
1334 2843 1420 2881 quod
1454 2845 1530 2872 ante
1563 2842 1612 2872 ius

935 2885 1127 2924 acquisitum
1145 2890 1212 2915 erat
1227 2885 1386 2924 Hispalae
1404 2894 1460 2924 per
1476 2888 1611 2914 mortem

215 2930 310 2962 datur
332 2929 360 2960 ei
385 2928 500 2959 tutoris
520 2928 622 2968 optio,
642 2927 835 2965 decernitur,
851 2931 886 2957 ut
932 2927 1071 2967 patroni,
1087 2938 1187 2967 quum
1205 2931 1350 2958 maneret
1367 2926 1507 2958 libertini
1525 2927 1612 2959 ordi-

795 3055 801 3058 >
817 3054 839 3064 ο

1692 547 1758 586 19.

1285 1007 1354 1063 Sp.
1366 1007 1608 1048 Postumius
1623 1014 1778 1064 Indicum

959 1063 1023 1105 Eo
1044 1065 1265 1114 referente,
1289 1065 1342 1106 de
1365 1065 1412 1106 P.
1432 1064 1608 1106 Aebutii
1622 1068 1779 1099 praemra.
