1960 3218
516 162 643 205 LIB.
684 162 926 205 XXXVII.
972 163 1119 206 CAP.
1154 168 1220 206 31.
1487 167 1566 208 291

134 264 266 295 8men
293 251 481 294 hostibus
507 253 652 294 terrori
684 253 814 303 fuere,
837 268 946 309 quae
968 253 1086 309 ignes
1113 269 1213 310 prae
1245 269 1287 296 se
1317 255 1563 311 portabant:
1583 267 1626 299 U.
1644 268 1683 299 C.
1706 268 1779 308 562.

166 318 222 359 et,
242 309 357 365 quod
380 325 510 351 unum
532 311 582 351 iis
603 310 657 352 ad
673 310 931 351 Panormum
953 311 1249 353 circumventis
1270 313 1392 354 saluti
1414 313 1562 364 fuerat,
1579 311 1618 342 A.
1644 311 1682 342 C·
1708 321 1777 352 ¹90·

166 366 210 407 id
246 376 336 408 tum
377 368 607 409 maximum
645 376 907 409 momentum
944 368 997 410 ad
1030 369 1248 411 victoriam
1283 370 1373 412 fuit.
1450 371 1563 412 Nam

165 434 282 466 metu
317 425 425 480 ignis
460 425 622 467 adversi
655 425 793 482 regiae
830 441 969 476 naves,
1002 441 1055 468 ne
1091 442 1215 483 prora
1249 438 1561 479 concurrerent,

164 497 298 538 quum
326 482 618 533 declinassent,
650 498 790 539 neque
819 484 932 540 ipsae
960 484 1082 526 ferire
1116 493 1248 526 rostro
1277 485 1440 527 hostem
1469 495 1563 543 pot·-

165 548 296 589 erant,
320 548 362 581 et
382 539 572 596 obliquas
601 557 643 582 se
670 541 783 597 ipsae
813 541 866 582 ad
897 542 1004 583 ictus
1032 542 1311 598 praebebant:
1346 552 1399 593 et,
1423 544 1457 585 si
1479 560 1563 600 qua

164 606 444 647 concurrerat,
474 599 728 640 obruebatur
756 599 894 640 infuso
927 599 1040 656 igni3
1080 601 1295 657 magisque
1329 601 1383 642 ad
1416 602 1562 643 incen-

163 655 295 705 dium,
319 662 445 712 qu'am
477 656 530 697 ad
561 656 781 712 proelium,
804 657 1081 714 trepidabant.
1144 658 1380 700 Plurimum
1405 667 1559 710 tamen,

163 728 270 769 quae
296 713 414 763 solet,
444 713 625 755 militum
651 714 783 755 virtus
811 715 855 755 in
883 715 993 756 bello
1018 715 1159 757 valuit.
1224 716 1415 758 lNIediam
1442 733 1561 758 nam-

162 786 245 826 que
280 771 411 812 aciem
442 771 627 813 hostium
663 772 849 813 Romani
877 788 1009 829 quum
1040 773 1262 829 rupissent,
1289 775 1562 817 circumvecti

161 829 212 869 ab
245 837 362 885 tergo
393 830 680 885 pugnantibus
707 830 903 871 adversus
935 831 1131 872 Rhodios
1162 832 1286 888 regiis
1322 848 1411 874 sese
1445 833 1560 874 obie-

161 901 278 928 cere:
314 897 614 943 momentoque
648 888 847 943 temporis
880 897 923 929 et
955 889 1094 930 media
1127 889 1236 931 acies
1269 890 1487 940 Antiochi,
1517 899 1560 932 et

160 943 279 985 laevo
301 945 345 985 in
371 960 498 985 cornu
530 946 838 986 circumventae
870 961 996 987 naves
1022 947 1331 1002 mergebantur.
1395 949 1560 990 Dextra
1573 961 1719 994 Vincunt

160 1016 255 1058 pars
276 1003 451 1058 integra,
475 1003 681 1044 sociorum
703 1003 835 1059 magis
856 1004 987 1053 clade,
1006 1020 1133 1060 quam
1155 1020 1230 1046 suo
1252 1006 1452 1062 periculo,
1477 1016 1559 1048 ter·
1573 1006 1728 1037 Romani.

160 1060 339 1101 rebatur.
406 1060 623 1110 Ceterum,
658 1070 881 1117 postquam
913 1062 1015 1103 alias
1046 1062 1363 1113 circumventas,
1394 1074 1559 1120 praeto-

162 1118 263 1159 riam
298 1133 447 1159 navem
478 1118 780 1175 Polyxenidae,
811 1119 966 1160 relictis
1000 1120 1133 1169 sociis,
1169 1120 1261 1162 vela
1295 1121 1466 1163 dantem
1497 1123 1560 1163 vi-

128 1193 148 1224 9
161 1175 273 1225 dere,
290 1176 461 1217 sublatis
482 1177 633 1232 raptim
651 1176 874 1218 dolonibus
891 1177 953 1229 (et
975 1186 1064 1218 erat
1085 1179 1295 1220 secundus
1316 1181 1559 1235 petentibus

162 1232 378 1289 Ephesum
421 1234 590 1288 ventus)
631 1243 854 1290 capessunt
888 1235 1043 1291 fugam,
1078 1236 1357 1293 quadraginta
1396 1238 1559 1280 duabus

159 1292 334 1332 navibus
356 1292 399 1332 in
422 1307 471 1333 ea
491 1307 635 1348 pugna
656 1292 838 1341 amissis;
873 1309 1051 1348 quarum
1074 1294 1221 1335 decem
1244 1303 1286 1335 et
1308 1304 1391 1336 tres
1412 1305 1558 1352 captae

158 1348 203 1388 in
234 1358 485 1405 potestatem
511 1349 693 1390 hostium
717 1359 937 1400 venerunt,
960 1360 1123 1392 ceterae
1152 1352 1348 1394 incensae
1381 1363 1453 1394 aut
1484 1354 1560 1395 de-

159 1420 331 1448 mersae.
397 1407 686 1448 Romanorum
710 1407 818 1449 duae
851 1424 977 1449 naves
1003 1408 1156 1450 fractae
1183 1419 1292 1460 sunt,
1315 1411 1557 1453 vulneratae

158 1463 329 1520 aliquot.
395 1465 566 1506 Rhodia
587 1481 672 1506 una
692 1475 814 1521 capta
835 1467 1096 1508 memorabili
1119 1483 1228 1509 casu.
1284 1468 1409 1519 Nam,
1426 1485 1558 1526 quum

158 1531 290 1563 rostro
317 1523 588 1579 percussisset
620 1523 835 1564 Sidoniam
864 1539 1028 1574 navem,
1054 1540 1218 1575 ancora,
1249 1526 1337 1568 ictu
1369 1527 1458 1582 ipso
1485 1543 1559 1569 ex-

159 1594 278 1620 cussa
306 1596 328 1622 e
358 1596 463 1622 nave
496 1597 582 1631 sua,
616 1597 725 1622 unco
757 1581 898 1631 dente,
921 1582 1036 1623 velut
1068 1598 1195 1624 manu
1226 1584 1360 1625 ferrea
1390 1585 1557 1635 iniecta,

131 1654 142 1674 1
159 1637 342 1693 alligavit
370 1638 539 1680 alterius
570 1654 757 1695 proram:
793 1639 891 1680 inde
919 1640 1103 1681 tumultu
1133 1641 1300 1691 iniecto,
1325 1658 1470 1699 quum,
1494 1643 1559 1684 di-

157 1695 310 1736 vellere
343 1711 385 1738 se
417 1697 468 1738 ab
497 1697 615 1738 hoste
645 1697 876 1753 cupientes,
909 1697 1151 1740 inhiberent
1179 1698 1353 1750 Rhodii,
1379 1710 1558 1742 tractum

158 1753 348 1795 ancorale
377 1762 419 1795 et
449 1754 700 1811 implicitum
722 1755 859 1805 remis,
883 1754 990 1796 latus
1011 1755 1187 1797 alterum
1211 1757 1406 1800 detersit:
1442 1759 1560 1800 debi-

157 1810 317 1853 litatam
348 1827 397 1853 ea
427 1812 528 1868 ipsa,
556 1828 662 1868 quae
696 1813 779 1854 icta
811 1813 1065 1863 cohaeserat,
1101 1815 1239 1855 navim
1273 1816 1397 1872 cepit.
1462 1816 1559 1858 Hoc

157 1870 338 1910 maxime
373 1870 500 1912 modo
536 1870 589 1911 ad
623 1870 912 1928 Myonnesum
953 1871 1089 1912 navali
1125 1873 1286 1929 proelio
1321 1883 1558 1931 pugnatum

157 1935 230 1968 est.

219 1985 317 2033 Quo
349 1986 517 2027 territus
539 1986 792 2036 Antiochus,
815 1987 926 2042 quia,
954 1988 1212 2044 possessione
1243 1990 1367 2031 maris
1398 1990 1555 2047 pulsuS,
1635 1998 1701 2036 31.

157 2042 390 2099 longinqua
425 2044 533 2085 tueri
565 2044 781 2085 diffidebat
814 2060 856 2086 se
888 2060 1020 2101 posse,
1053 2047 1309 2102 praesidium
1348 2049 1399 2089 ab
1434 2048 1755 2108 Lysi-Ant3'00h1325

158 2100 334 2150 machia,
357 2116 410 2142 ne
433 2101 742 2158 opprimeretur
768 2102 826 2143 ibi
849 2103 899 2143 ab
924 2103 1139 2154 Romanis,
1163 2104 1317 2146 deduci
1339 2121 1479 2162 pravo,
1510 2116 1556 2147 ut
1568 2096 1769 2169 ξῐζιὸἒᾞζὲῐῗζ

157 2171 222 2198 res
258 2157 347 2214 ipsa
376 2168 521 2215 postea
552 2159 708 2209 docuit,
746 2160 920 2201 consilio
954 2160 1084 2202 iussit.
1162 2161 1264 2203 Non
1297 2164 1410 2204 enim
1448 2165 1557 2205 tueri
1757 2164 1764 2171 ”

157 2214 292 2256 solum
329 2215 641 2273 Lysimachiam
679 2233 702 2257 a
736 2218 873 2273 primo
910 2218 1071 2274 impetu
1110 2219 1401 2262 Romanorum
1436 2221 1556 2263 facile

157 2281 270 2314 erat:
305 2275 377 2314 sed
400 2274 661 2316 obsidionem
688 2275 814 2316 etiam
843 2290 918 2331 per
944 2284 1072 2316 totam
1096 2277 1279 2318 hiemem
1302 2278 1492 2329 tolerare,
1515 2287 1559 2321 et

158 2329 397 2373 obsidentes
433 2347 602 2388 qnoque
641 2332 694 2373 ad
727 2332 918 2373 ultimam
954 2333 1137 2390 inopiam
1172 2335 1382 2378 adducere
1419 2346 1559 2378 extra—

158 2387 300 2429 hendo
322 2398 502 2446 tempus,
521 2398 563 2431 et
578 2390 744 2433 interim
762 2405 878 2446 spem
897 2391 1009 2446 pacis
1026 2407 1101 2448 per
1117 2393 1355 2435 occasiones
1378 2402 1553 2437 tentare.

161 2444 255 2486 Nec
287 2446 598 2503 Lysimachiam
629 2456 793 2489 tantum
815 2448 1004 2489 hostibus
1033 2450 1206 2492 tradidit
1226 2460 1321 2507 post
1341 2452 1557 2494 adversam

159 2503 347 2545 navalem
369 2519 567 2561 pugnam,
586 2505 660 2546 sed
677 2506 804 2547 ctiam
825 2505 1087 2562 Colophonis
1108 2508 1324 2551 obsidione
1347 2510 1555 2561 abscessit,

159 2568 200 2600 et
227 2559 376 2602 Sardes
397 2563 555 2619 recepit
576 2578 644 2604 se:
681 2572 806 2619 atque
829 2563 928 2604 inde
952 2565 995 2605 in
1020 2564 1335 2622 Cappadociam
1358 2568 1411 2609 ad
1434 2569 1557 2610 Aria·
1570 2582 1769 2622 Copiascon-

158 2617 320 2668 rathen,
343 2620 415 2675 qui
446 2620 602 2661 auxilia
629 2630 898 2671 arcesserent,
929 2631 971 2663 et
1001 2638 1257 2680 quocunque
1286 2625 1367 2667 alio
1395 2635 1557 2682 poterat
1570 2626 1678 2656 trahit.

202 2766 220 2793 8
246 2768 336 2802 Quae
362 2767 451 2805 ignes
475 2777 556 2806 prae
583 2779 615 2799 se
640 2769 831 2807 portabant]
880 2772 1019 2799 tractum
1051 2771 1212 2808 ancorale,
1243 2770 1275 2801 id
1306 2775 1364 2809 est,
1391 2771 1477 2802 funis
1508 2773 1558 2802 cui

160 2807 198 2837 cf.
212 2808 306 2847 Supr.
327 2817 373 2838 11.
880 2821 997 2841 ancora
1017 2812 1169 2852 alligatur
1190 2818 1380 2852 protractus,
1397 2819 1429 2845 et
1445 2825 1560 2853 magna

201 2860 221 2890 9
245 2850 438 2891 Dolonihus]
466 2851 504 2882 cf.
519 2851 611 2891 Supr.
630 2853 738 2883 xxxvi.
757 2864 807 2891 44.
882 2859 973 2893 parte
989 2855 1139 2885 evolutus
1154 2860 1245 2886 extra
1265 2866 1380 2887 navem
1405 2856 1436 2886 in
1461 2867 1560 2894 mare,

206 2902 217 2922 1
246 2894 351 2930 Quum
377 2917 383 2924 .
403 2917 410 2924 .
429 2917 435 2924 .
454 2917 461 2924 .
485 2895 668 2926 inhiberent
700 2896 834 2936 Rhodii]
882 2896 976 2927 unius
992 2897 1101 2928 lateris
1117 2908 1220 2929 remos
1236 2899 1377 2930 detersit.
1402 2900 1508 2931 Cnnv.

161 2934 272 2970 Quum
299 2936 421 2967 Rhodii
449 2940 532 2967 retro
556 2940 684 2976 agerent
711 2947 838 2975 navem,

1253 2996 1278 3022 ν
1303 2987 1326 3023 2
