1960 3218
566 161 694 204 LIB.
728 162 951 204 XXXIII.
998 163 1146 204 CAP.
1186 167 1248 204 18.
1530 167 1607 205 101

177 254 340 310 3copiis
370 254 651 296 Pausistratus
684 254 890 296 Tendeba
922 255 966 295 in
1002 254 1303 296 Stratonicensi
1335 270 1435 311 agro
1467 254 1668 297 locumU.
1685 266 1724 297 C.
1746 274 1819 306 555-

177 321 584 368 4peropportunum,
622 313 778 377 ignaris
813 313 950 368 regiis,
985 313 1057 368 qui
1100 320 1335 361 tenuerant,
1373 313 1603 368 occupavit.
1620 309 1660 339 A.
1685 309 1723 340 C·
1750 317 1819 350 Ι97·

176 368 262 417 5In
284 377 471 426 tempore
493 379 537 411 et
557 370 611 411 ad
631 370 706 410 id
696 385 833 426 lpsum
856 370 1042 411 excitum
1064 369 1282 419 auxilium,
1305 369 1419 410 mille
1442 370 1606 411 Achaei

176 387 372 481 5pedites
393 442 490 468 cum
511 436 682 469 centum
704 427 916 483 equitibus
937 436 1284 483 supervenerunt.
1345 427 1606 469 Theoxenus

207 483 257 524 iis
296 493 498 540 praeerat.
562 485 826 534 Dinocrates,
865 485 1003 541 regius
1043 485 1290 540 praefectus,
1328 486 1605 541 recuperandi

206 541 364 582 castelli
385 558 521 592 causa,
544 543 680 598 primo
701 551 835 584 castra
854 543 908 583 ad
929 543 1018 598 ipsa
1034 542 1243 584 Tendeba
1263 543 1406 592 movit,
1429 542 1528 584 inde
1551 543 1603 584 ad

206 598 385 640 alterum
416 600 644 650 castellum,
668 601 770 641 item
798 600 1121 641 Stratonicensis
1152 600 1252 656 agri,
1275 600 1509 656 (Astragon
1531 616 1604 641 vo-

206 657 323 712 cant)
345 658 624 714 omnibusque
656 673 709 699 ex
742 658 970 714 praesidiis,
994 673 1102 714 quae
1133 657 1402 699 multifariam
1429 658 1604 699 disiecta

205 723 337 763 erant,
360 715 584 765 devocatis,
615 724 657 757 et
684 716 774 757 ab
764 731 853 771 lpsa
881 715 1142 757 Stratonicea
1164 715 1462 757 Thessalorum
1483 716 1603 757 auxi-

203 746 385 822 liaribils,
401 773 454 814 ad
472 773 708 823 Alabanda,
723 774 797 814 ubi
818 774 958 815 hostes
978 782 1110 823 erant,
1129 773 1283 815 ducere
1305 774 1453 830 pelgit.
1508 773 1602 815 Nec

206 828 366 870 Rhodii
387 846 573 887 pugnam
591 831 943 873 detrectaverunt.
992 830 1070 881 Ita,
1087 831 1228 872 castris
1248 831 1294 872 in
1314 831 1601 888 propinquum

203 886 376 952 col-latis,
415 888 628 945 extemplo
663 889 707 929 in
748 889 882 930 aciem
923 889 1171 930 descensum
1212 898 1286 930 est.
1350 888 1602 930 Dinocrates

203 944 458 1008 quingentos
481 946 740 987 BIacedonas
761 947 912 988 dextro
934 962 1077 996 comu,
1096 946 1214 988 laevo
1236 947 1444 1020 Agrianas
1466 946 1598 988 locat:

202 1001 248 1042 in
269 1003 458 1044 medium
486 1004 639 1060 accipit
669 1012 904 1046 contractos
935 1019 989 1045 ex
1020 1004 1285 1045 castellorum
1306 1003 1462 1061 (Cares
1482 1019 1601 1045 max-

202 1058 285 1100 ime
311 1061 451 1117 erant)
472 1062 711 1117 praesidiis:
746 1062 909 1118 equites
934 1062 1131 1103 cornibus
1159 1062 1404 1111 circumdat,
1427 1070 1470 1103 et
1494 1062 1601 1103 Cre-

203 1118 385 1159 tensium
417 1119 638 1160 auxiliares
670 1119 982 1176 Thracumque.
1047 1119 1208 1160 Rhodii
1231 1119 1427 1161 Achaeos
1448 1120 1600 1161 dextro

201 1189 345 1225 cornu,
383 1176 548 1217 sinistro
585 1177 864 1218 mercenarios
898 1177 1064 1226 milites,
1098 1177 1251 1218 lectam
1284 1177 1476 1233 peditum
1513 1193 1600 1218 ma·-

200 1247 316 1282 num,
340 1233 547 1275 habuere·
537 1266 548 1284 ,
582 1234 742 1275 medios
764 1235 895 1275 mixta
916 1250 969 1275 ex
990 1234 1226 1290 plmibusD
1202 1235 1397 1276 ‘rentibus
1419 1235 1597 1276 auxilia:

199 1290 363 1345 equites
403 1291 590 1372 levisqpc
630 1300 863 1333 armaturae
896 1292 1012 1348 quod
1046 1300 1147 1342 erat,
1185 1293 1382 1333 cornibus
1421 1293 1601 1334 circum-

198 1346 367 1389 iectum.
433 1349 497 1390 Eo
519 1349 587 1391 dle
609 1358 818 1391 steterunt
839 1358 1004 1390 tantum
1027 1350 1136 1391 acies
1157 1359 1360 1406 utraeque
1390 1366 1515 1415 super
1545 1351 1601 1391 ri·-

198 1419 309 1460 pam,
333 1407 405 1461 qui
428 1407 545 1447 tenui
568 1415 691 1448 1111111
679 1423 789 1463 aqua
809 1407 1091 1457 interfluebat,
1116 1408 1333 1449 torrentis:
1368 1408 1597 1463 paucisque

198 1462 292 1504 telis
314 1464 484 1514 emissis,
508 1464 553 1504 in
575 1473 709 1506 castra
729 1473 982 1522 receperunt
1003 1481 1103 1506 sese.
1158 1465 1334 1515 Postero
1356 1466 1425 1506 die
1447 1466 1599 1507 eodem

198 1520 346 1562 ordine
378 1521 571 1563 instincti
602 1522 984 1588 11111111511110111111110
1015 1522 1234 1579 proelium,
1258 1539 1386 1579 quam
1411 1539 1487 1580 pro
1519 1539 1599 1564 nu-

197 1592 326 1627 mero,
354 1579 538 1629 edidere,
565 1580 859 1636 pugnantium.
924 1579 1019 1621 Nec
1049 1596 1163 1621 enlm
1190 1580 1284 1636 plus
1320 1589 1440 1622 terna
1468 1581 1599 1623 millia

196 1635 390 1690 peditum
411 1637 540 1687 fuere,
563 1646 606 1678 et
627 1637 796 1679 centeni
818 1638 948 1679 ferme
971 1638 1158 1693 equites.
1193 1646 1381 1679 ceterum
1410 1654 1497 1679 non
1518 1654 1599 1680 nu-

197 1707 313 1734 mero
349 1702 527 1744 tantum,
560 1710 639 1736 nec
675 1710 887 1736 armorum
921 1711 1091 1751 genere,
1128 1695 1202 1736 sed
1238 1696 1389 1737 animis
1425 1712 1596 1752 quoquc

195 1751 378 1805 paribus,
402 1760 445 1792 et
475 1767 610 1808 aequa
640 1768 712 1809 spe
743 1761 997 1809 pugnaiffunt
1062 1752 1226 1794 Achaei
1247 1754 1384 1809 primi,
1409 1762 1594 1796 torrente

195 1817 401 1864 supeiato,
425 1809 470 1849 in
492 1810 700 1865 Aoi-ianas
711 1811 937 1866 impetum
967 1811 1131 1852 fecere·
1122 1843 1132 1860 ,
1171 1811 1326 1852 deinde
1351 1819 1437 1852 tota
1464 1827 1595 1868 prope

195 1880 319 1906 0111511
356 1844 563 1922 111111531οἳ
549 1883 610 1908 ⁴sa
645 1883 813 1908 amnem
846 1884 956 1909 aeies
988 1877 1062 1909 est.
1127 1868 1216 1909 Diu
1258 1884 1412 1925 anceps
1452 1885 1596 1926 pugna

162 1923 322 1968 6stctit.
386 1924 579 1965 Numero
612 1925 775 1966 Achaei
806 1925 919 1967 mille
953 1934 997 1966 et
1029 1926 1108 1981 ipsi
1140 1926 1471 1982 quadringentos
1502 1927 1594 1968 loco

164 2001 181 2012 ›—
166 1980 406 2036 expule.re
461 1981 670 2023 Inclinato
688 1982 842 2023 deinde
865 1983 983 2024 laevo
1004 1999 1148 2033 cornu,
1167 1983 1211 2023 in
1228 1983 1424 2025 dextrum
1448 1999 1594 2026 omnes

194 2039 368 2079 connisi.
433 2038 706 2089 Macedones,
729 2055 862 2095 usque
895 2040 997 2081 dum
1029 2041 1176 2082 ordine
1209 2049 1250 2082 et
1281 2041 1411 2082 veluti
1442 2042 1595 2097 stipata

193 2094 378 2149 phalanx
415 2097 835 2146 0011511111111,11101011
868 2098 1046 2152 nequior
1050 2106 1136 2138 unt.
1200 2098 1444 2154 Postquam,
1475 2099 1593 2141 laevo

192 2151 321 2193 latere
349 2153 522 2203 nudato,
553 2169 709 2195 cneum
714 2169 836 2209 ioeic
866 2154 1001 2196 hastas
1033 2155 1076 2195 in
1102 2155 1343 2197 venientem
1377 2171 1431 2196 ex
1460 2165 1593 2197 trans—

192 2225 311 2251 verso
333 2211 496 2252 hostem
514 2212 653 2252 conati
675 2221 784 2261 sunt,
802 2212 908 2252 tur‘b
900 2212 957 2252 ati
975 2212 1188 2268 extemplo
1207 2213 1433 2254 tumultum
1455 2214 1591 2267 primo

192 2267 303 2309 inter
323 2283 366 2310 sc
388 2269 600 2310 fecerzunt
633 2278 749 2326 terga
770 2268 925 2311 deinde
948 2278 1141 2312 ver-tunt
1175 2278 1400 2326 postremo,
1419 2271 1591 2313 abiectis

235 2416 252 2446 3
280 2409 425 2440 Tendeba
455 2410 490 2439 in
515 2411 748 2441 Stratonicensi
770 2412 864 2450 affro]
955 2410 975 2442 6
998 2413 1143 2442 Numero
1164 2412 1288 2442 Achaei
1310 2435 1317 2442 .
1339 2435 1347 2442 .
1369 2435 1376 2443 .
1398 2412 1463 2442 loco
1488 2422 1589 2451 empu-

193 2451 363 2481 I‘raeelara
400 2453 584 2483 emendatio
625 2454 769 2484 Tendeba
809 2463 866 2492 pro

192 2493 321 2532 vulgata
340 2494 478 2524 lectione
502 2497 673 2526 tendebant
694 2495 865 2526 eruditioni

192 2535 405 2566 Freinshemii
430 2537 574 2568 debetur.
623 2539 769 2570 Tendeba
794 2539 868 2569 urbs

191 2580 239 2607 est
260 2578 384 2609 Cariae.

240 2630 259 2656 4
286 2622 418 2658 lunaris
448 2624 556 2661 reyiis,
586 2624 642 2662 qni
673 2625 863 2662 tenuerant]

192 2662 255 2698 Qui
271 2663 392 2694 Therae
402 2670 495 2695 erant
506 2666 657 2696 emendat
672 2665 865 2696 Gronovius.

194 2705 299 2736 Thera
316 2706 391 2735 urbs
407 2710 453 2736 est
476 2707 628 2744 Peraeae,
646 2708 764 2738 Rhodo
782 2707 864 2738 insu-

192 2746 242 2776 lae
259 2747 418 2785 opposita.
442 2749 481 2779 cf.
501 2749 641 2780 Ptolem.
660 2761 686 2780 v.
707 2759 735 2780 ⁴2.

235 2796 251 2825 5
276 2791 331 2818 Ast
352 2791 384 2819 itt
405 2792 526 2829 ipsum]
554 2792 697 2831 Nempe,
711 2796 746 2821 ut
766 2791 866 2821 vindi-

191 2831 255 2863 cari
287 2832 453 2870 repetique
486 2834 607 2864 Peraea
635 2838 753 2873 posset,
779 2835 867 2873 quod

191 2873 360 2903 consilium
385 2885 481 2914 supra
502 2875 654 2907 dicuntur
676 2876 796 2908 Rhodii
817 2888 864 2910 ce-

191 2915 285 2957 111550.
309 2917 416 2948 Cam.

911 2453 993 2493 lere]
1023 2454 1132 2484 Huius
1144 2454 1274 2492 quidem
1291 2454 1365 2491 loci,
1379 2455 1586 2493 quemadmo-

911 2496 988 2526 du1n
1012 2507 1098 2526 nunc
1120 2497 1257 2535 scriptus
1276 2501 1335 2534 est,
1350 2496 1586 2536 interpretatio-

912 2549 986 2568 nem
1026 2539 1142 2569 frustra
1179 2539 1301 2578 quaeri,
1339 2543 1370 2569 et
1405 2539 1587 2571 Crevierius

911 2584 1022 2620 aperte
1041 2581 1171 2618 fatetur,
1193 2585 1225 2612 et
1247 2581 1430 2612 Gronovius
1455 2582 1586 2621 aliique,

911 2624 1065 2653 audacius
1080 2624 1242 2662 vulgatam
1256 2624 1445 2663 scripturam
1459 2629 1585 2654 mutan-

911 2669 969 2703 tes,
987 2667 1155 2696 ostendere
1174 2666 1330 2698 videntur.
1356 2667 1481 2697 RAscu.

955 2715 971 2746 7
995 2709 1158 2739 Inclinato
1180 2710 1292 2739 deinde
1311 2710 1400 2740 laevo
1421 2720 1533 2745 cornu,
1549 2711 1585 2739 in

909 2751 1057 2781 (teatrum
1081 2762 1186 2781 omnes
1208 2752 1347 2788 connisi]
1383 2752 1436 2781 Ita
1456 2762 1585 2790 quoque

913 2792 1054 2823 Bekker.
1082 2793 1225 2832 reposuit
1252 2804 1309 2832 pro
1339 2794 1422 2832 vulg.
1447 2795 1586 2823 inclinat

911 2836 985 2865 dein
1000 2837 1146 2865 (teatrum
1163 2846 1253 2867 omne
1267 2846 1381 2874 cornu,
1397 2836 1482 2875 quod
1499 2836 1585 2866 haud

911 2877 1009 2908 dubie
1027 2878 1177 2908 vitiosum
1194 2882 1251 2910 est.
