1960 3218
372 141 452 181 136
871 137 1019 181 ΤῙΤΙ
1058 137 1237 181 LIVII

167 240 212 273 U.
228 240 267 273 C.
288 248 359 282 557.
372 235 385 255 ‘
397 238 553 282 rentur,
574 230 633 273 ita
651 239 700 272 ut
717 230 899 288 pretium
919 246 995 288 pro
1015 231 1065 272 iis
1084 230 1195 273 bello
1214 231 1400 288 perfecto
1419 230 1600 273 dominis
1619 231 1751 274 solve-

165 284 206 316 A.
229 284 267 316 C.
293 292 360 325 Ι95·
374 294 387 313 ‘
398 297 525 339 retur,
546 290 814 331 emebantur:
846 289 892 330 in
913 288 1090 330 eandem
1117 289 1229 330 diem
1256 289 1473 345 pecuniae,
1494 289 1750 331 frumentum
1763 301 1783 333 8

370 351 384 372 ‘
398 356 442 389 01
460 355 609 397 cetera,
624 362 731 404 quae
746 346 845 389 belli
865 361 963 388 usus
983 346 1261 403 postulabant,
1277 347 1516 404 praebenda
1534 347 1748 404 publicani

373 410 441 447 ‘se
462 405 741 447 conducturos
768 405 940 461 professi
967 413 1110 446 erant:
1144 419 1280 446 servos
1308 405 1361 446 ad
1380 420 1555 455 remum,
1577 420 1783 454 numero9

375 469 387 488 ‘
403 478 456 505 ex
477 479 606 505 censu
632 463 872 512 constituto,
895 478 990 504 cum
1019 462 1228 519 stipendio
1256 472 1397 504 nostro
1425 463 1646 504 dabamus:
1680 478 1754 504 au-

374 527 387 545 ‘
401 537 495 563 rum
516 531 558 562 et
574 530 791 578 argentum
813 536 950 570 omne,
972 521 1023 562 ab
1045 520 1302 562 senatoribus
1322 521 1410 562 eius
1431 521 1490 561 rei
1512 521 1631 562 initio
1648 530 1751 570 orto,

375 579 444 620 ‘in
478 579 693 636 publicum
733 578 1071 620 conferebamus:
1115 578 1263 619 viduae
1297 587 1339 620 et
1375 577 1523 635 pupilli
1554 579 1753 634 pecunias

375 643 492 678 ‘suas
523 637 567 677 in
597 637 800 678 aerarium
831 636 1097 678 deferebant:
1141 644 1308 677 cautum
1340 646 1440 686 erat,
1467 651 1551 692 quo
1577 651 1631 677 ne
1660 635 1754 692 plus

375 701 388 719 ‘
402 695 491 736 auri
513 704 555 736 et
579 695 739 751 argenti
767 694 878 744 facti,
901 709 986 750 quo
1006 709 1059 735 ne
1087 693 1181 750 plus
1211 694 1361 750 signati
1390 694 1552 750 argenti
1579 702 1622 734 et
1649 693 1754 735 aeris

375 759 386 777 ‘
399 752 513 794 domi
534 752 790 794 haberemus.
853 752 948 793 Tali
969 760 1155 808 tempore
1177 751 1221 792 in
1248 752 1414 793 luxuria
1434 761 1476 793 et
1497 760 1647 793 ornatu
1668 766 1755 792 ma-

375 816 387 835 ‘
401 819 542 852 tronae
572 820 794 867 occupatae
817 818 947 860 erant,
970 818 1017 851 ut
1043 809 1097 850 ad
1118 824 1210 850 eam
1231 809 1503 851 coercendam
1523 809 1591 850 lex
1615 808 1756 865 Oppia

375 874 386 892 ‘
400 868 634 910 desiderata
654 869 737 909 sit?
769 883 912 923 quum,
935 867 1034 923 quia
1053 866 1219 908 Cereris
1239 867 1498 918 sacrificium,
1516 867 1755 923 lugentibus

375 932 387 950 ‘
403 927 595 967 omnibus
616 926 826 975 matronis,
848 925 1131 966 intermissum
1153 933 1253 975 erat,
1276 933 1443 966 senatus
1463 925 1575 966 finiri
1595 924 1756 966 luctum

375 989 387 1008 ‘
402 984 573 1040 triginta
593 984 740 1025 diebus
760 983 889 1024 iussit.
954 982 1037 1024 Cui
1058 998 1144 1024 non
1165 992 1348 1039 apparet,
1365 983 1550 1039 inopiam
1570 991 1613 1024 et
1633 982 1756 1024 mise-

375 1042 502 1083 ‘riam
535 1042 725 1091 civitatis,
761 1051 803 1083 et
835 1041 933 1097 quia
966 1041 1152 1082 omnium
1188 1041 1443 1097 privatorum
1475 1040 1678 1097 pecuniae
1710 1040 1756 1082 in

375 1106 520 1141 ‘usum
550 1099 764 1156 publicum
794 1099 1018 1140 vertendae
1051 1107 1181 1148 erant,
1213 1099 1333 1139 istam
1363 1099 1500 1155 legem
1533 1097 1754 1154 scripsisse,

375 1164 483 1199 ‘tam
505 1158 578 1199 diu
599 1173 847 1207 mansuram,
871 1172 995 1213 quam
1018 1156 1092 1198 diu
1112 1172 1234 1198 causa
1253 1157 1493 1198 scribendae
1514 1156 1618 1213 legis
1638 1171 1757 1197 man-

376 1216 547 1257 ‘sissetP
598 1216 711 1257 Nam
741 1215 787 1265 si,
820 1230 926 1271 quae
958 1225 1058 1256 tunc
1090 1215 1287 1270 temporis
1317 1230 1440 1256 causa
1470 1223 1542 1255 aut
1572 1213 1757 1255 decrevit

376 1279 579 1323 ‘senatus,
603 1283 675 1315 aut
702 1273 881 1330 populus
908 1273 1037 1322 iussit,
1060 1272 1105 1312 in
1132 1282 1383 1329 perpetuum
1404 1273 1556 1314 servari
1577 1280 1754 1328 oportet,

376 1337 474 1373 ‘cur
514 1332 710 1388 pecunias
746 1331 959 1372 reddimus
995 1330 1195 1386 privatis?
1237 1345 1310 1371 cur
1345 1330 1512 1386 publica
1545 1329 1756 1386 praesenti
1771 1346 1784 1367 1

376 1390 580 1446 ‘pecunia
604 1389 819 1431 locamus?
850 1403 924 1429 cur
950 1388 1068 1438 servi,
1092 1388 1165 1444 qui
1193 1388 1386 1437 militent,
1412 1403 1499 1429 non
1527 1388 1756 1429 emuntur?

245 1457 282 1499 7,
376 1453 389 1472 ‘
401 1464 474 1489 cur
490 1448 638 1504 privati
654 1463 739 1488 non
754 1447 899 1488 damus
912 1446 1101 1502 remiges,
1117 1446 1223 1487 sicut
1236 1454 1335 1487 tunc
1350 1446 1566 1487 dedimus?
1597 1445 1757 1487 Omnes

377 1512 389 1531 ‘
404 1506 473 1548 alii
495 1506 674 1554 ordines,
697 1520 841 1546 omnes
862 1504 1051 1545 homines
1079 1504 1355 1545 mutationem
1376 1505 1420 1544 111
1441 1503 1655 1545 meliorem
1676 1512 1757 1544 sta-

377 1570 492 1605 ‘tum
532 1563 784 1619 reipublicae
826 1563 1032 1604 sentient:
1076 1562 1129 1602 ad
1169 1562 1366 1618 coniuges
1402 1571 1565 1603 tantum
1597 1570 1757 1602 nostras

376 1622 514 1678 ‘pacis
547 1631 589 1662 et
629 1620 938 1677 tranquillitatis
972 1620 1162 1676 publicae
1195 1620 1352 1661 fructus
1387 1635 1473 1661 11011
1512 1619 1758 1675 perveniet?

377 1686 389 1704 ‘
402 1680 594 1736 Purpura
609 1680 685 1720 viri
701 1690 878 1728 utemur,
893 1678 1143 1735 praetextati
1160 1679 1204 1718 in
1225 1678 1543 1734 magistratibus,
1561 1678 1605 1717 111
1625 1692 1758 1718 sacer-

377 1744 388 1762 ‘
401 1737 551 1787 dotiis3
603 1737 723 1778 liberi
763 1737 893 1777 nostri
932 1736 1157 1791 praetextis
1196 1751 1381 1791 purpura
1422 1736 1526 1791 togis
1562 1743 1754 1783 utentur3

377 1795 707 1851 ‘magistratibus
728 1795 771 1835 in
793 1794 966 1835 coloniis
982 1793 1316 1849 municipiisque,
1339 1793 1407 1834 hic
1431 1790 1590 1834 Romae
1612 1792 1757 1833 infimo

378 1853 545 1909 ‘generi
578 1853 782 1908 magistris
812 1852 996 1893 vicorum
1028 1861 1148 1907 togae
1176 1860 1414 1907 praetextae
1446 1850 1662 1892 habendae
1694 1851 1788 1891 iusz

377 1917 389 1936 ‘
401 1911 689 1968 permittemus
703 1927 712 1959 3
746 1926 823 1951 nec
840 1910 883 1950 id
900 1919 945 1950 ut
962 1909 1042 1949 vivi
1058 1909 1190 1950 solum
1207 1909 1387 1949 habeant
1403 1917 1563 1949 tantum
1579 1908 1755 1963 insigne,

377 1975 389 1994 ‘
402 1968 476 2010 sed
497 1969 620 2009 etiam
643 1978 689 2010 ut
710 1984 806 2009 cum
827 1983 875 2008 00
897 1976 1135 2008 crementur
1156 1967 1334 2007 mortui:
1368 1967 1533 2007 feminis
1554 1966 1758 2007 duntaxat

378 2034 609 2083 ‘purpurae
641 2042 762 2067 usum
792 2025 1119 2066 interdicemus?
1159 2033 1213 2073 01,
1246 2040 1376 2080 (11111111
1409 2025 1483 2065 tibi
1513 2025 1601 2065 viro
1636 2023 1758 2065 liceat

378 2091 586 2141 ‘purpura
608 2085 651 2124 111
673 2093 784 2125 veste
807 2083 987 2139 stragula
1012 2083 1085 2132 uti,
1108 2092 1282 2123 matrem
1311 2082 1488 2123 fiuniliac
1518 2091 1631 2122 tuam
1658 2097 1758 2138 pur-

377 2149 389 2167 ‘
405 2157 583 2199 pureum
604 2142 828 2183 amiculum
857 2141 1008 2182 habere
1036 2156 1122 2181 non
1150 2140 1291 2181 sines?
1322 2149 1363 2181 et
1392 2156 1524 2196 equus
1551 2149 1645 2180 tuus
1665 2155 1758 2195 spe-

377 2207 389 2225 ‘
402 2200 551 2242 ciosius
572 2200 768 2241 instratus
789 2200 879 2248 erit,
902 2214 1028 2254 quam
1053 2214 1158 2239 uxor
1177 2198 1358 2239 vestita?
1392 2197 1475 2239 Sed
1496 2198 1540 2238 in
1560 2212 1756 2253 purpura,

377 2264 389 2283 ‘
403 2273 508 2315 quae
546 2258 705 2307 teritur,
737 2257 978 2306 absumitur,
1015 2257 1211 2297 iniustam
1248 2256 1432 2311 quidem,
1466 2255 1538 2296 sed
1573 2254 1758 2310 aliquam

1133 2393 1144 2413 1
1175 2383 1243 2414 Car
1268 2384 1398 2423 publiea
1425 2383 1589 2422 praesenti
1616 2383 1758 2422 pecunia

1086 2427 1240 2463 locamus]
1274 2426 1341 2457 Cur
1356 2426 1401 2455 ita
1417 2426 1559 2455 locamus
1575 2425 1758 2464 praebenda

1087 2480 1126 2500 ea
1155 2479 1237 2508 quae
1273 2468 1467 2508 reipublicae.
1502 2472 1533 2498 ct
1566 2467 1758 2498 exercitibus

417 2391 437 2421 8
459 2393 501 2422 In
517 2391 648 2422 eandem
664 2388 742 2418 diem
758 2386 932 2426 pecuniae]
965 2385 1043 2415 Dies

372 2435 531 2473 pecuniae
554 2436 600 2464 est
623 2442 671 2466 ea,
688 2441 750 2469 qua
773 2428 908 2468 pecunia
924 2427 1044 2458 credita

375 2476 454 2506 solvi
471 2477 575 2507 debet.
612 2473 781 2505 Publicani
797 2472 891 2510 igitur
906 2471 1043 2500 frumen-

375 2522 444 2548 tum
462 2522 493 2549 et
508 2522 612 2549 cetera
628 2515 809 2555 praebenda
825 2514 1044 2544 conduxerant

375 2561 406 2591 in
430 2562 566 2591 eandem
589 2561 674 2590 diem
698 2557 864 2597 pecuniae,
880 2556 912 2585 id
929 2559 987 2592 est,
1006 2564 1044 2584 ca

376 2604 445 2643 lege
462 2608 497 2634 ut
513 2601 649 2643 pecunia
662 2600 719 2630 sibi
736 2600 919 2629 redderetur
931 2598 1043 2628 codem

374 2650 530 2685 tempore,
551 2655 614 2685 quo
642 2642 779 2683 pretium
805 2650 965 2672 servorum
989 2640 1043 2670 do-

374 2689 470 2719 minis
486 2687 730 2728 persolvendum
747 2688 824 2720 erat,
840 2694 957 2723 nempe
974 2685 1044 2721 post

375 2732 557 2762 confectum
590 2730 723 2760 bellum.
776 2728 927 2757 Ceterum
965 2726 1044 2756 haec

376 2774 498 2814 optima
513 2773 608 2803 lectio
624 2772 757 2803 debetur
774 2769 946 2800 Gronovio.
970 2768 1032 2800 Cu.

417 2826 437 2858 9
459 2818 572 2849 Servos
586 2816 629 2846 ad
642 2813 780 2851 remum]
806 2812 845 2844 cf.
857 2810 1042 2851 Sum-xxiv.

379 2868 390 2889 1
401 2869 411 2889 1
419 2882 426 2891 .

1086 2511 1155 2542 115111
1184 2514 1267 2548 sunt,
1291 2515 1327 2541 ut
1357 2514 1556 2550 praesentem
1587 2509 1758 2549 pecuniam

1087 2553 1340 2593 redemptoribus
1355 2563 1559 2583 numeremus
1570 2556 1583 2583 Ρ
1608 2554 1714 2584 Cussv.

1132 2606 1149 2626 2
1172 2597 1343 2635 Illuyistris
1357 2597 1514 2634 vicorum]
1551 2595 1698 2635 Magistri
1714 2594 1757 2626 vi-

1087 2649 1209 2677 corum,
1236 2649 1290 2669 5011
1320 2638 1531 2677 vicomagistri
1560 2638 1757 2668 curationem

1088 2682 1229 2712 vicorum
1254 2682 1426 2719 habebant,
1450 2693 1466 2713 e
1488 2683 1578 2721 plebe
1602 2682 1757 2721 cuiusque

1087 2725 1225 2755 viciniae
1247 2725 1348 2761 electi,
1371 2728 1406 2754 ut
1432 2728 1588 2754 memorat
1612 2724 1700 2755 Suet.
1723 2723 1758 2753 in

1088 2768 1170 2807 Aug.
1183 2776 1232 2805 30.
1274 2767 1303 2797 Ii
1316 2767 1408 2797 ludos
1418 2766 1657 2806 Compitalitios
1667 2775 1756 2805 prae-

1086 2809 1202 2840 textati
1221 2809 1393 2847 faciebant,
1415 2813 1496 2841 teste
1516 2808 1655 2840 Asconio
1677 2808 1756 2839 Ped.

1087 2852 1119 2883 in
1137 2852 1298 2884 Pisonem.
1321 2852 1427 2884 CREv.
