1960 3218
369 141 422 179 62
885 110 1051 179 T1T1v
1076 137 1144 179 LI
1159 137 1255 179 VII

160 233 205 266 U.
221 234 260 266 C.
283 241 356 274 554.
429 226 592 269 Consul
627 228 796 269 interim
833 228 1022 270 omnium
1058 243 1130 284 spe
1163 228 1395 285 longiorem
1432 230 1798 286 atrocioremque7

157 277 202 349 ᾗ
222 277 261 308 C·
287 278 356 318 ¹93·
369 285 730 342 oppugnationem
760 285 933 326 habuit:
973 293 1016 326 et
1046 301 1108 335 ea,
1141 301 1225 341 qua
1255 287 1476 327 minimum
1508 286 1765 337 credidisset,

157 330 346 392 tingfftgrer-
369 343 616 384 resistebant
637 342 787 384 hostes.
835 342 947 383 Nam
965 357 1134 384 omnem
1155 343 1339 384 laborem
1361 343 1405 384 in
1422 358 1542 384 muro
1559 343 1766 386 diruendo

158 404 349 437 defenditur.
368 400 603 441 crediderat
630 400 743 441 fore:
783 400 817 441 si
846 399 1006 440 aditum
1038 400 1205 441 armatis
1236 400 1457 452 in,urbem
1489 401 1763 456 patefecisset,

367 457 509 513 fugam
538 457 637 498 inde
667 457 924 513 caedemque
954 456 1135 497 hostium
1158 457 1258 507 fore,
1282 458 1416 514 qualis
1437 458 1568 514 captis
1593 458 1766 500 urbibus

367 515 459 556 fieri
490 514 606 556 solet.
672 514 876 556 Ceterum
912 523 1146 570 postquam,
1178 523 1295 571 parte
1327 515 1435 556 muri
1466 516 1663 556 arietibus
1691 516 1765 558 de—

367 587 497 622 cussa,
530 587 606 628 per
635 572 744 628 ipsas
776 572 918 612 ruinas
950 571 1302 613 transcenderunt
1337 573 1382 613 in
1418 573 1566 614 urbem
1601 573 1762 623 armati,

367 629 473 670 illud
495 630 746 686 principium
763 629 879 670 velut
898 629 996 669 novi
1018 638 1143 685 atque
1166 629 1319 686 integri
1339 629 1490 671 laboris
1505 630 1596 671 fuit.
1650 629 1764 671 Nam

369 686 641 737 Macedones,
665 687 737 743 qui
760 687 804 727 in
825 685 1033 742 praesidio
1058 695 1177 728 erant
1204 696 1247 728 et
1275 687 1396 728 multi
1423 696 1465 728 et
1487 687 1652 737 delecti,
1674 687 1764 743 glo-

367 745 469 785 riam
500 744 626 785 etiam
655 745 867 800 egregiam
895 743 986 793 rati,
1009 744 1043 784 si
1072 744 1194 785 armis
1222 745 1361 800 potius
1383 752 1426 786 et
1445 744 1613 794 virtute,
1636 760 1763 800 quam

367 802 600 851 moenibus,
624 803 772 843 urbem
800 809 1031 851 tuerentur,
1054 801 1242 851 conferti,
1265 801 1454 858 pluribus
1475 802 1677 843 introrsus
1699 817 1764 844 or-

367 858 537 900 dinibus
565 858 653 900 acie
681 859 857 907 firmata,
881 873 1013 914 quum
1044 859 1338 900 transcendere
1369 860 1509 901 ruinas
1539 860 1765 901 sensissent

368 915 596 965 Romanos,
620 931 695 971 per
714 915 966 971 impeditum
988 931 1036 956 ac
1057 916 1270 957 difficilem
1298 916 1352 957 ad
1378 925 1593 973 receptum
1622 916 1762 958 locum

367 973 633 1029 expulerunt.
696 972 748 1013 Id
769 972 915 1014 consul
936 988 1058 1028 aegre
1081 988 1237 1029 passus,
1259 989 1338 1015 nec
1366 989 1459 1015 eam
1486 974 1762 1029 ignominiam

367 1030 421 1071 ad
442 1030 567 1071 unius
588 1030 714 1071 modo
736 1030 1043 1086 expugnandae
1066 1045 1224 1072 moram
1241 1031 1367 1081 urbis,
1386 1031 1461 1072 sed
1481 1031 1535 1072 ad
1556 1046 1762 1073 summam

366 1087 550 1128 universi
571 1087 685 1137 belli,
707 1087 917 1144 pertinere
939 1095 1065 1138 ratus,
1087 1088 1204 1144 quod
1224 1103 1278 1129 ex
1299 1089 1523 1129 momentis
1542 1103 1763 1144 parvarum

367 1144 618 1200 plerumque
646 1160 786 1186 rerum
814 1145 1031 1200 penderet,
1054 1154 1232 1201 purgato
1260 1145 1365 1195 loco,
1388 1146 1462 1202 qui
1482 1154 1617 1201 strage
1639 1146 1763 1187 semi-

366 1202 449 1243 ruti
500 1202 608 1242 muri
654 1202 890 1243 cumulatus
935 1210 1035 1252 erat,
1078 1210 1236 1244 turrem
1281 1203 1464 1258 ingentis
1513 1203 1761 1253 altitudinis,

367 1273 562 1315 magnam
602 1259 687 1300 vim
728 1267 979 1301 armatorum
1021 1259 1244 1316 multiplici
1285 1260 1469 1301 tabulato
1509 1268 1760 1316 portantem,

366 1316 599 1371 promovit:
634 1325 676 1358 et
706 1317 898 1358 cohortes
929 1317 973 1357 in
1000 1317 1136 1358 vicem
1165 1318 1242 1358 sub
1270 1317 1410 1374 signis,
1438 1333 1545 1373 quae
1577 1333 1761 1359 cuneum

368 1373 668 1423 Macedonum,
701 1373 973 1429 (phalangem
1004 1374 1082 1430 ipsi
1113 1375 1284 1430 vocant)
1314 1375 1348 1415 si
1378 1383 1559 1431 possent,
1592 1375 1632 1416 vi
1667 1390 1762 1431 per-

366 1439 623 1486 rumperent,
661 1431 889 1472 emittebat.
955 1431 1039 1472 Sed
1074 1431 1127 1472 ad
1162 1432 1242 1473 loci
1279 1432 1489 1487 angustias
1529 1432 1644 1473 haud
1678 1432 1761 1474 late

365 1496 535 1543 patente
566 1488 784 1529 intervallo
805 1487 934 1529 diruti
962 1489 1083 1538 muri,
1108 1504 1242 1544 genus
1269 1504 1480 1530 armorum
1507 1504 1760 1546 pugnaeque

366 1545 476 1586 hosti
497 1545 634 1601 aptius
655 1553 754 1586 erat.
819 1544 906 1586 Ubi
927 1546 1104 1587 conferti
1125 1547 1262 1587 hastas
1283 1547 1466 1603 ingentis
1486 1546 1762 1602 longitudinis

365 1617 464 1658 prae
492 1617 534 1643 se
558 1602 818 1644 Macedones
845 1603 1108 1653 obiecissent,
1131 1603 1246 1645 velut
1273 1603 1317 1644 in
1345 1612 1628 1645 constructam
1656 1603 1762 1645 den-

365 1659 486 1700 sitate
529 1660 761 1716 clipeorum
803 1660 1059 1701 testudinem
1104 1661 1300 1710 Romani,
1337 1661 1433 1717 pilis
1476 1661 1761 1717 nequicquam

365 1717 537 1767 emissis,
570 1732 701 1773 quum
735 1717 1000 1758 strinxissent
1030 1717 1217 1773 gladios,
1262 1733 1402 1774 neque
1435 1718 1637 1774 congredi
1666 1733 1763 1774 pro-

364 1774 471 1829 pius,
494 1789 633 1830 neque
656 1774 896 1830 praecidere
926 1775 1063 1816 hastas
1090 1784 1309 1831 poterant:
1344 1784 1387 1816 et
1411 1776 1444 1816 si
1467 1790 1570 1831 quas
1590 1775 1762 1817 incidis-

365 1839 471 1880 sent,
494 1839 566 1872 aut
586 1831 919 1888 praefregissent,
942 1831 1106 1873 hastilia
1126 1833 1360 1889 fragmento
1381 1833 1471 1889 ipso
1493 1841 1628 1882 acuto,
1653 1833 1762 1874 inter

365 1888 525 1944 spicula
548 1889 805 1944 integrarum
826 1889 1050 1939 hastarum,
1072 1889 1188 1931 velut
1207 1890 1362 1931 vallum
1388 1889 1625 1945 explebant.
1688 1890 1791 1932 Ad8

365 1945 445 1986 hoc
479 1954 521 1986 et
554 1947 663 1987 muri
695 1961 790 2002 pars
822 1946 960 1988 adhue
996 1947 1159 2003 integra
1192 1955 1370 2003 utraque
1404 1956 1495 1988 tuta
1526 1948 1762 2003 praestabat

366 2002 518 2043 latera:
553 2019 632 2044 nec
654 2018 708 2044 ex
732 2003 858 2059 longo
883 2004 1016 2060 spatio
1042 2013 1114 2045 aut
1134 2004 1386 2054 cedendum,
1408 2013 1480 2046 aut
1500 2005 1681 2060 impetus
1701 2005 1761 2046 fa-

366 2060 541 2101 ciendus
577 2069 692 2110 erat3
741 2076 848 2117 quae
885 2076 950 2102 res
986 2063 1152 2103 turbare
1188 2062 1356 2103 ordines
1391 2062 1507 2104 solet.
1570 2062 1761 2104 Accessit

366 2117 493 2158 etiam
510 2118 683 2159 fortuita
703 2133 768 2159 res
789 2118 843 2160 ad
864 2118 1025 2160 animos
1046 2134 1190 2161 eorum
1208 2119 1444 2161 firmandos.
1498 2118 1610 2161 Nam
1628 2123 1760 2175 quum

367 2175 490 2216 turris
510 2190 586 2231 per
606 2191 801 2232 aggerem
821 2190 971 2232 parum
992 2176 1154 2218 densati
1176 2177 1251 2218 soli
1274 2185 1479 2233 ageretur,
1501 2185 1590 2218 rota
1610 2192 1695 2218 una
1715 2177 1759 2218 in

365 2231 554 2273 altiorem
578 2233 755 2274 orbitam
777 2233 970 2289 depressa
995 2233 1053 2275 ita
1078 2235 1225 2275 turrim
1250 2234 1479 2283 inclinavit,
1501 2243 1549 2275 ut
1576 2234 1759 2290 speciem

366 2289 526 2330 ruentis
551 2289 751 2339 hostibus,
774 2290 1182 2347 trepidationemque
1211 2292 1401 2333 insanam
1430 2291 1759 2348 superstantibus

366 2346 536 2387 armatis
557 2347 808 2402 praebuerit.

410 2466 427 2496 7
452 2460 641 2499 Lonyiorem
667 2461 915 2500 atrocioremque
941 2470 1039 2499 oppu-
1086 2459 1182 2496 ribus,
1199 2459 1252 2498 qui
1269 2459 1349 2489 illud
1366 2459 1430 2490 iam
1447 2460 1551 2499 priore
1575 2461 1658 2499 loco,
1673 2470 1757 2500 supr.

363 2502 565 2540 ynationem]
603 2502 679 2531 Non
701 2501 861 2532 immerito
878 2501 1041 2532 existimat
1090 2511 1136 2540 15.
1154 2501 1357 2532 vitiaverant.
1381 2502 1486 2533 CREV.

366 2543 550 2574 Gronovius
566 2544 1040 2583 legendum,lon9ioremAtra·
1134 2545 1152 2574 8
1183 2545 1274 2574 Velut
1297 2545 1418 2574 vallum
1441 2545 1629 2584 elvplebant]
1668 2545 1757 2575 Valli

365 2587 422 2622 cis,
446 2586 495 2615 vel
518 2587 561 2615 ad
582 2588 733 2616 Atracem
759 2588 1039 2625 oppuynationem.
1084 2585 1214 2616 nomine
1231 2587 1375 2625 designat
1389 2586 1498 2617 Livius
1514 2591 1675 2626 porrectas
1686 2587 1757 2618 Ma-

367 2628 420 2658 Sic
446 2628 560 2657 clarior
583 2628 726 2666 procedit
750 2629 859 2658 oratio.
907 2629 951 2658 Et
967 2639 1039 2658 con·
1085 2629 1242 2659 eedonum
1274 2628 1412 2666 sarissas,
1442 2639 1524 2668 quae
1555 2630 1642 2660 velut
1673 2630 1758 2660 vallo

367 2670 515 2700 veniebat
542 2670 685 2708 profecto
714 2670 854 2707 Livium,
880 2671 957 2700 dum
988 2671 1040 2701 hie
1084 2671 1325 2701 acicmillorum
1337 2671 1533 2710 saepiebant.
1557 2672 1691 2703 Vallum
1702 2682 1758 2703 au-

366 2712 484 2751 repetit
496 2712 709 2742 narrationem
723 2713 971 2751 oppugnationis
983 2713 1039 2742 hu-
1085 2717 1149 2743 tem
1174 2713 1255 2743 illud
1279 2714 1470 2753 explebatur
1491 2714 1588 2745 etiam
1612 2725 1670 2754 per
1685 2725 1758 2745 con-

365 2754 415 2784 ius
441 2754 536 2791 urbis,
559 2755 629 2784 aliis
652 2755 846 2793 interpositis
868 2756 962 2785 rebus
984 2755 1039 2785 ali-
1086 2755 1150 2785 cisa
1173 2756 1313 2786 frat-tave
1336 2756 1474 2793 hastilia,
1494 2757 1540 2788 ita
1563 2760 1599 2787 ut
1621 2757 1701 2787 nihil
1724 2757 1756 2787 in

366 2797 551 2835 quantisper
573 2797 733 2834 omissam,
753 2807 869 2827 nomen
895 2798 961 2827 eius
985 2808 1039 2837 op·
1085 2808 1122 2828 eo
1142 2798 1244 2834 vacui,
1261 2798 1340 2828 nihil
1365 2799 1482 2829 hiantis
1503 2804 1560 2830 aut
1582 2799 1695 2840 aperti,
1711 2809 1755 2830 es-

366 2849 505 2878 ponere:
531 2840 617 2878 quod
639 2839 781 2878 quidem,
802 2850 902 2878 quum
927 2850 1040 2879 parum
1085 2845 1142 2872 set.
1165 2841 1272 2872 Cuma
1303 2841 1342 2872 cf.
1359 2851 1443 2881 supr.
1461 2841 1503 2874 ix,
1525 2852 1571 2883 19.

366 2882 491 2913 celebre
507 2881 558 2921 sit,
570 2886 788 2922 opportunum
801 2882 861 2913 fuit
878 2887 1039 2922 corrupto-
