<?xml version="1.0" encoding="UTF-8"?>
<!DOCTYPE html PUBLIC "-//W3C//DTD XHTML 1.0 Transitional//EN"
    "http://www.w3.org/TR/xhtml1/DTD/xhtml1-transitional.dtd">
<html xmlns="http://www.w3.org/1999/xhtml" xml:lang="en" lang="en">
 <head>
  <title>
</title>
<meta http-equiv="Content-Type" content="text/html;charset=utf-8" />
  <meta name='ocr-system' content='tesseract 3.04.00' />
  <meta name='ocr-capabilities' content='ocr_page ocr_carea ocr_par ocr_line ocrx_word'/>
</head>
<body>
  <div class='ocr_page' id='page_1' title='image "./historiarumli03livyuoft_0453.png"; bbox 0 0 1960 3218; ppageno 0'>
   <div class='ocr_carea' id='block_1_1' title="bbox 442 474 1318 530">
    <p class='ocr_par' dir='ltr' id='par_1_1' title="bbox 442 474 1318 530">
     <span class='ocr_line' id='line_1_1' title="bbox 442 474 1318 530; baseline 0 -3"><span class='ocrx_word' id='word_1_1' title='bbox 442 474 814 530; x_wconf 83' lang='lat' dir='ltr'><strong>EPITOME</strong></span> <span class='ocrx_word' id='word_1_2' title='bbox 875 476 963 529; x_wconf 92' lang='lat' dir='ltr'><em>LI</em></span> <span class='ocrx_word' id='word_1_3' title='bbox 978 475 1026 528; x_wconf 87' lang='lat' dir='ltr'>B</span> <span class='ocrx_word' id='word_1_4' title='bbox 1042 475 1089 528; x_wconf 81' lang='lat' dir='ltr'>R</span> <span class='ocrx_word' id='word_1_5' title='bbox 1104 476 1131 528; x_wconf 95' lang='lat' dir='ltr'>I</span> <span class='ocrx_word' id='word_1_6' title='bbox 1192 475 1318 528; x_wconf 83' lang='lat' dir='ltr'><em>XL.</em></span> 
     </span>
    </p>
   </div>
   <div class='ocr_carea' id='block_1_2' title="bbox 175 817 1589 2262">
    <p class='ocr_par' dir='ltr' id='par_1_2' title="bbox 175 817 1589 2262">
     <span class='ocr_line' id='line_1_2' title="bbox 192 817 1588 875; baseline 0.001 -17"><span class='ocrx_word' id='word_1_7' title='bbox 192 817 392 868; x_wconf 79' lang='lat' dir='ltr'><em>QUUM</em></span> <span class='ocrx_word' id='word_1_8' title='bbox 419 819 637 873; x_wconf 73' lang='lat' dir='ltr'><em>Philippus</em></span> <span class='ocrx_word' id='word_1_9' title='bbox 672 819 810 859; x_wconf 88' lang='lat' dir='ltr'><em>liberos</em></span> <span class='ocrx_word' id='word_1_10' title='bbox 845 834 992 869; x_wconf 90' lang='lat' dir='ltr'><em>eorum,</em></span> <span class='ocrx_word' id='word_1_11' title='bbox 1028 834 1125 875; x_wconf 88' lang='lat' dir='ltr'><em>quos</em></span> <span class='ocrx_word' id='word_1_12' title='bbox 1161 820 1369 868; x_wconf 88' lang='lat' dir='ltr'><em>occiderat,</em></span> <span class='ocrx_word' id='word_1_13' title='bbox 1405 820 1588 874; x_wconf 78' lang='lat' dir='ltr'><em>conquiri</em></span> 
     </span>
     <span class='ocr_line' id='line_1_3' title="bbox 184 877 1585 931; baseline 0.001 -15"><span class='ocrx_word' id='word_1_14' title='bbox 184 877 332 917; x_wconf 87' lang='lat' dir='ltr'><em>obsides</em></span> <span class='ocrx_word' id='word_1_15' title='bbox 353 878 539 926; x_wconf 86' lang='lat' dir='ltr'><em>iussisset,</em></span> <span class='ocrx_word' id='word_1_16' title='bbox 565 878 788 926; x_wconf 68' lang='lat' dir='ltr'><em>Theoxena,</em></span> <span class='ocrx_word' id='word_1_17' title='bbox 801 882 881 931; x_wconf 84' lang='lat' dir='ltr'><em>pro</em></span> <span class='ocrx_word' id='word_1_18' title='bbox 899 878 1029 918; x_wconf 83' lang='lat' dir='ltr'><em>liberis</em></span> <span class='ocrx_word' id='word_1_19' title='bbox 1044 880 1127 918; x_wconf 90' lang='lat' dir='ltr'><em>suis</em></span> <span class='ocrx_word' id='word_1_20' title='bbox 1147 885 1185 918; x_wconf 91' lang='lat' dir='ltr'><em>et</em></span> <span class='ocrx_word' id='word_1_21' title='bbox 1203 880 1350 918; x_wconf 88' lang='lat' dir='ltr'><em>sororis</em></span> <span class='ocrx_word' id='word_1_22' title='bbox 1371 878 1585 917; x_wconf 81' lang='lat' dir='ltr'><em>admodum</em></span> 
     </span>
     <span class='ocr_line' id='line_1_4' title="bbox 176 935 1588 990; baseline 0.001 -16"><span class='ocrx_word' id='word_1_23' title='bbox 176 936 318 989; x_wconf 87' lang='lat' dir='ltr'><em>pueris</em></span> <span class='ocrx_word' id='word_1_24' title='bbox 347 937 473 974; x_wconf 85' lang='lat' dir='ltr'><em>verita</em></span> <span class='ocrx_word' id='word_1_25' title='bbox 509 937 613 989; x_wconf 75' lang='lat' dir='ltr'><em>reqis</em></span> <span class='ocrx_word' id='word_1_26' title='bbox 647 935 857 984; x_wconf 77' lang='lat' dir='ltr'><em>libidinem,</em></span> <span class='ocrx_word' id='word_1_27' title='bbox 885 936 1061 990; x_wconf 85' lang='lat' dir='ltr'><em>prolatis</em></span> <span class='ocrx_word' id='word_1_28' title='bbox 1096 938 1137 976; x_wconf 87' lang='lat' dir='ltr'><em>in</em></span> <span class='ocrx_word' id='word_1_29' title='bbox 1170 937 1341 976; x_wconf 88' lang='lat' dir='ltr'><em>medium</em></span> <span class='ocrx_word' id='word_1_30' title='bbox 1369 936 1520 990; x_wconf 71' lang='lat' dir='ltr'><em>qladiis</em></span> <span class='ocrx_word' id='word_1_31' title='bbox 1549 941 1588 975; x_wconf 87' lang='lat' dir='ltr'><em>et</em></span> 
     </span>
     <span class='ocr_line' id='line_1_5' title="bbox 175 993 1585 1047; baseline 0.001 -15"><span class='ocrx_word' id='word_1_32' title='bbox 175 993 334 1047; x_wconf 88' lang='lat' dir='ltr'><em>poculo,</em></span> <span class='ocrx_word' id='word_1_33' title='bbox 353 995 394 1032; x_wconf 88' lang='lat' dir='ltr'><em>in</em></span> <span class='ocrx_word' id='word_1_34' title='bbox 415 1007 492 1047; x_wconf 87' lang='lat' dir='ltr'><em>quo</em></span> <span class='ocrx_word' id='word_1_35' title='bbox 512 999 600 1032; x_wconf 89' lang='lat' dir='ltr'><em>erat</em></span> <span class='ocrx_word' id='word_1_36' title='bbox 620 1008 823 1042; x_wconf 80' lang='lat' dir='ltr'><em>venenum,</em></span> <span class='ocrx_word' id='word_1_37' title='bbox 841 995 970 1045; x_wconf 80' lang='lat' dir='ltr'><em>suasit</em></span> <span class='ocrx_word' id='word_1_38' title='bbox 990 995 1051 1042; x_wconf 85' lang='lat' dir='ltr'><em>iis,</em></span> <span class='ocrx_word' id='word_1_39' title='bbox 1076 1000 1122 1034; x_wconf 89' lang='lat' dir='ltr'><em>ut</em></span> <span class='ocrx_word' id='word_1_40' title='bbox 1139 995 1347 1034; x_wconf 77' lang='lat' dir='ltr'><em>imminens</em></span> <span class='ocrx_word' id='word_1_41' title='bbox 1369 994 1585 1034; x_wconf 79' lang='lat' dir='ltr'><em>ludibrium</em></span> 
     </span>
     <span class='ocr_line' id='line_1_6' title="bbox 183 1050 1586 1106; baseline 0.001 -16"><span class='ocrx_word' id='word_1_42' title='bbox 183 1056 307 1090; x_wconf 88' lang='lat' dir='ltr'><em>morte</em></span> <span class='ocrx_word' id='word_1_43' title='bbox 327 1050 572 1105; x_wconf 72' lang='lat' dir='ltr'><em>effuqerent:</em></span> <span class='ocrx_word' id='word_1_44' title='bbox 605 1052 713 1105; x_wconf 86' lang='lat' dir='ltr'><em>quod</em></span> <span class='ocrx_word' id='word_1_45' title='bbox 735 1066 856 1106; x_wconf 90' lang='lat' dir='ltr'><em>quum</em></span> <span class='ocrx_word' id='word_1_46' title='bbox 878 1054 1156 1106; x_wconf 77' lang='lat' dir='ltr'><em>persuasisset,</em></span> <span class='ocrx_word' id='word_1_47' title='bbox 1179 1053 1270 1106; x_wconf 86' lang='lat' dir='ltr'><em>ipsa</em></span> <span class='ocrx_word' id='word_1_48' title='bbox 1291 1067 1331 1091; x_wconf 87' lang='lat' dir='ltr'><em>se</em></span> <span class='ocrx_word' id='word_1_49' title='bbox 1351 1066 1439 1092; x_wconf 89' lang='lat' dir='ltr'><em>cum</em></span> <span class='ocrx_word' id='word_1_50' title='bbox 1461 1053 1546 1091; x_wconf 85' lang='lat' dir='ltr'><em>viro</em></span> <span class='ocrx_word' id='word_1_51' title='bbox 1566 1066 1586 1091; x_wconf 93' lang='lat' dir='ltr'><em>e</em></span> 
     </span>
     <span class='ocr_line' id='line_1_7' title="bbox 183 1109 1586 1164; baseline 0.001 -16"><span class='ocrx_word' id='word_1_52' title='bbox 183 1110 281 1148; x_wconf 81' lang='lat' dir='ltr'><em>navi</em></span> <span class='ocrx_word' id='word_1_53' title='bbox 309 1110 351 1148; x_wconf 91' lang='lat' dir='ltr'><em>in</em></span> <span class='ocrx_word' id='word_1_54' title='bbox 381 1123 492 1148; x_wconf 87' lang='lat' dir='ltr'><em>mare</em></span> <span class='ocrx_word' id='word_1_55' title='bbox 515 1110 816 1163; x_wconf 83' lang='lat' dir='ltr'><em>praecipitavit.</em></span> <span class='ocrx_word' id='word_1_56' title='bbox 887 1109 1120 1150; x_wconf 86' lang='lat' dir='ltr'><em>Certamina</em></span> <span class='ocrx_word' id='word_1_57' title='bbox 1150 1111 1250 1150; x_wconf 85' lang='lat' dir='ltr'><em>inter</em></span> <span class='ocrx_word' id='word_1_58' title='bbox 1273 1110 1462 1164; x_wconf 71' lang='lat' dir='ltr'><em>Philippi</em></span> <span class='ocrx_word' id='word_1_59' title='bbox 1484 1109 1586 1149; x_wconf 84' lang='lat' dir='ltr'><em>Ma-</em></span> 
     </span>
     <span class='ocr_line' id='line_1_8' title="bbox 185 1167 1587 1221; baseline 0.001 -16"><span class='ocrx_word' id='word_1_60' title='bbox 185 1167 368 1206; x_wconf 85' lang='lat' dir='ltr'><em>cedoniae</em></span> <span class='ocrx_word' id='word_1_61' title='bbox 388 1168 492 1221; x_wconf 73' lang='lat' dir='ltr'><em>reqis</em></span> <span class='ocrx_word' id='word_1_62' title='bbox 514 1167 652 1206; x_wconf 82' lang='lat' dir='ltr'><em>liberos</em></span> <span class='ocrx_word' id='word_1_63' title='bbox 673 1167 824 1207; x_wconf 84' lang='lat' dir='ltr'><em>Persen</em></span> <span class='ocrx_word' id='word_1_64' title='bbox 845 1173 883 1207; x_wconf 88' lang='lat' dir='ltr'><em>et</em></span> <span class='ocrx_word' id='word_1_65' title='bbox 901 1167 1154 1207; x_wconf 79' lang='lat' dir='ltr'><em>Demetrium</em></span> <span class='ocrx_word' id='word_1_66' title='bbox 1183 1169 1416 1221; x_wconf 77' lang='lat' dir='ltr'><em>referuntur</em></span> <span class='ocrx_word' id='word_1_67' title='bbox 1432 1183 1445 1208; x_wconf 91' lang='lat'><em>.·</em></span> <span class='ocrx_word' id='word_1_68' title='bbox 1478 1173 1516 1207; x_wconf 87' lang='lat' dir='ltr'><em>et</em></span> <span class='ocrx_word' id='word_1_69' title='bbox 1542 1173 1587 1207; x_wconf 86' lang='lat' dir='ltr'><em>ut</em></span> 
     </span>
     <span class='ocr_line' id='line_1_9' title="bbox 181 1224 1585 1292; baseline 0 -28"><span class='ocrx_word' id='word_1_70' title='bbox 181 1225 332 1275; x_wconf 72' lang='lat' dir='ltr'><em>fraude</em></span> <span class='ocrx_word' id='word_1_71' title='bbox 345 1225 503 1278; x_wconf 67' lang='lat' dir='ltr'><em>fratris</em></span> <span class='ocrx_word' id='word_1_72' title='bbox 529 1226 594 1264; x_wconf 87' lang='lat' dir='ltr'><em>sui</em></span> <span class='ocrx_word' id='word_1_73' title='bbox 613 1224 846 1265; x_wconf 89' lang='lat' dir='ltr'><em>Demetrius</em></span> <span class='ocrx_word' id='word_1_74' title='bbox 874 1226 1053 1277; x_wconf 76' lang='lat' dir='ltr'><em>confictis</em></span> <span class='ocrx_word' id='word_1_75' title='bbox 1081 1226 1324 1292; x_wconf 81' lang='lat' dir='ltr'><em>criminibus,</em></span> <span class='ocrx_word' id='word_1_76' title='bbox 1353 1227 1456 1265; x_wconf 88' lang='lat' dir='ltr'><em>inter</em></span> <span class='ocrx_word' id='word_1_77' title='bbox 1483 1240 1585 1280; x_wconf 86' lang='lat' dir='ltr'><em>quae</em></span> 
     </span>
     <span class='ocr_line' id='line_1_10' title="bbox 184 1282 1588 1338; baseline 0.001 -17"><span class='ocrx_word' id='word_1_78' title='bbox 184 1283 436 1321; x_wconf 78' lang='lat' dir='ltr'><em>accusatione</em></span> <span class='ocrx_word' id='word_1_79' title='bbox 456 1283 677 1336; x_wconf 86' lang='lat' dir='ltr'><em>parricidii</em></span> <span class='ocrx_word' id='word_1_80' title='bbox 708 1289 746 1322; x_wconf 89' lang='lat' dir='ltr'><em>et</em></span> <span class='ocrx_word' id='word_1_81' title='bbox 776 1282 960 1336; x_wconf 74' lang='lat' dir='ltr'><em>affectati</em></span> <span class='ocrx_word' id='word_1_82' title='bbox 985 1285 1108 1338; x_wconf 73' lang='lat' dir='ltr'><em>requi,</em></span> <span class='ocrx_word' id='word_1_83' title='bbox 1137 1285 1315 1337; x_wconf 87' lang='lat' dir='ltr'><em>primum</em></span> <span class='ocrx_word' id='word_1_84' title='bbox 1338 1285 1502 1337; x_wconf 86' lang='lat' dir='ltr'><em>petitus,</em></span> <span class='ocrx_word' id='word_1_85' title='bbox 1531 1283 1588 1322; x_wconf 86' lang='lat' dir='ltr'><em>ad</em></span> 
     </span>
     <span class='ocr_line' id='line_1_11' title="bbox 184 1338 1586 1394; baseline 0.001 -15"><span class='ocrx_word' id='word_1_86' title='bbox 184 1340 380 1388; x_wconf 87' lang='lat' dir='ltr'><em>ultimum,</em></span> <span class='ocrx_word' id='word_1_87' title='bbox 403 1341 590 1394; x_wconf 87' lang='lat' dir='ltr'><em>quoniam</em></span> <span class='ocrx_word' id='word_1_88' title='bbox 615 1341 759 1394; x_wconf 86' lang='lat' dir='ltr'><em>populi</em></span> <span class='ocrx_word' id='word_1_89' title='bbox 778 1338 957 1380; x_wconf 83' lang='lat' dir='ltr'><em>Romani</em></span> <span class='ocrx_word' id='word_1_90' title='bbox 987 1356 1140 1380; x_wconf 74' lang='lat' dir='ltr'><em>amicus</em></span> <span class='ocrx_word' id='word_1_91' title='bbox 1172 1348 1271 1391; x_wconf 88' lang='lat' dir='ltr'><em>erat,</em></span> <span class='ocrx_word' id='word_1_92' title='bbox 1294 1356 1437 1381; x_wconf 83' lang='lat' dir='ltr'><em>veneno</em></span> <span class='ocrx_word' id='word_1_93' title='bbox 1469 1356 1586 1381; x_wconf 86' lang='lat' dir='ltr'><em>neca-</em></span> 
     </span>
     <span class='ocr_line' id='line_1_12' title="bbox 184 1398 1586 1454; baseline 0.001 -17"><span class='ocrx_word' id='word_1_94' title='bbox 184 1403 250 1438; x_wconf 90' lang='lat' dir='ltr'><em>tus</em></span> <span class='ocrx_word' id='word_1_95' title='bbox 280 1403 360 1438; x_wconf 87' lang='lat' dir='ltr'><em>est:</em></span> <span class='ocrx_word' id='word_1_96' title='bbox 399 1411 639 1452; x_wconf 84' lang='lat' dir='ltr'><em>reqnumque</em></span> <span class='ocrx_word' id='word_1_97' title='bbox 660 1398 925 1438; x_wconf 79' lang='lat' dir='ltr'><em>Macedoniae</em></span> <span class='ocrx_word' id='word_1_98' title='bbox 955 1405 1109 1438; x_wconf 86' lang='lat' dir='ltr'><em>mortuo</em></span> <span class='ocrx_word' id='word_1_99' title='bbox 1130 1398 1322 1454; x_wconf 75' lang='lat' dir='ltr'><em>Philippo</em></span> <span class='ocrx_word' id='word_1_100' title='bbox 1353 1400 1411 1438; x_wconf 91' lang='lat' dir='ltr'><em>ad</em></span> <span class='ocrx_word' id='word_1_101' title='bbox 1434 1399 1586 1439; x_wconf 84' lang='lat' dir='ltr'><em>Persen</em></span> 
     </span>
     <span class='ocr_line' id='line_1_13' title="bbox 184 1455 1586 1511; baseline 0.001 -16"><span class='ocrx_word' id='word_1_102' title='bbox 184 1456 347 1495; x_wconf 85' lang='lat' dir='ltr'><em>devenit.</em></span> <span class='ocrx_word' id='word_1_103' title='bbox 410 1455 512 1495; x_wconf 87' lang='lat' dir='ltr'><em>Item</em></span> <span class='ocrx_word' id='word_1_104' title='bbox 542 1470 605 1495; x_wconf 87' lang='lat' dir='ltr'><em>res</em></span> <span class='ocrx_word' id='word_1_105' title='bbox 633 1457 675 1496; x_wconf 87' lang='lat' dir='ltr'><em>in</em></span> <span class='ocrx_word' id='word_1_106' title='bbox 703 1456 926 1510; x_wconf 69' lang='lat' dir='ltr'><em>Liquribus</em></span> <span class='ocrx_word' id='word_1_107' title='bbox 958 1462 996 1496; x_wconf 88' lang='lat' dir='ltr'><em>et</em></span> <span class='ocrx_word' id='word_1_108' title='bbox 1021 1458 1062 1496; x_wconf 86' lang='lat' dir='ltr'><em>in</em></span> <span class='ocrx_word' id='word_1_109' title='bbox 1090 1457 1301 1511; x_wconf 70' lang='lat' dir='ltr'><em>Ilispania</em></span> <span class='ocrx_word' id='word_1_110' title='bbox 1329 1463 1469 1497; x_wconf 88' lang='lat' dir='ltr'><em>contra</em></span> <span class='ocrx_word' id='word_1_111' title='bbox 1498 1456 1586 1497; x_wconf 84' lang='lat' dir='ltr'><em>Cel-</em></span> 
     </span>
     <span class='ocr_line' id='line_1_14' title="bbox 185 1513 1586 1567; baseline 0 -13"><span class='ocrx_word' id='word_1_112' title='bbox 185 1514 326 1554; x_wconf 79' lang='lat' dir='ltr'><em>tiberos</em></span> <span class='ocrx_word' id='word_1_113' title='bbox 347 1528 374 1552; x_wconf 87' lang='lat' dir='ltr'><em>a</em></span> <span class='ocrx_word' id='word_1_114' title='bbox 399 1513 667 1567; x_wconf 80' lang='lat' dir='ltr'><em>compluribus</em></span> <span class='ocrx_word' id='word_1_115' title='bbox 682 1514 862 1566; x_wconf 83' lang='lat' dir='ltr'><em>feliciter</em></span> <span class='ocrx_word' id='word_1_116' title='bbox 877 1520 1012 1567; x_wconf 40' lang='lat' dir='ltr'><em>,qestas</em></span> <span class='ocrx_word' id='word_1_117' title='bbox 1040 1516 1220 1555; x_wconf 77' lang='lat' dir='ltr'><em>continet.</em></span> <span class='ocrx_word' id='word_1_118' title='bbox 1283 1514 1404 1556; x_wconf 85' lang='lat' dir='ltr'><em>Libri</em></span> <span class='ocrx_word' id='word_1_119' title='bbox 1422 1514 1586 1555; x_wconf 87' lang='lat' dir='ltr'><em>Numae</em></span> 
     </span>
     <span class='ocr_line' id='line_1_15' title="bbox 185 1570 1588 1637; baseline 0.001 -26"><span class='ocrx_word' id='word_1_120' title='bbox 185 1571 380 1637; x_wconf 81' lang='lat' dir='ltr'><em>Pompilii</em></span> <span class='ocrx_word' id='word_1_121' title='bbox 398 1572 440 1610; x_wconf 89' lang='lat' dir='ltr'><em>in</em></span> <span class='ocrx_word' id='word_1_122' title='bbox 462 1585 561 1625; x_wconf 68' lang='lat' dir='ltr'><em>ayro</em></span> <span class='ocrx_word' id='word_1_123' title='bbox 582 1570 634 1610; x_wconf 91' lang='lat' dir='ltr'><em>L.</em></span> <span class='ocrx_word' id='word_1_124' title='bbox 653 1571 809 1610; x_wconf 80' lang='lat' dir='ltr'><em>Petillii</em></span> <span class='ocrx_word' id='word_1_125' title='bbox 834 1572 986 1611; x_wconf 87' lang='lat' dir='ltr'><em>scribae</em></span> <span class='ocrx_word' id='word_1_126' title='bbox 1013 1572 1084 1611; x_wconf 85' lang='lat' dir='ltr'><em>sub</em></span> <span class='ocrx_word' id='word_1_127' title='bbox 1107 1572 1293 1612; x_wconf 89' lang='lat' dir='ltr'><em>Ianiculo</em></span> <span class='ocrx_word' id='word_1_128' title='bbox 1318 1588 1344 1611; x_wconf 90' lang='lat' dir='ltr'><em>a</em></span> <span class='ocrx_word' id='word_1_129' title='bbox 1370 1573 1588 1613; x_wconf 90' lang='lat' dir='ltr'><em>cultoribus</em></span> 
     </span>
     <span class='ocr_line' id='line_1_16' title="bbox 185 1629 1584 1683; baseline 0.001 -15.016"><span class='ocrx_word' id='word_1_130' title='bbox 185 1644 265 1683; x_wconf 93' lang='grc'><em>797</em></span> <span class='ocrx_word' id='word_1_131' title='bbox 265 1644 289 1677; x_wconf 88' lang='grc'><em>7,</em></span> <span class='ocrx_word' id='word_1_132' title='bbox 312 1630 354 1668; x_wconf 89' lang='lat' dir='ltr'><em>in</em></span> <span class='ocrx_word' id='word_1_133' title='bbox 375 1644 473 1668; x_wconf 85' lang='lat' dir='ltr'><em>arca</em></span> <span class='ocrx_word' id='word_1_134' title='bbox 496 1629 655 1682; x_wconf 73' lang='lat' dir='ltr'><em>lapidea</em></span> <span class='ocrx_word' id='word_1_135' title='bbox 676 1629 816 1677; x_wconf 78' lang='lat' dir='ltr'><em>clausi,</em></span> <span class='ocrx_word' id='word_1_136' title='bbox 839 1635 877 1668; x_wconf 87' lang='lat' dir='ltr'><em>et</em></span> <span class='ocrx_word' id='word_1_137' title='bbox 897 1629 1050 1670; x_wconf 84' lang='lat' dir='ltr'><em>Graeci</em></span> <span class='ocrx_word' id='word_1_138' title='bbox 1068 1636 1106 1669; x_wconf 85' lang='lat' dir='ltr'><em>et</em></span> <span class='ocrx_word' id='word_1_139' title='bbox 1119 1629 1276 1679; x_wconf 81' lang='lat' dir='ltr'><em>Latini,</em></span> <span class='ocrx_word' id='word_1_140' title='bbox 1300 1631 1450 1670; x_wconf 78' lang='lat' dir='ltr'><em>inventi</em></span> <span class='ocrx_word' id='word_1_141' title='bbox 1463 1637 1584 1679; x_wconf 85' lang='lat' dir='ltr'><em>sunt,-</em></span> 
     </span>
     <span class='ocr_line' id='line_1_17' title="bbox 185 1686 1586 1742; baseline 0.001 -16"><span class='ocrx_word' id='word_1_142' title='bbox 185 1689 227 1727; x_wconf 89' lang='lat' dir='ltr'><em>in</em></span> <span class='ocrx_word' id='word_1_143' title='bbox 272 1687 413 1741; x_wconf 88' lang='lat' dir='ltr'><em>quibus</em></span> <span class='ocrx_word' id='word_1_144' title='bbox 463 1701 584 1741; x_wconf 85' lang='lat' dir='ltr'><em>quum</em></span> <span class='ocrx_word' id='word_1_145' title='bbox 623 1686 764 1740; x_wconf 88' lang='lat' dir='ltr'><em>plura,</em></span> <span class='ocrx_word' id='word_1_146' title='bbox 806 1701 908 1741; x_wconf 87' lang='lat' dir='ltr'><em>quae</em></span> <span class='ocrx_word' id='word_1_147' title='bbox 952 1687 1293 1728; x_wconf 77' lang='lat' dir='ltr'><em>dissolvendarum</em></span> <span class='ocrx_word' id='word_1_148' title='bbox 1339 1688 1586 1742; x_wconf 75' lang='lat' dir='ltr'><em>reliqionum,</em></span> 
     </span>
     <span class='ocr_line' id='line_1_18' title="bbox 177 1744 1587 1799; baseline 0.002 -16"><span class='ocrx_word' id='word_1_149' title='bbox 177 1750 358 1799; x_wconf 86' lang='lat' dir='ltr'><em>praetor,</em></span> <span class='ocrx_word' id='word_1_150' title='bbox 382 1745 439 1783; x_wconf 88' lang='lat' dir='ltr'><em>ad</em></span> <span class='ocrx_word' id='word_1_151' title='bbox 456 1759 569 1799; x_wconf 87' lang='lat' dir='ltr'><em>quem</em></span> <span class='ocrx_word' id='word_1_152' title='bbox 594 1744 718 1783; x_wconf 87' lang='lat' dir='ltr'><em>delati</em></span> <span class='ocrx_word' id='word_1_153' title='bbox 744 1750 870 1793; x_wconf 87' lang='lat' dir='ltr'><em>erant,</em></span> <span class='ocrx_word' id='word_1_154' title='bbox 895 1745 1058 1799; x_wconf 74' lang='lat' dir='ltr'><em>leqzsset,</em></span> <span class='ocrx_word' id='word_1_155' title='bbox 1082 1747 1235 1785; x_wconf 80' lang='lat' dir='ltr'><em>iuravit</em></span> <span class='ocrx_word' id='word_1_156' title='bbox 1254 1747 1422 1795; x_wconf 90' lang='lat' dir='ltr'><em>senatui,</em></span> <span class='ocrx_word' id='word_1_157' title='bbox 1446 1752 1587 1786; x_wconf 87' lang='lat' dir='ltr'><em>contra</em></span> 
     </span>
     <span class='ocr_line' id='line_1_19' title="bbox 184 1802 1588 1858; baseline 0.001 -15"><span class='ocrx_word' id='word_1_158' title='bbox 184 1803 468 1857; x_wconf 86' lang='lat' dir='ltr'><em>rempublicam</em></span> <span class='ocrx_word' id='word_1_159' title='bbox 489 1817 579 1850; x_wconf 83' lang='lat' dir='ltr'><em>esse,</em></span> <span class='ocrx_word' id='word_1_160' title='bbox 599 1808 644 1841; x_wconf 87' lang='lat' dir='ltr'><em>ut</em></span> <span class='ocrx_word' id='word_1_161' title='bbox 664 1802 884 1856; x_wconf 68' lang='lat' dir='ltr'><em>leqerentur</em></span> <span class='ocrx_word' id='word_1_162' title='bbox 903 1809 1234 1858; x_wconf 81' lang='lat' dir='ltr'><em>servarenturque</em></span> <span class='ocrx_word' id='word_1_163' title='bbox 1246 1819 1260 1844; x_wconf 85' lang='grc'><em>.-</em></span> <span class='ocrx_word' id='word_1_164' title='bbox 1282 1810 1320 1844; x_wconf 86' lang='lat' dir='ltr'><em>et</em></span> <span class='ocrx_word' id='word_1_165' title='bbox 1339 1818 1385 1843; x_wconf 67' lang='lat' dir='ltr'><em>ex</em></span> <span class='ocrx_word' id='word_1_166' title='bbox 1405 1810 1588 1844; x_wconf 88' lang='lat' dir='ltr'><em>senatus-</em></span> 
     </span>
     <span class='ocr_line' id='line_1_20' title="bbox 186 1860 1586 1916; baseline 0.001 -16"><span class='ocrx_word' id='word_1_167' title='bbox 186 1860 360 1900; x_wconf 90' lang='lat' dir='ltr'><em>consulto</em></span> <span class='ocrx_word' id='word_1_168' title='bbox 393 1861 434 1900; x_wconf 89' lang='lat' dir='ltr'><em>in</em></span> <span class='ocrx_word' id='word_1_169' title='bbox 471 1861 625 1900; x_wconf 87' lang='lat' dir='ltr'><em>comitio</em></span> <span class='ocrx_word' id='word_1_170' title='bbox 660 1861 789 1899; x_wconf 71' lang='lat' dir='ltr'><em>exusti</em></span> <span class='ocrx_word' id='word_1_171' title='bbox 821 1866 924 1901; x_wconf 86' lang='lat' dir='ltr'><em>sunt.</em></span> <span class='ocrx_word' id='word_1_172' title='bbox 996 1860 1161 1901; x_wconf 87' lang='lat' dir='ltr'><em>Colonia</em></span> <span class='ocrx_word' id='word_1_173' title='bbox 1191 1861 1381 1916; x_wconf 84' lang='lat' dir='ltr'><em>Aquileia</em></span> <span class='ocrx_word' id='word_1_174' title='bbox 1417 1862 1586 1902; x_wconf 87' lang='lat' dir='ltr'><em>deducta</em></span> 
     </span>
     <span class='ocr_line' id='line_1_21' title="bbox 185 1918 1587 1974; baseline 0.001 -16"><span class='ocrx_word' id='word_1_175' title='bbox 185 1925 253 1959; x_wconf 88' lang='lat' dir='ltr'><em>est.</em></span> <span class='ocrx_word' id='word_1_176' title='bbox 302 1919 533 1972; x_wconf 79' lang='lat' dir='ltr'><em>Philippus,</em></span> <span class='ocrx_word' id='word_1_177' title='bbox 556 1918 805 1972; x_wconf 70' lang='lat' dir='ltr'><em>acqritudine</em></span> <span class='ocrx_word' id='word_1_178' title='bbox 825 1920 953 1958; x_wconf 87' lang='lat' dir='ltr'><em>animi</em></span> <span class='ocrx_word' id='word_1_179' title='bbox 972 1919 1185 1973; x_wconf 76' lang='lat' dir='ltr'><em>confectus,</em></span> <span class='ocrx_word' id='word_1_180' title='bbox 1208 1920 1316 1974; x_wconf 87' lang='lat' dir='ltr'><em>quod</em></span> <span class='ocrx_word' id='word_1_181' title='bbox 1333 1919 1587 1960; x_wconf 72' lang='lat' dir='ltr'><em>Demetrium</em></span> 
     </span>
     <span class='ocr_line' id='line_1_22' title="bbox 180 1976 1587 2031; baseline 0.001 -16"><span class='ocrx_word' id='word_1_182' title='bbox 180 1977 328 2027; x_wconf 81' lang='lat' dir='ltr'><em>filium,</em></span> <span class='ocrx_word' id='word_1_183' title='bbox 339 1977 468 2030; x_wconf 88' lang='lat' dir='ltr'><em>falsis</em></span> <span class='ocrx_word' id='word_1_184' title='bbox 489 1976 629 2015; x_wconf 85' lang='lat' dir='ltr'><em>Persei</em></span> <span class='ocrx_word' id='word_1_185' title='bbox 647 1976 814 2016; x_wconf 90' lang='lat' dir='ltr'><em>alterius</em></span> <span class='ocrx_word' id='word_1_186' title='bbox 819 1976 913 2028; x_wconf 86' lang='lat' dir='ltr'><em>filii</em></span> <span class='ocrx_word' id='word_1_187' title='bbox 931 1977 1192 2017; x_wconf 86' lang='lat' dir='ltr'><em>delationibus</em></span> <span class='ocrx_word' id='word_1_188' title='bbox 1213 1977 1420 2031; x_wconf 84' lang='lat' dir='ltr'><em>impulsus,</em></span> <span class='ocrx_word' id='word_1_189' title='bbox 1442 1992 1587 2018; x_wconf 87' lang='lat' dir='ltr'><em>veneno</em></span> 
     </span>
     <span class='ocr_line' id='line_1_23' title="bbox 185 2034 1586 2090; baseline 0 -15"><span class='ocrx_word' id='word_1_190' title='bbox 185 2034 418 2083; x_wconf 83' lang='lat' dir='ltr'><em>sustulisset,</em></span> <span class='ocrx_word' id='word_1_191' title='bbox 442 2040 478 2073; x_wconf 85' lang='lat' dir='ltr'><em>et</em></span> <span class='ocrx_word' id='word_1_192' title='bbox 504 2034 551 2073; x_wconf 91' lang='lat' dir='ltr'><em>de</em></span> <span class='ocrx_word' id='word_1_193' title='bbox 571 2048 704 2087; x_wconf 88' lang='lat' dir='ltr'><em>poena</em></span> <span class='ocrx_word' id='word_1_194' title='bbox 726 2034 868 2074; x_wconf 89' lang='lat' dir='ltr'><em>Persei</em></span> <span class='ocrx_word' id='word_1_195' title='bbox 896 2036 1095 2088; x_wconf 69' lang='lat' dir='ltr'><em>coyitavit,</em></span> <span class='ocrx_word' id='word_1_196' title='bbox 1118 2035 1317 2089; x_wconf 84' lang='lat' dir='ltr'><em>voluitque</em></span> <span class='ocrx_word' id='word_1_197' title='bbox 1336 2035 1586 2090; x_wconf 70' lang='lat' dir='ltr'><em>Antiqonum</em></span> 
     </span>
     <span class='ocr_line' id='line_1_24' title="bbox 180 2093 1589 2148; baseline 0.001 -17"><span class='ocrx_word' id='word_1_198' title='bbox 180 2094 318 2147; x_wconf 86' lang='lat' dir='ltr'><em>potius</em></span> <span class='ocrx_word' id='word_1_199' title='bbox 345 2093 518 2131; x_wconf 89' lang='lat' dir='ltr'><em>amicum</em></span> <span class='ocrx_word' id='word_1_200' title='bbox 546 2106 663 2131; x_wconf 88' lang='lat' dir='ltr'><em>suum</em></span> <span class='ocrx_word' id='word_1_201' title='bbox 693 2106 952 2132; x_wconf 85' lang='lat' dir='ltr'><em>successorem</em></span> <span class='ocrx_word' id='word_1_202' title='bbox 980 2094 1094 2146; x_wconf 71' lang='grc'><strong><em>769777</em></strong></span> <span class='ocrx_word' id='word_1_203' title='bbox 1118 2094 1184 2132; x_wconf 88' lang='lat' dir='ltr'><em>sui</em></span> <span class='ocrx_word' id='word_1_204' title='bbox 1209 2093 1439 2148; x_wconf 86' lang='lat' dir='ltr'><em>relinquere.</em></span> <span class='ocrx_word' id='word_1_205' title='bbox 1506 2093 1589 2133; x_wconf 86' lang='lat' dir='ltr'><em>Sed</em></span> 
     </span>
     <span class='ocr_line' id='line_1_25' title="bbox 186 2150 1586 2206; baseline 0.001 -17"><span class='ocrx_word' id='word_1_206' title='bbox 186 2152 229 2190; x_wconf 87' lang='lat' dir='ltr'><em>in</em></span> <span class='ocrx_word' id='word_1_207' title='bbox 261 2151 338 2189; x_wconf 74' lang='lat' dir='ltr'><em>liac</em></span> <span class='ocrx_word' id='word_1_208' title='bbox 370 2151 603 2205; x_wconf 74' lang='lat' dir='ltr'><em>coqitationc</em></span> <span class='ocrx_word' id='word_1_209' title='bbox 638 2155 760 2189; x_wconf 88' lang='lat' dir='ltr'><em>morte</em></span> <span class='ocrx_word' id='word_1_210' title='bbox 791 2156 935 2204; x_wconf 87' lang='lat' dir='ltr'><em>raptus</em></span> <span class='ocrx_word' id='word_1_211' title='bbox 969 2156 1035 2191; x_wconf 89' lang='lat' dir='ltr'><em>est.</em></span> <span class='ocrx_word' id='word_1_212' title='bbox 1099 2150 1284 2206; x_wconf 76' lang='lat' dir='ltr'><em>Reqnum</em></span> <span class='ocrx_word' id='word_1_213' title='bbox 1317 2151 1489 2191; x_wconf 86' lang='lat' dir='ltr'><em>Perseus</em></span> <span class='ocrx_word' id='word_1_214' title='bbox 1520 2166 1586 2191; x_wconf 65' lang='grc' dir='ltr'><em>θεε-</em></span> 
     </span>
     <span class='ocr_line' id='line_1_26' title="bbox 187 2209 299 2262; baseline 0 -15"><span class='ocrx_word' id='word_1_215' title='bbox 187 2209 299 2262; x_wconf 86' lang='lat' dir='ltr'><em>cepit.</em></span> 
     </span>
    </p>
   </div>
  </div>
 </body>
</html>
