1960 3218
162 241 205 272 U.
223 242 260 273 C.
285 250 356 282 557.

161 285 197 316 Α.
223 286 261 317 C.
289 294 356 326 195.

222 416 289 455 36.

158 471 236 502 Non
254 473 321 511 pla-

158 518 232 544 cent
247 515 324 546 illae

158 556 291 589 Nabidi.

156 878 275 918 Neque
292 878 353 910 La-

155 922 323 952 cedaemo-

156 963 226 995 niis.

217 1629 283 1670 37.

156 2096 275 2125 Parant
291 2105 324 2125 se

152 2139 193 2168 ad
210 2139 343 2170 bellum.

374 146 454 185 160
893 144 1042 187 ΤΙΤΙ
1080 144 1261 187 LIVII

371 236 601 292 ‘quinque,
637 252 742 293 quos
773 237 1014 294 imperatori
1049 237 1243 279 Romano
1276 237 1499 293 placuisset
1511 254 1521 287 ;
1559 238 1693 279 filium
1724 239 1769 279 in

371 294 460 334 ‘his
481 309 627 335 suum:
662 304 704 336 et
726 294 882 336 talenta
903 304 1075 337 eentum
1090 295 1254 351 argenti
1276 296 1319 335 in
1340 295 1562 351 praesenti,
1581 304 1623 337 et
1645 296 1768 352 quin-

371 352 596 408 ‘quaginta
618 352 776 394 talenta
796 353 839 393 in
862 353 1046 409 singulos
1068 368 1198 394 annos
1220 368 1295 409 per
1315 368 1446 394 annos
1468 354 1588 395 oet0.'

428 409 548 451 Haec
576 411 824 467 conscripta,
847 411 990 452 castris
1018 411 1191 467 propius
1220 411 1367 452 urbem
1395 411 1530 461 motis,
1554 410 1767 452 Lacedae-

368 482 538 509 monem
566 468 818 510 mittuntur:
853 484 932 510 nec
960 484 1058 510 sane
1088 469 1314 525 quicquam
1338 484 1482 510 eorum
1511 469 1608 510 satis
1628 468 1768 525 place-

367 525 439 566 bat
461 534 653 582 tyranno,
678 527 757 567 nisi
786 526 913 582 quod,
937 535 1101 583 praeter
1125 542 1255 582 spem,
1279 526 1618 568 reducendorum
1644 542 1768 568 exsu-

366 582 455 624 lum
485 584 642 626 mentio
668 584 784 625 nulla
811 585 919 625 facta
946 593 1044 626 erat.
1109 584 1299 626 Maxime
1328 594 1468 626 autem
1497 584 1687 626 omnium
1718 599 1768 626 ea

366 655 431 681 res
453 641 705 691 offendebat,
730 642 845 698 quod
873 651 916 684 et
936 657 1074 691 naves,
1097 650 1139 683 et
1160 642 1392 683 maritimae
1414 642 1601 683 civitates
1622 641 1767 683 adem-

367 707 463 754 ptae
487 708 616 740 erant.
685 699 839 741 Fuerat
861 708 1000 741 autem
1024 700 1062 740 ei
1090 715 1244 755 magno
1264 700 1419 741 fructui
1440 715 1565 749 mare,
1596 714 1765 741 omnem

366 771 480 797 oram
499 756 665 798 Maleae
683 757 954 813 praedatoriis
970 758 1145 798 navibus
1162 758 1355 798 infestam
1372 758 1557 799 habenti.
1611 757 1760 798 Iuven-

366 822 499 855 tutem
521 824 738 870 praeterea
764 815 993 856 civitatium
1017 830 1159 856 earum
1187 815 1239 856 ad
1269 815 1610 871 supplementum
1638 814 1763 871 longe

366 872 515 928 optimi
545 873 710 928 generis
738 872 919 913 militum
948 873 1139 914 habebat.
1205 872 1294 913 Has
1323 873 1596 923 conditiones,
1629 888 1764 929 quan-

365 945 491 986 quam
514 930 601 985 ipse
624 931 668 970 in
697 938 856 971 secreto
877 930 1135 971 volutaverat
1164 945 1258 971 cum
1289 931 1444 979 amicis,
1467 930 1592 986 vulgo
1621 939 1764 971 tamen

365 1002 510 1029 omnes
532 987 640 1028 farma
660 987 861 1037 ferebant,
885 988 1013 1037 vanis,
1038 996 1084 1028 ut
1105 987 1158 1028 ad
1179 997 1359 1029 ceteram
1382 988 1523 1038 fidem,
1546 989 1604 1029 sie
1625 988 1679 1029 ad
1699 1003 1763 1029 se-
1779 1003 1796 1036 7

365 1054 479 1087 creta
519 1045 713 1101 tegenda,
751 1046 977 1087 satellitum
1018 1045 1231 1101 regiorum
1272 1045 1462 1102 ingeniis.
1534 1045 1636 1087 Non
1678 1054 1763 1087 tam

364 1103 506 1145 omnia
534 1103 729 1153 universi,
762 1119 889 1160 quam
926 1119 987 1153 ea,
1020 1119 1127 1159 quae
1159 1104 1213 1145 ad
1244 1119 1456 1160 quemque
1488 1103 1762 1160 pertinerent,

363 1160 517 1217 singuli
547 1162 786 1218 carpebant.
854 1161 942 1210 Qui
970 1161 1162 1202 exsulum
1194 1162 1394 1217 coniuges
1423 1161 1466 1201 in
1496 1161 1762 1202 matrimonio

363 1218 587 1268 habebant,
622 1228 694 1260 aut
730 1235 782 1260 ex
815 1220 936 1261 bonis
969 1234 1115 1260 eorum
1151 1219 1312 1275 aliquid
1348 1219 1632 1275 possederant,
1670 1227 1763 1260 tan-

364 1292 492 1332 quam
513 1277 715 1326 amissuri,
738 1293 825 1318 non
852 1277 1070 1327 reddituri,
1095 1277 1434 1333 indignabantur.
1500 1276 1637 1318 Servis
1658 1276 1763 1318 libe-

363 1335 462 1375 ratis
490 1350 514 1375 a
542 1344 722 1391 tyranno
748 1350 833 1376 non
865 1335 982 1376 irrita
1009 1335 1135 1376 modo
1163 1335 1303 1375 futura
1323 1334 1504 1384 libertas,
1526 1334 1601 1375 sed
1629 1334 1761 1376 multo

362 1391 536 1442 foedior,
560 1408 686 1448 quam
703 1393 847 1434 fuisset
869 1401 979 1442 ante,
1003 1393 1179 1434 servitus
1200 1392 1474 1433 redeuntibus
1495 1392 1539 1432 in
1560 1392 1761 1433 iratorum

362 1449 631 1491 dominorum
667 1459 916 1506 potestatem
958 1459 1054 1491 ante
1091 1450 1234 1491 oeulos
1274 1450 1579 1491 obversabatur.
1644 1449 1762 1490 Mer-

363 1508 519 1549 cenarii
542 1508 694 1549 milites
715 1517 755 1549 et
778 1508 913 1564 pretia
941 1508 1113 1549 militiae
1143 1523 1287 1549 casura
1307 1508 1350 1548 in
1379 1523 1481 1563 pace
1510 1522 1633 1563 aegre
1655 1507 1762 1548 fere-

363 1566 476 1615 bant,
500 1574 543 1607 et
563 1565 747 1607 reditum
769 1565 847 1607 sibi
876 1565 1039 1606 nullum
1068 1581 1155 1607 esse
1178 1566 1221 1606 in
1249 1565 1437 1607 civitates
1462 1565 1673 1614 videbant,
1696 1564 1761 1605 in-

362 1623 498 1664 fensas
519 1639 605 1664 non
628 1624 816 1680 tyrannis
837 1624 980 1679 magis,
1004 1639 1130 1679 quam
1153 1623 1399 1664 satellitibus
1420 1637 1577 1664 eorum.
1641 1621 1762 1664 Haec

362 1681 473 1722 inter
493 1696 535 1722 se
557 1682 692 1737 primo
708 1682 753 1723 in
776 1681 942 1723 circulis
963 1690 1147 1722 serentes
1168 1681 1344 1722 fremere
1362 1697 1370 1721 :
1405 1680 1560 1721 deinde
1574 1680 1628 1721 ad
1648 1695 1763 1721 arma

364 1739 503 1780 subito
532 1739 831 1780 discurrerunt.
898 1739 997 1787 Quo
1019 1739 1204 1780 tumultu
1226 1753 1357 1794 quum
1386 1753 1462 1794 per
1486 1753 1528 1779 se
1550 1737 1648 1779 satis
1669 1737 1759 1778 irri-

364 1805 490 1838 tatam
514 1796 829 1838 multitudinem
852 1805 1043 1838 cerneret
1065 1805 1280 1853 tyrannus,
1299 1796 1546 1836 concionem
1568 1794 1761 1836 advocari

362 1854 493 1895 iussit.
558 1854 645 1895 Ubi
666 1870 798 1910 quum
825 1869 886 1904 ea,
916 1869 1023 1910 quae
1049 1854 1356 1910 imperarentur
1384 1869 1407 1894 a
1438 1852 1654 1902 Romanis,
1687 1867 1760 1893 ex-

361 1912 580 1967 posuisset,
599 1920 641 1953 et
663 1912 853 1968 graviora
869 1921 995 1968 atque
1012 1911 1251 1968 indigniora
1265 1911 1471 1967 quaedam
1489 1910 1590 1951 falso
1612 1910 1760 1951 affinx-

361 1970 473 2020 isset,
505 1978 548 2011 et
580 1970 634 2010 ad
669 1969 845 2026 singula,
879 1985 992 2010 nunc
1028 1970 1079 2010 ab
1116 1969 1334 2018 universis,
1366 1984 1480 2009 nunc
1517 1983 1541 2009 a
1573 1968 1760 2024 partibus

362 2028 589 2077 concionis,
613 2028 922 2077 acclamaretur,
946 2027 1229 2082 interrogavit,
1255 2032 1266 2050 ‘
1287 2026 1405 2075 Quid
1434 2041 1476 2067 se
1506 2025 1791 2082 respondereS

364 2086 442 2126 ‘ad
470 2101 531 2135 ea,
554 2094 627 2126 aut
655 2086 758 2141 quid
785 2085 920 2126 facere
948 2084 1152 2126 vellent?’
1202 2084 1339 2140 Prope
1370 2099 1454 2125 una
1475 2098 1576 2125 voce
1598 2098 1757 2133 omnes,

363 2143 511 2185 ‘Nihil
532 2143 798 2199 respondere,
820 2143 978 2183 bellum
1005 2142 1121 2199 geri,'
1142 2142 1373 2183 iusserunt:
1408 2150 1450 2182 et
1477 2156 1553 2197 pro
1581 2156 1624 2182 se
1646 2141 1760 2197 quis-

362 2217 458 2257 que,
497 2200 638 2257 qualia
672 2200 900 2242 multitudo
941 2199 1058 2250 solet,
1094 2201 1253 2241 bonum
1289 2200 1475 2240 animum
1510 2199 1677 2248 habere,
1715 2207 1758 2239 et

360 2260 469 2300 bene
491 2273 655 2314 sperare
684 2258 890 2307 iubentes,
916 2257 1066 2299 ‘fortes
1093 2257 1301 2298 fortunam
1332 2256 1556 2305 adiuvare,'
1577 2256 1754 2297 aiebant.

363 2316 444 2357 His
472 2316 643 2357 vocibus
671 2316 867 2356 incitatus
893 2323 1108 2372 tyrannus,
1131 2323 1174 2356 et
1204 2314 1464 2355 Antiochum
1497 2313 1757 2368 Aetolosque

362 2373 577 2414 adiuturos
606 2373 878 2429 pronuntiat,
911 2382 954 2414 et
984 2373 1062 2414 sibi
1093 2372 1146 2413 ad
1175 2371 1437 2413 obsidionem
1468 2370 1757 2411 sustinendam

362 2431 577 2486 copiarum
595 2431 751 2472 affatim
769 2446 868 2471 esse.
934 2430 1162 2471 Exciderat
1182 2429 1296 2485 pacis
1317 2428 1476 2469 mentio
1498 2443 1550 2468 ex
1569 2428 1758 2468 omnium

362 2489 525 2538 animis,
548 2497 591 2529 et
612 2488 656 2528 in
678 2489 876 2529 stationes
897 2503 984 2528 non
1006 2487 1115 2528 ultra
1131 2486 1314 2542 quieturi
1336 2485 1585 2526 discurrunt.
1649 2485 1760 2526 Pau-

362 2561 507 2587 corum
536 2545 829 2587 lacessentium
859 2545 1050 2586 excursio
1079 2552 1121 2586 et
1149 2544 1299 2584 emissa
1319 2542 1452 2583 iacula
1479 2542 1692 2599 extemplo
1717 2551 1759 2583 et

364 2603 568 2644 Romanis
593 2603 915 2652 dubitationem,
938 2602 1043 2657 quin
1074 2601 1317 2642 bellandum
1344 2608 1463 2650 essct,
1495 2608 1756 2642 exemerunt.

364 2660 496 2701 Levia
516 2660 615 2701 inde
643 2660 799 2715 proclia
826 2675 901 2715 per
926 2659 1198 2715 quatriduum
1227 2658 1409 2714 primum
1436 2658 1525 2699 sine
1555 2657 1641 2699 ullo
1662 2657 1760 2699 satis

363 2726 478 2758 certo
514 2726 669 2759 eventu
704 2717 933 2758 commissa.
1002 2716 1165 2764 Quinto
1202 2716 1270 2756 die
1308 2731 1438 2771 prope
1475 2716 1584 2757 iusta
1618 2730 1761 2771 pugna

410 2837 425 2868 7
458 2830 570 2867 Vanis]
599 2829 711 2865 Quum
726 2829 853 2868 ingenia
863 2828 1038 2859 satellitum
1086 2838 1166 2858 caua
1183 2828 1328 2866 tegenda.
1353 2827 1460 2859 Cnuv.

363 2872 520 2911 regiorum
541 2882 639 2902 vanae
656 2876 687 2902 et
704 2872 812 2902 fluxae
828 2871 902 2901 fidei
919 2871 993 2908 sint,
1009 2875 1040 2901 et
1128 2871 1146 2900 8
1170 2871 1435 2908 Acclamaretur]
1478 2870 1541 2900 Per
1570 2868 1758 2908 indignatio-

366 2914 397 2944 in
423 2914 536 2946 ceteris
561 2915 664 2953 rebus,
686 2918 718 2945 et
739 2914 907 2954 speciatim
930 2914 971 2944 ad
993 2923 1039 2943 ar<
1086 2922 1169 2944 nem.
