1960 3218
524 140 653 182 LIB.
688 138 932 181 XXXVII.
976 139 1125 182 CAP.
1161 145 1227 183 26.
1496 144 1576 184 287

180 242 250 278 ‘se
283 235 454 277 tertium
484 233 583 290 peti.
649 231 711 273 Ut
739 231 919 287 quisque
950 231 1167 287 proximus
1200 232 1252 272 ab
1283 246 1481 287 oppresso
1513 231 1580 280 sit,
1597 243 1642 274 U.
1660 243 1699 274 C.
1723 243 1795 282 562.

181 300 285 351 ‘per
312 307 457 334 omnes
481 290 596 332 velut
627 289 850 331 continens
881 289 1128 330 incendium
1160 304 1445 345 pervasurum.
1511 286 1636 330 AbA·
1662 287 1701 318 C·
1728 296 1797 327 190·

180 357 193 376 ⁶
209 367 251 393 se
283 350 460 407 gradum
482 349 525 389 in
547 347 794 404 Bithyniam
816 346 917 396 fore,
936 347 1107 402 quando
1131 346 1346 387 Eumenes
1368 347 1411 387 in
1434 346 1584 388 volun-

184 410 357 450 ‘tariam
389 406 631 448 servitutem
663 405 961 446 concessisset?
1022 404 1103 445 His
1124 413 1286 445 motum
1309 404 1503 445 Prusiam
1534 404 1584 444 li-
1599 411 1764 442 Prusiasa

181 476 293 508 terae
319 464 526 521 Scipionis
557 462 751 512 consulis,
775 462 848 503 sed
881 462 1013 518 magis
1035 462 1123 503 eius
1144 462 1281 503 fratris
1304 461 1509 512 Africani,
1532 462 1584 503 ab
1599 455 1696 515 Rosa.
1714 455 1784 524 adq·

181 523 416 580 suspicione
440 521 511 562 tali
532 529 795 562 averterunt:
826 520 911 576 qui,
930 528 1096 576 praeter
1115 519 1468 561 consuetudinem
1491 535 1583 576 per·
1599 508 1799 570 Εἴῇξῗὲἒηῖ

181 592 352 638 petuam
383 579 529 636 populi
560 578 743 619 Romani
777 578 958 633 augendi
994 577 1109 619 omni
1143 578 1301 619 honore
1339 593 1487 633 regum
1521 587 1661 618 so-tur-

182 639 341 680 ciorum
374 638 647 686 maiestatem,
674 635 914 677 domesticis
951 635 1039 692 ipse
1072 636 1279 692 exemplis
1312 635 1503 676 Prusiam
1534 635 1587 676 ad

181 695 502 753 promerendam
530 694 756 735 amicitiam
779 708 896 734 suam
918 693 1134 750 compulit.
1199 700 1209 717 ‘
1227 692 1415 749 Regulos
1445 708 1488 734 se
1520 708 1589 734 ac-

184 760 195 778 ‘
209 763 352 810 ceptos
373 753 417 793 in
438 752 566 794 fidem
590 752 631 792 in
656 751 865 807 Hispania
885 766 1003 807 reges
1025 751 1254 807 reliquisse.
1319 750 1589 792 BIasinissam

185 817 295 853 ‘non
327 812 371 852 in
402 811 537 867 patrio
560 809 685 851 modo
707 809 863 850 locasse
885 824 1030 865 regno,
1053 809 1126 850 sed
1149 809 1191 849 in
1219 809 1436 866 Syphacis,
1460 824 1483 850 a
1504 824 1589 865 quo

186 875 306 911 ‘ante
341 868 541 925 expulsus
573 867 731 917 fuisset,
766 882 943 923 regnum
981 867 1252 923 imposuisse:
1287 875 1329 908 et
1365 882 1453 908 esse
1491 882 1590 908 eum

186 932 296 968 ‘non
321 926 488 967 Africae
518 925 645 966 modo
674 940 821 982 regum
851 925 975 981 longe
1003 925 1382 981 opulentissimum,
1406 924 1480 966 sed
1502 933 1590 966 toto

187 986 256 1026 ‘in
288 984 386 1026 orbe
421 993 624 1025 terrarum
657 983 787 1025 cuivis
819 998 965 1039 regum
991 983 1058 1024 vel
1087 983 1318 1033 maiestate,
1346 983 1413 1024 vel
1434 982 1592 1023 viribus

188 1048 370 1099 ς11310111.
433 1042 682 1098 Philippum
714 1050 757 1082 et
785 1040 944 1090 Nabin,
973 1040 1114 1082 hostes
1150 1040 1263 1082 bello
1294 1049 1509 1097 superatos
1541 1040 1591 1081 ab

188 1101 264 1141 ‘T.
288 1100 506 1149 Quinctio,
531 1109 671 1140 tamen
704 1099 748 1139 in
780 1114 909 1154 regno
942 1098 1120 1140 relictos.
1183 1098 1386 1155 Philippo
1417 1098 1592 1154 quidem

155 1166 175 1196 8
189 1162 201 1181 ⁶
214 1173 325 1199 anno
346 1158 484 1213 priore
502 1157 627 1198 etiam
651 1156 911 1213 stipendium
934 1156 1168 1206 remissum,
1187 1166 1229 1198 et
1245 1156 1378 1197 filium
1401 1156 1591 1197 obsidem

189 1215 452 1256 ‘redditumt
489 1223 531 1255 et
559 1214 761 1270 quasdam
799 1214 989 1255 civitates
1022 1223 1140 1255 extra
1172 1213 1487 1263 Macedoniam,
1519 1229 1593 1270 pa-

190 1273 417 1314 ‘tientibus
440 1272 646 1313 Romanis
676 1272 1010 1327 imperatoribus,
1034 1272 1240 1328 recepisse
1273 1287 1383 1313 eum.
1447 1271 1499 1312 Id
1524 1286 1594 1312 ea-

190 1330 312 1372 ‘dem
349 1330 554 1386 dIgnitate
589 1338 632 1370 et
668 1329 811 1370 Nabin
848 1329 1037 1370 futurum
1069 1329 1210 1379 fuisse,
1245 1330 1326 1370 nisi
1360 1345 1457 1370 eum
1495 1344 1594 1369 suus

190 1388 397 1444 ‘primum
443 1387 571 1436 furor,
613 1387 769 1428 deinde
810 1386 922 1428 fraus
964 1387 1216 1428 Aetolorum
1264 1387 1594 1443 absumpsisset.’

190 1445 381 1487 Maxime
413 1445 684 1486 confirmatus
715 1453 778 1486 est
811 1445 975 1485 animus
1007 1445 1130 1501 regis,
1157 1454 1380 1501 postquam
1413 1445 1466 1486 ad
1497 1460 1595 1485 eum

193 1503 243 1544 C.
267 1503 428 1553 Livius,
459 1503 532 1559 qui
565 1511 734 1559 praetor
769 1511 866 1543 ante
903 1502 1022 1543 classi
1058 1503 1308 1558 praefuerat,
1346 1502 1508 1558 legatus
1544 1503 1596 1543 ab

191 1560 331 1602 Roma
361 1561 490 1610 venit,
521 1570 563 1601 et
599 1560 782 1609 edocuit,
811 1569 972 1616 quanto
1003 1569 1046 1600 et
1082 1576 1177 1616 spes
1208 1560 1406 1601 victoriae
1444 1560 1597 1601 certior

194 1617 410 1668 Romanis,
438 1633 564 1674 quam
596 1617 823 1667 Antiocho,
853 1627 896 1659 et
923 1618 1108 1659 amicitia
1139 1618 1321 1659 sanctior
1352 1618 1594 1673 firmiorque

191 1676 305 1732 apud
329 1676 543 1717 Romanos
564 1676 705 1717 futura
727 1684 845 1717 esset.

251 1734 502 1783 Antiochus,
537 1742 761 1790 postquam
798 1748 822 1774 a
857 1749 930 1790 spe.
968 1733 1178 1775 societatis
1212 1733 1385 1775 Prusiae
1423 1733 1595 1783 decidit,
1676 1735 1742 1774 26.

194 1791 411 1848 Ephesum
444 1793 495 1832 ab
521 1791 722 1833 Sardibus
754 1800 817 1832 est
849 1791 1062 1848 profectus
1093 1792 1147 1832 ad
1173 1791 1360 1841 classem,
1384 1807 1491 1848 quae
1523 1806 1598 1847 per
1611 1792 1794 1840 Antiochus

192 1849 353 1904 aliquot
374 1864 539 1890 menses
560 1849 763 1890 instructa
784 1864 831 1890 ac
854 1857 999 1905 parata
1019 1849 1168 1899 fuerat,
1187 1849 1428 1898 visendam3
1467 1849 1599 1905 magis
1611 1836 1693 1909 ¹321?
1710 1835 1788 1865 clas-

193 1907 294 1963 quia
325 1907 589 1948 terrestribus
620 1906 751 1963 copiis
782 1907 1017 1948 exercitum
1042 1907 1287 1948 Romanum
1309 1915 1352 1948 et
1373 1907 1478 1948 duos
1510 1906 1600 1948 Sci·
1681 1901 1689 1909 ⁸

192 1964 341 2021 piones
366 1965 638 2021 imperatores
658 1964 827 2006 videbat
849 1965 1045 2006 sustineri
1068 1980 1154 2006 non
1177 1980 1310 2021 posse,
1334 1980 1461 2021 quam
1484 1964 1599 2020 quod

193 2037 259 2063 res
280 2022 438 2063 navalis
459 2022 548 2079 ipsa
568 2037 643 2079 per
664 2037 706 2063 se
729 2030 802 2063 aut
823 2030 984 2064 tentata
1005 2022 1082 2063 sibi
1107 2038 1295 2078 unquam
1318 2022 1509 2072 feliciter,
1528 2031 1600 2064 aut

194 2087 296 2120 tunc
318 2095 494 2136 magnae.
516 2089 559 2121 et
579 2088 717 2120 certae
740 2079 919 2121 fiduciae
942 2088 1061 2121 esset.
1120 2079 1224 2121 Erat
1246 2088 1389 2121 tamen
1410 2095 1601 2121 momen-

195 2145 285 2178 tum
314 2137 358 2178 in
389 2137 625 2193 praesentia
646 2137 748 2193 spei,
772 2137 887 2192 quod
916 2146 959 2178 et
989 2152 1183 2193 magnam
1217 2146 1381 2194 partem
1405 2137 1599 2179 Rhodiae

195 2194 334 2236 classis
355 2195 464 2236 circa
485 2195 637 2236 Patara
658 2210 760 2243 esse,
785 2203 827 2235 et
850 2194 1088 2235 Eumenem
1120 2210 1263 2251 regem
1286 2211 1381 2236 cum
1405 2195 1600 2236 omnibus

196 2252 371 2293 navibus
402 2253 487 2293 suis
518 2251 679 2293 consuli
711 2251 877 2293 obviam
914 2252 957 2292 in
999 2251 1328 2308 Hellespontum
1365 2253 1600 2309 profectum

197 2306 397 2350 audierat.
462 2309 641 2366 Aliquid
676 2309 802 2350 etiam
838 2310 1010 2350 inflabat
1044 2310 1206 2351 animos
1242 2310 1381 2351 classis
1417 2310 1599 2359 Rhodia,

197 2365 251 2405 ad
276 2364 447 2406 Samum
477 2382 551 2423 per
573 2367 834 2408 occasionem
867 2366 1013 2408 fraude
1046 2377 1332 2423 praeparatam
1366 2368 1598 2424 absumpta.

199 2421 280 2464 His
306 2422 447 2473 fretus,
471 2424 738 2481 Polyxenida
759 2440 854 2465 cum
878 2424 1006 2465 classe
1030 2425 1082 2466 ad
1106 2425 1350 2466 tentandam
1375 2425 1488 2465 omni
1513 2441 1602 2466 mo-

198 2479 253 2520 do
274 2482 512 2523 certaminis
533 2483 744 2523 fortunam
768 2482 905 2532 misso,
925 2482 1012 2538 ipse
1035 2483 1175 2538 copias
1192 2483 1244 2523 ad
1261 2483 1439 2524 Notium
1463 2483 1597 2524 ducit:

198 2536 243 2576 id
273 2539 474 2592 oppidum
499 2539 828 2595 Colophonium,
853 2541 955 2581 mari
987 2540 1227 2590 imminens,
1256 2542 1372 2582 abest
1410 2556 1433 2581 a
1461 2550 1600 2582 vetere

168 2592 452 2648 9Colophone
489 2596 574 2637 duo
610 2598 740 2638 ferme
780 2597 910 2638 millia
945 2613 1168 2654 passuum:
1206 2608 1246 2639 et
1284 2599 1415 2654 ipsam
1454 2599 1601 2639 urbem

200 2666 296 2692 51130
329 2667 417 2693 esse
449 2655 664 2709 potcstatis
696 2655 874 2705 volebat,
903 2656 1008 2696 adeo
1040 2656 1323 2711 propinquam
1348 2656 1530 2711 Epheso,
1555 2664 1601 2696 ut

200 2708 305 2749 nihil
328 2718 435 2751 terra
456 2712 610 2753 marive
641 2721 796 2768 ageret,
819 2713 934 2768 quod
957 2729 1042 2754 non
1065 2713 1300 2754 subiectum
1323 2713 1454 2754 oculis
1474 2712 1601 2754 Colo-

249 2822 268 2850 8
293 2823 390 2851 Anno
417 2825 543 2862 priore]
588 2826 659 2856 Imo
690 2827 751 2857 1100
782 2838 880 2864 anno,
923 2829 1172 2859 transcuntibus.
1191 2829 1486 2867 ctholyb.xx.13.
1515 2827 1598 2857 itm».

202 2864 288 2911 quod
318 2864 380 2894 iam
414 2865 567 2897 Dukcrus
597 2869 733 2906 monuit,
763 2880 782 2900 a
814 2870 878 2900 sci·
966 2881 985 2911 9
1009 2873 1054 2901 Et
1077 2873 1178 2911 ipsum.
1201 2872 1327 2908 urbem]
1362 2869 1600 2908 Colophonem,

202 2907 351 2945 piombus
375 2916 431 2945 per
454 2909 682 2940 Macedoniam
711 2911 741 2941 in
770 2912 877 2942 Asiam
924 2916 960 2942 ut
977 2917 1067 2952 patet
1084 2924 1122 2943 ex
1141 2913 1178 2943 iis
1194 2924 1276 2952 quae
1293 2915 1478 2951 sequuntur.
1504 2912 1565 2941 CR.
