1960 3218
171 228 216 260 U.
234 229 272 260 C.
297 228 369 269 563.

170 272 210 302 A.
235 272 274 303 C.
301 272 370 313 189.

170 313 288 344 Sedem
306 325 356 344 ca-

381 134 464 173 336
899 131 1047 174 ΤΙΤΙ
1087 131 1266 174 LIVII

383 220 643 277 stipendium
668 229 754 263 tota
775 222 833 263 cis
852 222 1040 264 Taurum
1060 222 1163 265 Asia
1180 223 1417 279 exigebant.
1469 220 1622 263 Sedem
1640 229 1780 262 autem

384 277 463 334 ipsi
499 279 577 320 sibi
613 279 724 320 circa
756 279 902 336 Halyn
932 280 1091 321 flumen
1122 289 1350 337 ceperunt:
1391 288 1615 334 tantusque
1649 284 1782 320 terror

170 357 266 396 piunt
283 356 367 387 circa
384 350 529 376 eorum
552 336 735 377 nominis
756 345 857 387 erat,
875 338 1146 379 multitudine
1165 339 1289 380 etiam
1312 352 1463 393 magna
1484 336 1624 377 sobole
1646 344 1780 385 aucta,

172 399 297 439 Halyn.

172 452 361 483 Vincuntur

169 496 212 525 ab
226 496 348 528 Attalo.

241 911 306 952 17.

175 1034 321 1065 Manlius

174 1077 249 1107 Cos.
267 1087 354 1107 exer-

172 1119 276 1149 citum
293 1120 364 1150 hor-

171 1165 272 1193 tatur.

384 401 431 434 ut
470 393 615 450 Syriae
649 410 820 451 quoque
854 395 907 436 ad
943 405 1200 451 postremum
1237 411 1356 452 reges
1388 393 1646 450 stipendium
1682 393 1781 434 dare

383 465 469 491 non
492 453 739 493 abnuerent.
785 452 952 494 Primus
972 453 1116 494 Asiam
1139 453 1415 494 incolentium
1432 451 1580 493 abnuit
1598 449 1781 500 Attalus,

383 517 504 564 pater
531 510 639 565 regis
666 509 898 551 Eumenis:
932 510 1166 566 audacique
1194 511 1377 566 incepto,
1401 517 1566 566 praeter
1593 507 1782 549 omnium

384 566 642 621 opinionem,
673 567 807 608 adfuit
838 567 1017 617 fortuna,
1048 577 1089 609 et
1120 568 1249 623 signis
1280 567 1440 609 collatis
1470 566 1660 622 superior
1689 565 1780 606 fuit.

385 623 489 664 Non
520 633 661 665 tamen
692 625 750 666 ita
780 625 949 681 infregit
977 625 1138 666 animos
1166 640 1326 670 eorum,
1353 633 1401 666 ut
1427 625 1675 665 absisterent
1705 623 1784 663 im-

384 681 514 737 perio.
579 681 766 723 Eaedem
793 698 893 738 opes
920 698 1052 738 usque
1081 682 1135 722 ad
1162 682 1320 723 bellum
1343 681 1548 723 Antiochi
1575 695 1670 721 cum
1695 680 1784 721 Ro-

385 739 519 779 manis
542 748 796 780 manserunt.
852 739 964 780 Tum
987 755 1171 795 quoque,
1193 739 1314 795 pulso
1337 738 1565 787 Antiocho,
1588 753 1783 793 magnam

385 811 502 852 spem
536 796 788 846 habuerunt,
818 797 918 852 quia
950 797 1096 853 procul
1129 797 1233 838 mari
1265 796 1511 846 incolerent,
1541 795 1784 836 Romanum

386 853 619 894 exercitum
643 854 696 895 ad
718 869 761 895 se
783 869 868 895 non
890 863 1204 910 perventurum.
1817 894 1823 896 ,

448 910 561 951 Cum
583 911 663 952 hoc
685 911 818 962 hoste,
844 921 925 952 tam
949 912 1124 953 terribili
1146 911 1341 953 omnibus
1362 910 1544 967 regionis
1565 910 1666 960 eius,
1686 910 1786 966 quia

385 967 543 1009 bellum
576 969 811 1025 gerendum
844 978 946 1018 erat,
981 984 1057 1025 pro
1093 969 1296 1011 concione
1333 969 1487 1010 milites
1523 968 1704 1009 maxime
1740 968 1786 1008 in

387 1025 501 1066 hunc
537 1026 711 1067 modum
748 1026 953 1067 allocutus
989 1036 1052 1068 est
1085 1027 1258 1068 consul:
1309 1026 1440 1068 ‘Non
1475 1041 1542 1067 me
1574 1026 1784 1082 praeterit,

388 1083 583 1133 ‘milites,
626 1084 829 1134 omnium,
872 1100 979 1140 quae
1018 1084 1163 1126 Asiam
1205 1085 1363 1133 colunt,
1405 1084 1594 1140 gentium
1641 1083 1786 1124 Gallos

389 1146 401 1164 ‘
415 1140 525 1181 fama
550 1141 649 1182 belli
674 1152 896 1197 praestare.
960 1141 1078 1183 Inter
1105 1142 1371 1183 mitissimum
1399 1157 1533 1198 genus
1566 1141 1785 1182 hominum

389 1203 401 1221 ‘
416 1198 533 1239 ferox
556 1199 683 1248 natio,
707 1208 930 1256 pervagata
949 1199 1061 1241 bello
1081 1215 1212 1256 prope
1235 1200 1379 1241 orbem
1403 1209 1620 1249 terrarum,
1643 1198 1786 1240 sedem

388 1256 539 1312 ‘cepit.
602 1257 785 1298 Procera
825 1273 1012 1313 corpora,
1049 1258 1274 1313 promissae
1316 1266 1359 1299 et
1398 1257 1589 1298 rutilatae
1627 1271 1784 1306 comae,

389 1319 531 1355 ‘vasta
563 1324 692 1364 scuta,
721 1314 940 1371 praelongi
971 1315 1127 1371 gladii:
1167 1315 1221 1356 ad
1253 1315 1333 1356 hoc
1366 1323 1513 1356 cantus
1546 1314 1786 1355 ineuntium

388 1377 401 1395 ‘
416 1371 636 1428 proelium,
660 1382 702 1413 et
723 1372 919 1421 ululatus,
943 1381 985 1413 et
1007 1372 1202 1428 tripudia,
1226 1381 1267 1414 et
1289 1373 1571 1429 quatientium
1596 1381 1714 1413 scuta
1741 1372 1816 1419 in3

389 1429 600 1485 ‘patrium
621 1430 834 1486 quendam
864 1430 1038 1471 modum
1070 1430 1304 1471 horrendus
1334 1445 1546 1472 armorum
1573 1430 1782 1486 crepitus:

349 1489 356 1491 “
389 1487 560 1527 ‘onmia
592 1487 644 1528 de
678 1487 884 1528 industria
919 1488 1149 1544 composita
1184 1487 1237 1529 ad
1273 1496 1485 1529 terrorem.
1551 1486 1636 1530 Sed
1667 1487 1784 1537 haec,

389 1552 400 1567 ‘
418 1545 571 1600 quibus
596 1544 762 1586 insolita
786 1554 912 1601 atque
939 1545 1104 1586 insueta
1129 1554 1239 1595 sunt,
1265 1545 1431 1595 Graeci,
1455 1553 1497 1586 et
1517 1545 1721 1602 Phryges,
1743 1554 1787 1586 et

389 1607 401 1625 ‘
421 1601 550 1643 Cares
573 1602 774 1644 timeant:
810 1602 1026 1653 Romanis,
1049 1602 1203 1644 Gallici
1225 1603 1430 1644 tumultus
1451 1603 1635 1653 assuetis,
1658 1603 1785 1644 etiam
1800 1620 1819 1648 4

391 1660 623 1701 ‘vanitates
650 1669 774 1702 notae
801 1669 912 1702 sunt.
979 1660 1119 1702 Semel
1144 1661 1279 1717 primo
1305 1676 1531 1717 congressu
1552 1661 1605 1702 ad
1627 1660 1786 1702 Alliam

390 1723 403 1741 ‘
419 1733 490 1758 eos
512 1717 609 1758 olim
631 1718 832 1774 fugerunt
853 1718 1029 1760 maiores
1051 1719 1206 1760 nostri:
1241 1734 1295 1759 ex
1323 1734 1373 1760 eo
1402 1728 1589 1775 tempore
1611 1733 1686 1774 per
1708 1718 1785 1759 du-

390 1781 403 1799 ‘
419 1783 563 1816 centos
580 1775 661 1816 iam
680 1791 812 1817 annos
828 1791 1027 1832 pecorum
1045 1776 1090 1816 in
1107 1776 1278 1817 modum
1298 1784 1584 1817 consternatos
1604 1776 1788 1817 caedunt

391 1838 403 1856 ‘
418 1832 678 1889 fugantque3
712 1842 756 1874 et
782 1832 923 1890 plures
950 1849 1080 1889 prope
1106 1833 1159 1875 de
1185 1833 1318 1874 Gallis
1347 1833 1562 1889 triumphi,
1584 1849 1711 1889 quam
1732 1833 1785 1874 de

391 1896 403 1914 ‘
422 1898 509 1931 toto
532 1891 630 1931 orbe
654 1900 870 1940 terrarum,
893 1891 975 1932 acti
997 1899 1105 1932 sunt.
1160 1891 1249 1932 Iam
1272 1906 1349 1932 usu
1370 1891 1450 1932 hoc
1472 1891 1688 1947 cognitum
1710 1900 1785 1940 cst,

391 1948 451 1988 ‘si
483 1948 667 2004 primum
698 1949 917 2005 impetum,
945 1964 1073 2004 quem
1103 1948 1264 1990 fervido
1294 1949 1466 2005 ingenio
1500 1958 1542 1990 et
1574 1964 1698 1990 caeca
1727 1949 1788 1990 ira

391 2011 403 2029 ‘
422 2005 660 2056 effundunt,
680 2006 939 2056 sustinueris,
953 2007 1092 2048 fluunt
1108 2006 1257 2047 sudore
1275 2015 1318 2047 et
1331 2006 1572 2048 lassitudine
1587 2007 1786 2056 membra,

393 2062 563 2104 ‘labant
584 2078 722 2105 arma:
751 2064 892 2105 mollia
913 2079 1098 2120 corpora,
1122 2064 1279 2114 molles,
1302 2064 1375 2105 ubi
1395 2064 1454 2105 ira
1474 2064 1676 2114 consedit,
1699 2064 1789 2105 ani-

393 2127 405 2144 ‘
420 2136 510 2161 mos
531 2120 603 2170 sol,
621 2121 770 2177 pulvis,
788 2122 889 2171 sitis,
907 2130 954 2163 ut
970 2122 1125 2162 ferrum
1147 2137 1233 2163 non
1250 2122 1484 2172 admoveas,
1502 2130 1784 2178 prosternunt.
1803 2143 1820 2174 5

394 2184 405 2202 ‘
423 2177 524 2219 Non
567 2178 802 2235 legionibus
844 2179 1031 2235 legiones
1072 2195 1218 2220 eorum
1259 2179 1392 2220 solum
1434 2179 1598 2235 experti
1631 2194 1786 2229 sumus,

394 2241 406 2260 ‘
420 2235 496 2276 sed
511 2236 574 2277 vir
595 2252 704 2277 unus
725 2252 822 2278 cum
838 2237 927 2278 viro
948 2236 1274 2293 congrediendo,
1293 2237 1344 2278 T.
1362 2236 1562 2287 Manlius,
1586 2236 1648 2278 M.
1660 2236 1788 2278 Vale-

394 2293 519 2342 ‘rius,
542 2302 749 2349 quantum
783 2294 990 2336 Gallicam
1022 2294 1179 2335 rabiem
1205 2295 1392 2336 vinceret
1426 2294 1618 2336 Romana
1642 2294 1786 2344 virtus,

394 2357 405 2375 ‘
421 2350 669 2392 docuerunt.
733 2351 822 2392 Iam
853 2351 916 2393 M.
937 2351 1125 2392 Manlius
1153 2367 1262 2392 unus
1286 2352 1452 2407 agmine
1474 2351 1724 2393 scandentes
1743 2352 1787 2392 in

393 2414 405 2432 ‘
425 2407 683 2464 Capitolium
721 2408 865 2450 Gallos
901 2409 1089 2450 detrusit.
1168 2409 1225 2450 Et
1259 2409 1340 2449 illis
1376 2409 1600 2450 maioribus
1636 2409 1787 2450 nostris

394 2471 406 2489 ⁶
421 2480 518 2505 cum
539 2465 653 2506 haud
675 2466 814 2507 dubiis
839 2466 972 2507 Gallis
1001 2466 1044 2506 in
1075 2475 1184 2507 terra
1211 2481 1285 2507 sua
1303 2466 1456 2521 genitis
1477 2481 1542 2507 res
1563 2474 1662 2507 erat.
1727 2466 1787 2507 Hi

393 2522 502 2562 ‘iam
526 2522 755 2577 degeneres
780 2534 903 2572 sunt3
937 2523 1072 2572 mixti,
1095 2532 1138 2563 ct
1162 2522 1425 2577 Gallograeci
1446 2539 1556 2573 vere,
1578 2524 1693 2580 quod
1715 2539 1821 2580 ap-6

394 2585 405 2603 ‘
421 2579 655 2635 pellantur:
701 2581 808 2621 sicut
844 2581 888 2620 iu
923 2580 1112 2636 frugibus
1142 2580 1474 2636 pecudibusque,
1507 2597 1592 2623 non
1624 2589 1787 2623 tantum

437 2723 454 2752 3
480 2715 700 2752 Quatientium
718 2715 825 2755 scuta]
849 2717 888 2747 cf.
909 2717 1003 2756 Supr.
1019 2716 1069 2747 vii.
1114 2716 1203 2747 ritur.

395 2755 444 2787 26.
1158 2769 1174 2796 5
1204 2760 1402 2797 lVJkrrum]
1430 2760 1461 2791 h.
1478 2771 1505 2790 e.
1524 2760 1671 2791 Etiamsi.

437 2810 456 2837 4
480 2800 597 2829 Gallici
615 2799 787 2840 tumultus]
817 2803 986 2831 Tumultus
1007 2801 1068 2831 hoc
1157 2801 1176 2831 6
1201 2803 1292 2839 Quod
1315 2804 1542 2842 appellaretur]
1573 2814 1615 2833 sc.
1641 2802 1687 2833 Hi
1714 2806 1787 2833 sunt

391 2841 465 2872 ‘loco
482 2842 552 2871 leve
569 2843 731 2881 quoddam
753 2844 876 2873 bellum
899 2843 1068 2882 significat,
1113 2854 1223 2874 revera
1250 2844 1466 2883 Gallograeci,
1489 2845 1521 2875 id
1549 2846 1634 2884 quod
1658 2845 1788 2876 nomine

393 2884 478 2923 quod
499 2884 638 2915 clamore
660 2885 767 2924 potius
783 2895 880 2925 quam
902 2886 998 2916 armis
1017 2897 1067 2925 ge·
1114 2897 1223 2918 eorum
1242 2887 1339 2917 etiam
1358 2887 1556 2927 exprimitur.
1583 2888 1707 2919 RAscn.
