1960 3218
498 126 624 168 LIB.
659 123 926 165 XXXVIII.
973 122 1119 164 CAP.
1158 126 1221 164 16.
1478 125 1560 163 335

161 218 268 260 Inde
299 217 499 274 Synnada
523 216 650 265 venit,
678 224 795 257 metu
823 215 1018 256 omnibus
1043 215 1153 256 circa
1177 213 1343 270 oppidis
1372 213 1557 255 desertis.
1576 227 1620 258 U,
1638 227 1676 258 c,
1700 226 1771 266 563·

165 276 358 324 Quorum
395 276 477 316 iam
512 274 668 331 praeda
702 288 826 328 grave
864 288 1015 328 agmen
1053 273 1236 321 trahens,
1270 272 1339 312 vix
1371 272 1560 327 quinque
1575 271 1614 301 Α·
1639 271 1677 301 C.
1703 271 1772 310 189.

162 333 340 374 millium
367 333 434 374 die
467 342 554 373 toto
587 332 734 372 itinere
767 330 965 386 perfecto,
999 330 1052 371 ad
1084 329 1269 378 Beudos,
1302 329 1417 384 quod
1443 338 1562 370 vetus

162 391 387 447 appellant,
421 390 624 446 pervenit.
689 388 761 429 Ad
791 389 995 428 Anabura
1027 387 1140 436 inde,
1171 396 1214 427 et
1247 387 1376 427 altero
1408 386 1476 427 die
1509 386 1562 427 ad

163 448 342 489 Alandri
382 448 530 496 fontes,
569 446 691 487 tertio
734 445 787 486 ad
823 446 1061 487 Abbassum
1098 445 1238 500 posuit
1275 453 1418 485 eastra.
1496 443 1562 484 Ibi

162 506 301 562 plures
323 506 412 546 dies
433 505 580 545 stativa
601 503 760 553 habuit,
784 503 884 559 quia
911 512 1163 559 perventum
1189 511 1277 542 erat
1303 501 1357 542 ad
1379 501 1562 542 Tolisto-

163 564 353 605 boiorum
376 563 491 603 fines.

224 620 349 669 Galli,
373 635 524 675 magna
544 619 764 660 hominum
787 618 861 667 vis,
884 634 958 659 seu
986 618 1128 674 inopia
1157 617 1258 673 agri,
1282 632 1356 658 seu
1381 615 1561 672 praedae
1644 620 1707 658 16.

163 694 249 735 spe,
277 677 434 718 nullam
467 687 652 732 gentem,
681 691 757 732 per
791 691 918 731 quam
950 675 1049 717 ituri
1083 684 1234 724 essent,
1264 689 1409 730 parem
1440 673 1562 714 armis
1577 676 1764 723 Gallograe-

164 736 255 785 rati,
284 735 455 776 Brenno
487 735 594 775 duce
628 734 669 774 in
702 734 925 774 Dardanos
957 742 1251 789 pervenerunt.
1316 732 1381 773 Ibi
1413 731 1563 772 seditio
1577 729 1687 791 cgrum
1705 728 1764 748 ΟΠ·

165 804 266 843 orta,
290 802 332 834 et
360 793 413 834 ad
435 793 584 848 viginti
613 791 743 832 millia
770 791 1004 840 hominum,
1032 806 1127 832 cum
1158 790 1370 831 Leonorio
1399 805 1446 830 ac
1476 773 1595 830 Lu·g
1618 785 1625 792 ’

165 852 269 893 tario
301 850 468 906 regulis,
498 850 730 891 secessi0ne
758 849 867 889 facta
896 864 919 889 a
947 848 1132 898 Brenno,
1156 848 1199 888 in
1227 847 1451 888 Thraciam
1484 847 1564 888 iter

166 918 417 951 averterunt.
483 907 570 948 Ubi
601 922 697 948 cum
728 907 1018 948 resistentibus
1045 905 1289 962 pugnando,
1315 920 1463 961 pacem
1492 919 1566 960 pe-

167 967 352 1009 tentibus
383 965 641 1022 stipendium
673 964 944 1020 imponendo,
970 963 1223 1019 Byzantium
1256 978 1387 1018 quum
1420 977 1567 1018 perve-

167 1025 339 1073 nissent,
364 1023 624 1079 aliquamdiu
653 1037 767 1063 oram
791 1022 1062 1078 Propontidis
1082 1021 1328 1077 vectigalem
1355 1019 1565 1069 habendo,

168 1082 366 1138 regionis.
392 1082 482 1122 eius
522 1082 646 1121 urbes
687 1080 972 1121 obtinuerunt.
1059 1078 1229 1135 Cupido
1270 1078 1368 1118 inde
1412 1093 1482 1119 eos
1522 1077 1567 1117 in

171 1141 316 1182 Asiam
341 1138 600 1188 transeundi,
623 1137 844 1178 audientes
870 1152 922 1178 ex
948 1137 1200 1193 propinquo,
1224 1145 1382 1192 quanta
1402 1137 1569 1176 ubertas

171 1207 302 1239 terrae
325 1197 413 1238 eius
435 1206 554 1243 esset,
579 1196 713 1252 cepit:
745 1204 798 1244 et,
823 1194 1092 1251 Lysimachia
1112 1194 1257 1235 fraude
1281 1203 1413 1249 capta,
1434 1193 1569 1235 Cher-

170 1270 402 1310 sonesoque
426 1254 540 1295 omni
562 1254 685 1294 armis
707 1268 905 1309 possessa,
925 1252 978 1293 ad
997 1252 1322 1308 Hellespontum
1340 1250 1570 1292 descende-

171 1324 281 1355 runt.
347 1312 409 1353 Ibi
441 1327 540 1352 vero
574 1311 727 1367 exiguo
764 1310 938 1350 divisam
975 1310 1082 1350 freto
1118 1309 1387 1350 cernentibus
1423 1308 1569 1349 Asiam

171 1371 305 1412 multo
336 1370 466 1425 magis
497 1369 626 1410 animi
660 1368 714 1409 ad
747 1367 1048 1408 transeundum
1083 1367 1273 1415 accensi,
1312 1366 1568 1422 nuntiosque

172 1429 226 1470 ad
241 1429 527 1484 Antipatrum,
547 1427 804 1483 praefectum
826 1426 916 1466 eius
937 1441 1045 1475 orae,
1065 1425 1117 1466 de
1136 1425 1314 1466 transitu
1332 1424 1565 1465 mittebant.

178 1487 299 1536 Quae
323 1501 387 1527 res
410 1500 541 1541 quum
570 1484 724 1525 lentius
749 1499 820 1540 spe
847 1484 1032 1540 ipsorum
1060 1483 1306 1532 traheretur,
1331 1482 1410 1523 alia
1431 1496 1572 1522 rursus

175 1560 282 1586 nova
303 1544 412 1585 inter
436 1542 601 1598 regulos
627 1551 717 1583 orta
741 1541 892 1582 seditio
915 1550 988 1582 est.
1052 1541 1287 1582 Leonorius
1309 1550 1433 1589 retro,
1457 1539 1570 1580 unde
1584 1549 1768 1580 Transeunt

174 1611 358 1651 venerat,
386 1616 479 1642 eum
514 1600 668 1641 maiore
700 1609 818 1656 parte
850 1598 1070 1639 hominum
1102 1599 1255 1654 repetit
1287 1593 1617 1655 Byzantium:in
1634 1592 1755 1623 Asiam.

177 1660 374 1701 Lutarius
393 1658 711 1706 Macedonibus,
734 1672 809 1713 per
829 1657 1010 1713 speciem
1034 1656 1254 1712 legationis
1276 1657 1326 1697 ab
1345 1655 1574 1711 Antipatro

177 1718 230 1759 ad
260 1716 561 1773 speculandum
595 1716 740 1765 missis,
773 1714 876 1755 duas
907 1724 1037 1755 tectas
1069 1730 1194 1755 naves
1225 1724 1268 1755 et
1301 1723 1382 1755 tres
1415 1713 1575 1754 lembos

177 1775 335 1816 adimit.
386 1774 478 1823 His,
497 1774 598 1815 alios
619 1783 745 1829 atque
768 1772 869 1813 alios
890 1772 979 1812 dies
1002 1782 1229 1828 noctesque
1253 1770 1573 1820 transvehendo,

177 1834 287 1874 intra
317 1847 472 1888 paucos
500 1832 590 1872 dies
618 1846 763 1872 omnes
791 1830 931 1886 copias
960 1830 1133 1871 traiecit.
1198 1829 1329 1870 Haud
1358 1829 1416 1869 ita
1443 1827 1576 1869 multo

178 1901 272 1947 post
307 1890 554 1938 Leonorius,
593 1889 815 1930 adiuvante
854 1887 1091 1929 Nicomede
1129 1887 1356 1944 Bithyniae
1398 1901 1509 1942 rege,
1554 1901 1578 1926 a

181 1948 388 2005 Byzantio
411 1947 648 1988 transmisit.
696 1946 867 1988 Coeunt
889 1945 1043 1986 deinde
1067 1946 1108 1985 in
1132 1961 1265 1986 unum
1288 1960 1428 1985 rursus
1448 1943 1576 1992 Galli,

181 2015 224 2048 et
254 2005 409 2047 auxilia
442 2004 669 2046 Nicomedi
697 2004 812 2052 dant,
839 2003 1035 2044 adversus
1070 2003 1291 2044 Ziboetam
1323 2010 1485 2058 partem
1517 2010 1579 2041 te-

181 2073 353 2105 nentem
376 2062 618 2119 Bithyniae,
640 2062 803 2118 gerenti
825 2060 993 2102 bellum.
1060 2062 1202 2117 Atque
1225 2075 1369 2102 eorum
1395 2058 1578 2099 maxime

182 2136 309 2176 opera
330 2120 519 2161 devictus
543 2120 720 2161 Ziboeta
741 2128 814 2168 est,
839 2118 1126 2174 Bithyniaque
1150 2118 1286 2159 omnis
1307 2118 1351 2158 in
1373 2116 1579 2157 ditionem

184 2178 432 2220 Nicomedis
458 2178 672 2218 concessit.
735 2176 919 2218 Profecti
946 2191 998 2217 ex
1022 2175 1227 2232 Bithynia
1247 2176 1288 2216 in
1316 2174 1462 2216 Asiam
1484 2188 1580 2229 pro-

184 2245 407 2279 cesserunt.
473 2235 574 2276 Non
605 2235 698 2290 plus
727 2250 779 2275 ex
805 2233 954 2289 viginti
983 2233 1166 2275 millibus
1194 2233 1429 2281 hominum,
1453 2246 1579 2287 quam

185 2295 332 2336 decem
369 2301 528 2334 armata
562 2301 692 2334 erant.
768 2292 932 2333 Tamen
969 2300 1133 2332 tantum
1172 2291 1336 2332 terroris
1371 2289 1580 2337 omnibus,

186 2367 293 2409 quae
327 2352 385 2393 cis
419 2350 607 2391 Taurum
644 2349 846 2398 incolunt,
879 2348 1075 2404 gentibus
1109 2348 1369 2397 iniecerunts
1389 2356 1448 2395 ut,
1479 2360 1582 2402 quas

186 2409 383 2458 adissent,
405 2424 593 2465 quasque
619 2423 704 2448 non
733 2407 928 2456 adissent,
952 2406 1107 2462 pariter
1128 2405 1299 2446 ultimae
1320 2404 1582 2461 propinquis,

187 2467 362 2523 imperio
402 2475 606 2522 parerent.
682 2466 915 2514 Postremo,
954 2479 1085 2520 quum
1122 2472 1204 2504 tres
1245 2473 1383 2504 essent
1423 2473 1583 2518 gentes,

188 2524 450 2573 Tolistoboii,
475 2523 660 2572 Trocmi,
684 2522 921 2577 Tectosagi,
949 2522 992 2562 in
1025 2531 1106 2562 tres
1137 2530 1288 2577 partes,
1316 2536 1400 2576 qua
1430 2519 1584 2575 cuique

188 2581 438 2638 populorum
461 2596 629 2622 suorum
652 2579 866 2635 vectigalis
890 2579 992 2620 Asia
1013 2588 1133 2628 essct,
1156 2578 1400 2619 diviserunt.
1454 2577 1586 2618 Troc-

189 2639 268 2679 mis
315 2638 580 2694 Hellesponti
632 2653 704 2679 ora
754 2638 878 2686 dala3
936 2636 1187 2678 Tolistoboii
1228 2635 1410 2677 Aeolida
1459 2644 1586 2690 atque

191 2695 367 2745 Ioniam,
406 2695 628 2751 Tectosagi
670 2695 977 2736 mediterranea
1015 2694 1140 2736 Asiae
1182 2693 1316 2735 sortiti
1358 2701 1466 2734 sunt.
1532 2691 1588 2732 Et

239 2817 249 2837 1
277 2809 408 2838 Brenno
435 2808 532 2877 duc(e]
571 2807 610 2838 cf.
639 2807 733 2846 Supr.
763 2818 790 2838 v,
818 2807 867 2845 38.
914 2807 1016 2838 medis
1040 2807 1136 2837 fuisse
1158 2816 1221 2836 non
1245 2806 1382 2836 absurda
1407 2803 1590 2834 coniectura

193 2850 328 2881 Niebhr.
347 2849 378 2879 ii.
395 2860 425 2880 n.
450 2859 481 2879 11
494 2859 538 2880 )2.
914 2854 970 2880 est.

238 2902 253 2922 2
277 2893 456 2930 Ziboetam]
489 2892 589 2922 Hunc
613 2892 742 2922 fratrem
769 2891 866 2921 Nico-
