1960 3218
356 140 436 177 152
882 135 1030 178 T1T1
1066 136 1247 179 LIVII

151 237 192 269 U.
210 238 248 269 C.
271 245 342 277 557·
358 235 435 267 tur.
493 224 588 266 Hoc
610 234 764 266 terrore
786 226 1090 282 obstupuerant
1110 226 1393 268 multitudinis
1414 226 1543 268 animi
1565 226 1615 267 ab
1637 225 1751 267 omni
1765 245 1784 271 4

147 281 187 312 Α·
211 282 249 312 C·
276 288 344 321 ι95·
358 291 512 324 conatu
552 298 758 324 novorum
798 284 1079 325 consiliorum.
1157 284 1275 326 Intra
1318 284 1573 325 munitiones
1613 283 1753 340 copias

359 341 615 389 continebat,
638 356 716 381 nec
747 356 889 396 parem
915 356 957 382 se
984 351 1108 391 ratus,
1131 342 1165 383 si
1191 342 1390 383 dimicare
1419 342 1506 383 acie
1529 341 1678 390 vellet3
1711 348 1754 382 et

360 399 506 440 urbem
527 398 777 454 relinquere,
796 407 881 440 tam
902 400 1112 456 suspensis
1129 409 1171 441 et
1188 400 1356 441 incertis
1377 399 1567 441 omnium
1588 398 1752 448 animis,

335 494 345 501 .
360 465 564 498 metuens.

212 523 279 561 28,
422 514 661 563 Quinctius,
685 514 783 555 satis
811 515 893 555 iam
922 515 1117 556 omnibus
1144 515 1309 571 paratis,
1332 515 1541 571 profectus
1565 514 1617 555 ab
1638 512 1754 554 stati-

359 572 433 622 vis,
456 572 525 613 die
547 571 677 613 altero
709 571 763 613 'ad
791 571 1006 613 Sellasiam
1028 588 1152 629 super
1176 572 1378 614 Oenunta
1404 572 1578 613 fluvium
1607 586 1754 628 perve-

359 630 445 671 nit:
479 645 564 685 quo
596 630 641 670 in
672 630 763 672 loco
793 630 1048 686 Antigonus,
1079 630 1366 672 Blacedonum
1396 646 1482 679 rex,
1506 645 1602 671 cum
1627 628 1754 670 Cleo-

360 703 498 737 mene,
521 687 955 729 Lacedaemoniorum
978 698 1170 745 tyranno,
1193 688 1320 745 signis
1351 687 1510 729 collatis
1535 687 1752 728 dimicasse

360 745 588 787 dicebatur.
649 745 770 795 Inde,
788 761 920 801 quum
942 746 1122 787 audisset
1144 761 1362 787 ascensum
1378 745 1556 786 difficilis
1578 753 1620 786 et
1641 753 1752 785 artae
1768 757 1784 789 5

360 803 450 844 viae
473 818 575 853 esse,
598 803 714 844 brevi
744 818 820 859 per
850 812 1013 845 montes
1038 804 1215 845 circuitu
1240 803 1488 860 praemissis,
1511 803 1585 859 qui
1616 802 1754 843 muni-

360 870 454 902 rent
475 861 597 910 viam,
619 861 703 902 lato
729 861 826 902 satis
855 870 897 902 et
924 862 1088 917 patenti
1115 861 1248 902 limite
1270 861 1325 902 ad
1347 861 1549 902 Eurotam
1571 875 1752 910 amnem,

360 919 437 959 sub
470 919 569 974 ipsis
605 934 735 975 prope
771 919 975 960 fluentem
1007 919 1239 968 moenibus,
1271 919 1484 975 pervenit:
1518 918 1592 959 ubi
1623 926 1755 959 castra

360 985 565 1017 metantes
599 976 814 1017 Romanos
851 976 1186 1032 Quinctiumque
1223 977 1374 1033 ipsum,
1412 991 1508 1017 cum
1542 975 1754 1031 equitibus

360 1042 486 1090 atque
518 1034 726 1090 expeditis
756 1050 1058 1090 praegressum,
1088 1034 1310 1076 auxiliares
1340 1033 1508 1091 tyranni
1539 1033 1687 1083 adorti,
1709 1033 1755 1073 in

360 1100 561 1133 terrorem
583 1107 630 1133 ac
652 1092 882 1133 tumultum
910 1093 1195 1142 coniecerunt,
1218 1092 1324 1133 nihil
1347 1092 1427 1133 tale
1450 1100 1753 1148 exspectantes,

360 1149 460 1205 quia
489 1164 614 1191 nemo
645 1150 710 1191 his
741 1150 887 1191 obvius
918 1159 1006 1191 toto
1035 1150 1185 1191 itinere
1216 1150 1364 1200 fuerat,
1387 1165 1433 1191 ac
1455 1149 1586 1190 veluti
1605 1157 1754 1205 pacato

150 1218 333 1250 Auxiliares
359 1222 459 1264 agro
481 1208 741 1249 transierant.
806 1207 1085 1264 Aliquamdiu
1111 1208 1324 1264 peditibus
1345 1208 1521 1264 equites,
1544 1206 1756 1262 equitibus

149 1261 319 1335 eiulsppm-
358 1265 522 1321 pedites
543 1266 801 1315 vocantibus,
825 1281 956 1321 quum
988 1266 1032 1306 in
1063 1281 1105 1307 se
1135 1266 1288 1322 cuique
1320 1266 1544 1306 minimum
1574 1264 1753 1305 fiduciae

148 1314 233 1380 ξὲῃῗ
248 1315 281 1336 ¹¹¹
297 1316 346 1336 ur-
360 1332 480 1372 esset,
503 1323 757 1379 trepidatum
779 1333 852 1365 est.
909 1323 1103 1364 Tandem
1125 1324 1244 1380 signa
1265 1323 1480 1379 legionum
1501 1337 1755 1378 supervene-

359 1390 479 1423 runt:
514 1390 569 1430 et,
592 1396 723 1437 quum
751 1381 877 1437 primi
905 1381 1082 1438 agminis
1110 1382 1302 1423 cohortes
1330 1381 1526 1422 inductae
1558 1380 1603 1420 in
1633 1395 1755 1436 proe-

359 1438 462 1479 lium
484 1447 635 1488 essent,
651 1439 724 1494 qui
746 1439 872 1480 modo
894 1439 1040 1480 terrori
1062 1439 1239 1488 fuerant,
1263 1438 1519 1495 trepidantes
1541 1438 1585 1478 in
1607 1437 1753 1478 urbem

359 1496 564 1552 compulsi
597 1505 706 1538 sunt.
771 1496 967 1546 Romani,
997 1512 1129 1552 quum
1161 1504 1325 1538 tantum
1359 1512 1383 1538 a
1414 1511 1534 1537 muro
1564 1495 1755 1536 recessis-

359 1563 465 1604 sent,
487 1562 535 1595 ut
556 1562 676 1595 extra
696 1554 827 1595 ictum
850 1554 922 1595 teli
943 1563 1093 1604 essent,
1117 1554 1204 1596 acie
1227 1554 1387 1595 directa
1417 1553 1642 1610 paullisper
1672 1563 1754 1593 ste-

360 1620 512 1653 terunt.
576 1611 807 1667 Postquam
836 1627 962 1653 nemo
990 1612 1173 1653 hostium
1199 1621 1343 1653 contra
1364 1612 1517 1661 exibat,
1539 1610 1756 1652 redierunt

360 1669 405 1710 in
427 1678 569 1710 castra.
632 1669 805 1710 Postero
828 1670 896 1711 die
923 1670 1149 1718 Quinctius
1169 1685 1299 1726 prope
1321 1670 1480 1710 flumen
1500 1677 1666 1725 praeter
1686 1683 1756 1709 ur-

359 1727 456 1768 bem
488 1727 564 1768 sub
592 1727 700 1783 ipsas
729 1727 934 1769 Menelaii
964 1728 1118 1768 montis
1148 1728 1308 1769 radices
1339 1727 1492 1768 ducere
1524 1726 1663 1782 copias
1690 1725 1787 1766 in-6

360 1793 534 1826 structas
565 1785 713 1841 pergit.
776 1785 942 1826 Primae
974 1785 1225 1841 legionariae
1259 1785 1450 1827 cohortes
1480 1785 1618 1825 ibant:
1653 1783 1755 1824 levis

360 1852 569 1883 armatura
589 1852 630 1883 et
652 1843 816 1898 equites
837 1858 988 1898 agmen
1010 1844 1227 1899 cogebant.
1291 1842 1425 1884 Nabis
1453 1842 1560 1883 intra
1587 1856 1754 1881 murum

360 1900 584 1941 instructos
614 1909 863 1956 paratosque
895 1901 971 1941 sub
997 1901 1126 1956 signis
1147 1901 1327 1942 habebat
1349 1899 1625 1941 mercenarios
1645 1898 1755 1939 mili-

361 1966 434 2007 tes,
453 1958 496 1998 in
518 1958 671 2014 quibus
693 1959 829 1999 omnis
850 1957 1006 1999 fiducia
1026 1967 1127 2008 erat,
1146 1968 1192 1999 ut
1213 1958 1263 1999 ab
1286 1968 1403 2014 tergo
1424 1957 1588 1998 hostem
1610 1971 1755 2012 aggre-

151 2028 339 2058 Iterumfu-
360 2015 541 2056 deretur.
604 2015 835 2071 Postquam
869 2024 1105 2057 extremum
1137 2031 1287 2072 agmen
1320 2015 1545 2072 praeteriit,
1579 2023 1668 2055 tum
1703 2013 1754 2055 ab

149 2075 273 2109 gantur.
359 2072 529 2129 oppido,
553 2072 701 2114 eodem
732 2088 816 2129 quo
844 2073 978 2129 pridie
1008 2083 1232 2130 eruperant
1262 2072 1457 2123 tumultu,
1485 2072 1675 2129 pluribus
1700 2071 1754 2112 si-

360 2130 447 2171 mul
480 2130 581 2171 locis
613 2140 851 2187 erumpunt.
916 2132 998 2187 Ap.
1022 2132 1227 2172 Claudius
1258 2146 1409 2187 agmen
1439 2131 1640 2186 cogebat:
1680 2129 1753 2185 qui

359 2188 412 2230 ad
441 2188 497 2237 id,
521 2188 636 2244 quod
662 2189 850 2229 futurum
883 2198 982 2238 erat,
1012 2205 1065 2230 ne
1097 2189 1362 2246 inopinatum
1394 2188 1613 2237 accideret,
1636 2202 1754 2243 prae-

359 2246 511 2301 paratis
532 2261 702 2287 suorum
734 2247 895 2296 animis,
919 2247 1037 2303 signa
1058 2247 1270 2303 extemplo
1292 2246 1509 2295 convertit,
1533 2253 1752 2299 totumque

360 2304 403 2344 in
439 2303 599 2345 hostem
637 2319 788 2359 agmen
817 2304 1073 2360 circumegit.
1138 2304 1300 2360 Itaque,
1333 2304 1447 2344 velut
1477 2312 1613 2344 rectae
1645 2301 1784 2346 acies7

359 2362 678 2410 concurrissent,
701 2362 858 2402 iustum
886 2361 1145 2417 aliquamdiu
1177 2362 1383 2418 proelium
1404 2361 1493 2401 suit.
1558 2359 1752 2400 Tandem

362 2418 540 2459 Nabidis
572 2419 724 2460 milites
761 2420 804 2459 in
836 2419 978 2475 fugam
1013 2419 1288 2460 inclinarunt:
1323 2434 1430 2474 quae
1458 2418 1595 2458 minus
1622 2416 1786 2457 infidas

360 2491 406 2516 ac
439 2476 602 2531 trepida
634 2477 792 2526 fuisset,
825 2477 868 2517 ui
907 2477 1069 2518 Achaei
1102 2476 1288 2517 locorum
1322 2475 1550 2532 prudentes
1581 2474 1753 2515 institis-

403 2618 421 2644 4
440 2607 727 2643 Abomnicmzatn]
745 2607 867 2636 Rarum
883 2606 1032 2644 loquendi
1079 2606 1167 2635 (lavit
1189 2605 1347 2643 Sigonius,
1364 2605 1485 2644 quippe
1507 2606 1546 2635 ad
1569 2604 1660 2634 collis
1681 2605 1751 2635 Me-

358 2658 458 2687 gcnus
476 2658 531 2686 pro
545 2650 787 2687 obstupuerant,
798 2648 843 2678 ita
856 2652 889 2678 ut
904 2648 1032 2678 desiste·
1079 2648 1174 2678 nelaii
1187 2648 1325 2678 radicem
1338 2648 1472 2677 fluvium
1486 2648 1641 2677 Eurotam
1654 2647 1752 2678 fluere

359 2695 429 2720 rent
445 2692 483 2720 ab
500 2692 584 2720 amni
601 2696 726 2721 sonam.
752 2691 878 2721 Riscn.
1078 2690 1166 2720 testis
1182 2695 1227 2720 cst
1248 2690 1403 2730 Polybius
1422 2702 1447 2720 v.
1469 2700 1516 2720 23.

403 2743 419 2771 5
443 2734 617 2763 Ascensum
636 2735 774 2771 difficilis
795 2738 825 2763 et
846 2737 938 2763 artae
963 2734 1032 2763 viae
1124 2741 1138 2771 7
1172 2734 1260 2763 Velut
1279 2738 1381 2763 ivetae
1397 2734 1497 2770 aries]
1526 2733 1631 2763 Recta
1646 2732 1750 2762 fronte

358 2776 439 2813 esse]
469 2777 662 2806 Dea-censum
692 2776 830 2814 reposuit
864 2775 1030 2805 Bckkcrus
1076 2775 1132 2805 sibi
1150 2775 1287 2805 invicem
1304 2775 1481 2814 oppositae.

359 2818 428 2848 cod.
447 2818 594 2857 Mogunt.
613 2819 720 2848 fretus.
1118 2818 1136 2847 S
1161 2819 1277 2847 Minus
1303 2819 1421 2857 infida]
1462 2819 1533 2847 Vox
1560 2818 1659 2856 infida
1684 2826 1749 2846 sus-

400 2859 419 2889 6
443 2861 740 2897 fllenelaiimnntis]
766 2860 852 2890 Olim
866 2861 1030 2898 legebatur
1077 2863 1168 2899 pecta
1182 2865 1237 2890 ost.
1278 2861 1393 2899 Eff'usa
1408 2860 1541 2890 coniecit
1557 2858 1749 2891 Gronovius,

360 2904 504 2934 Maenali
526 2904 648 2937 montis,
664 2904 717 2932 sod
742 2904 898 2933 Alc-nclm'i
921 2913 1026 2933 ciucu-
1076 2904 1223 2942 impe-dila
1244 2903 1394 2941 flooring.
