1960 3218
116 245 161 277 U.
178 245 217 276 C.
239 252 311 285 555.

115 290 155 320 A.
180 288 219 320 C.
244 295 315 329 197.

120 825 297 862 Quinctius

117 870 159 899 ad
179 870 303 909 Philip-

117 921 197 951 pum
215 922 288 943 con-

118 954 232 986 tendit.

117 1744 297 1784 Copiarum

118 1788 281 1826 utrimque

118 1840 281 1862 numerus,

321 150 375 189 88
834 145 985 189 TITI
1027 145 1209 188 LIVII

325 236 428 279 tidie
454 236 599 287 milite,
621 236 787 278 hostem
815 237 1122 294 opperiebatur.
1186 237 1243 279 Et
1274 236 1502 286 Quinctius
1528 250 1604 292 per
1629 250 1722 277 eos-

327 294 424 336 dem
445 295 575 336 ferme
603 294 706 344 dies,
728 295 780 336 ab
809 294 947 336 Elatia
973 295 1196 352 profectus,
1219 303 1385 352 praeter
1413 293 1649 335 Thronium
1677 302 1721 334 et

331 352 583 409 Scarpheam
601 352 655 394 ad
672 352 980 410 Thermopylas
1000 353 1204 409 pervenit.
1266 352 1331 394 Ibi
1347 351 1571 393 concilium
1589 350 1722 392 Aeto·
1735 369 1752 391 2

326 410 477 460 lorum,
502 410 751 452 Heracleam
772 410 994 461 indictum,
1017 411 1166 460 tenuit,
1190 410 1531 459 consultantium,
1554 407 1722 465 quantis

327 468 492 510 auxiliis
516 468 757 509 Romanum
775 468 827 508 ad
848 468 1005 509 bellum
1028 478 1314 524 sequerentur.
1380 466 1574 522 Cognitis
1589 465 1723 507 socio-

328 541 421 567 rum
444 526 636 574 decretis,
660 526 782 566 tertio
804 526 872 567 die
890 526 940 567 ab
964 525 1172 567 Heraclea
1193 525 1357 583 Xynias
1378 538 1654 581 praegressus,
1677 523 1723 564 in

329 583 512 624 confinio
536 583 779 624 Aenianum
797 583 1179 640 Thessalorumque
1197 584 1340 640 positis
1357 583 1513 632 castris,
1530 581 1724 623 Aetolica

329 641 485 682 auxilia
505 641 810 696 opperiebatur.
875 641 996 684 Nihil
1018 642 1163 682 morati
1189 641 1334 682 Aetoli
1355 649 1463 681 sunt.
1526 640 1725 681 Phaenea

330 698 436 740 duce
452 698 637 740 sexcenti
653 699 817 755 pedites
834 714 929 740 cum
945 699 1157 755 equitibus
1171 698 1489 755 quadringentis
1501 705 1720 739 venerunt.
1735 703 1754 734 3

331 756 400 797 Ne
432 756 608 797 dubium
639 765 758 806 esset,
786 757 890 813 quid
921 766 1213 814 exspectasset,
1243 756 1462 798 confestim
1497 754 1725 804 Quinctius

330 814 460 855 movit
477 823 618 855 castra.
673 814 950 871 Transgresso
967 815 1010 856 in
1033 815 1321 856 Phthioticum
1339 828 1485 870 agrum
1502 811 1724 869 quingenti

333 871 532 928 Gortynii
557 872 839 922 Cretensium,
858 873 965 914 duce
990 871 1201 929 Cydante,
1219 880 1262 913 et
1283 871 1459 913 trecenti
1477 869 1756 927 Apollonia-4

330 939 410 979 tae,
432 929 546 970 haud
568 930 721 986 dispari
739 938 912 979 armatu,
928 945 971 971 se
993 930 1275 971 coniunxere:
1309 944 1388 970 nec
1408 929 1466 970 ita
1481 927 1614 969 multo
1630 935 1725 983 post

329 987 611 1043 Amynander
638 1002 735 1028 cum
766 987 1057 1029 Athamanum
1087 987 1279 1043 pediturn
1307 986 1500 1027 ducentis
1524 993 1568 1027 et
1596 984 1722 1026 mille.

328 1044 565 1101 Philippus,
602 1045 770 1101 cognita
798 1045 1058 1102 profectione
1090 1046 1142 1086 ab
1174 1044 1314 1086 Elatia
1345 1044 1648 1092 Romanorum,
1678 1050 1727 1084 ut

329 1102 398 1144 cui
420 1102 472 1144 de
495 1118 658 1144 summa
678 1118 818 1147 rerum
839 1103 1004 1145 adesset
1024 1112 1250 1152 certamen,
1269 1100 1552 1143 adhortandos
1573 1100 1726 1141 milites

328 1168 454 1209 ramS‚
484 1160 616 1201 multa
642 1161 726 1201 iam
757 1176 880 1217 saepe
908 1169 1139 1202 memorata
1169 1160 1222 1201 de
1253 1160 1456 1201 maiorum
1489 1158 1724 1207 virtutibus,

329 1217 454 1258 simul
475 1218 528 1259 de
550 1218 720 1259 militari
740 1218 864 1260 laude
895 1218 1196 1267 Macedonum,
1219 1233 1351 1274 quum
1377 1216 1649 1265 disseruisset,
1671 1213 1725 1256 ad

330 1291 391 1325 ea,
415 1291 522 1331 quae
546 1284 635 1317 tum
657 1277 839 1320 maxime
861 1276 1022 1322 animos
1045 1276 1268 1325 terrebant,
1286 1275 1524 1331 quibusque
1546 1273 1650 1329 erigi
1671 1271 1755 1316 ad5

331 1333 513 1389 aliquam
536 1349 653 1389 spem
675 1343 882 1390 poterant,
905 1334 1031 1375 venit.
1094 1334 1309 1389 Acceptae
1326 1332 1380 1374 ad
1401 1332 1545 1373 Aoum
1565 1331 1726 1371 flumen

330 1391 374 1431 in
398 1391 599 1447 angustiis
615 1391 723 1432 eladi
740 1400 804 1433 ter
819 1407 843 1432 a
865 1390 1152 1434 Macedonum
1174 1391 1381 1447 phalange
1399 1389 1452 1430 ad
1467 1389 1667 1430 Atracem
1683 1387 1724 1428 vi
1737 1395 1757 1428 6

329 1447 471 1504 pulsos
501 1448 717 1490 Romanos
748 1449 1010 1505 opponebat:
1047 1454 1113 1490 ‘et
1143 1448 1228 1490 illic
1260 1457 1414 1497 tamen,
1447 1446 1519 1488 ubi
1550 1446 1727 1487 insessas

332 1512 342 1529 ‘
355 1506 497 1547 fauces
520 1506 639 1562 Epiri
660 1522 748 1548 non
769 1506 1015 1556 tenuissent,
1038 1506 1215 1563 primam
1237 1505 1405 1562 culpam
1425 1504 1550 1546 fuisse
1565 1517 1724 1552 eorum,

331 1563 433 1619 ‘qui
464 1563 728 1620 negligenter
758 1564 967 1607 custodias
994 1572 1246 1605 servassent:
1290 1563 1531 1611 secundam,
1561 1561 1605 1602 in
1635 1560 1726 1617 ipso

331 1626 342 1645 ‘
359 1622 600 1671 certamine,
633 1621 736 1664 levis
777 1630 1010 1663 armaturae
1051 1621 1488 1676 mercenariorumque
1529 1618 1723 1660 militum.

331 1685 341 1702 ‘
356 1678 643 1720 Macedonum
657 1694 755 1720 vero
772 1679 1024 1736 phalangem
1041 1687 1084 1720 et
1106 1688 1206 1720 tunc
1223 1679 1396 1728 stetisse,
1414 1687 1457 1719 et
1477 1678 1569 1718 loco
1590 1690 1726 1732 aequo

331 1736 551 1792 ‘iustaque
580 1752 724 1793 pugna
753 1752 918 1793 semper
942 1752 1179 1779 mansuram
1205 1736 1430 1777 invictam.’
1489 1734 1652 1775 Decem
1683 1741 1727 1774 et

329 1809 403 1835 sex
425 1794 556 1835 millia
576 1794 758 1835 militum
780 1795 883 1836 haec
904 1794 1034 1843 fuere,
1057 1794 1185 1835 robur
1209 1809 1333 1836 omne
1355 1793 1506 1834 virium
1528 1800 1571 1833 et
1591 1790 1722 1846 regni.

330 1851 404 1891 Ad
435 1851 514 1892 hoe
543 1852 628 1894 duo
657 1852 788 1893 millia
818 1860 1110 1900 caetratorum,
1137 1866 1242 1907 quos
1273 1850 1467 1907 peltastas
1498 1848 1723 1905 appellant,
1741 1866 1758 1899 7

331 1908 630 1964 Thracumque
663 1917 705 1950 et
736 1908 976 1965 Illyriorum
1007 1908 1180 1964 (Trallis
1211 1917 1274 1950 est
1300 1923 1456 1949 nomen
1486 1906 1624 1963 genti)
1650 1921 1758 1962 parg

330 1981 531 2008 numerus
561 1967 661 2010 bina
691 1966 822 2010 millia
851 1974 982 2016 erant,
1013 1974 1055 2008 et
1080 1966 1202 2006 mixti
1230 1981 1284 2007 ex
1310 1965 1500 2022 pluribus
1530 1963 1726 2020 gentibus

331 2024 525 2065 mercede
560 2023 759 2065 conducti
790 2024 1011 2065 auxiliares
1042 2023 1155 2064 mille
1186 2023 1315 2064 ferme
1348 2032 1390 2064 et
1420 2021 1656 2079 quingenti,
1684 2029 1729 2062 et

331 2081 417 2122 duo
439 2081 568 2123 millia
594 2082 799 2138 equitum.
866 2081 978 2123 Cum
1008 2081 1057 2122 iis
1085 2081 1216 2137 copiis
1240 2096 1314 2122 rex
1342 2081 1507 2121 hostem
1535 2078 1728 2135 opperie—

330 2139 463 2180 batur.
529 2139 733 2180 Romanis
753 2139 883 2180 ferme
905 2154 981 2195 par
1005 2154 1206 2180 numerus
1231 2146 1342 2180 erat:
1376 2138 1569 2194 equitum
1597 2135 1728 2193 copiis

331 2205 510 2247 tantum,
533 2197 649 2252 quod
671 2196 817 2238 Aetoli
838 2205 1110 2246 accesserant,
1133 2197 1396 2252 superabant.

377 2362 394 2382 2
419 2354 471 2383 Ibi
493 2353 661 2384 concilium
681 2354 866 2385 Aetolorum
890 2376 897 2384 .
916 2377 923 2384 .
944 2375 951 2383 .
968 2358 1009 2385 te·
1056 2352 1282 2384 emendatione
1308 2350 1447 2384 Iacobsii
1472 2349 1614 2390 reposuit
1641 2348 1728 2379 Bek-

332 2396 423 2432 mtit]
459 2396 580 2426 Tenuit
605 2397 810 2434 Quinctium,
834 2406 956 2427 moram
980 2396 1009 2426 ei
1055 2396 1121 2426 ker.

334 2437 477 2475 aliquam
494 2438 613 2469 attulit.
639 2439 745 2471 Cussv.

379 2488 396 2517 3
420 2482 567 2511 Sem-enti
581 2482 720 2520 pedites]
746 2482 893 2512 Sarcentz‘
907 2481 1009 2511 codex

336 2521 701 2562 Ban11›e1·g0nsis,qucm
721 2524 861 2554 Bckker.
885 2524 1007 2563 probat.

336 2565 411 2596 Duo
421 2566 522 2595 'millia
533 2566 671 2595 coniecit
682 2567 905 2605 Quaerengus.
949 2566 1009 2597 Ce-

336 2612 440 2635 terum
455 2607 648 2637 Plutarchus
659 2609 848 2640 Aetolorum
864 2608 1009 2647 peditum

337 2658 391 2678 sex
415 2649 518 2679 millia
538 2650 634 2681 fuisse
650 2650 684 2681 iu
701 2650 849 2686 Quinctii
868 2650 1010 2681 exercitu

337 2690 455 2724 scribit.

381 2744 399 2770 4
426 2735 570 2764 Trecenti
592 2736 830 2773 Apolloniatae,
846 2736 936 2765 llaml
950 2736 1009 2765 dis—

334 2777 412 2814 pari
432 2776 579 2815 armata]
611 2777 739 2809 Leviter
759 2777 873 2807 armati
895 2778 1008 2807 codem

338 2817 403 2847 fcrc
423 2828 583 2848 armorum
606 2830 732 2858 genere,
754 2830 817 2859 quo
840 2821 1010 2851 Cretenses

338 2859 391 2898 qui
409 2861 506 2890 modo
521 2861 678 2901 appellati
696 2866 778 2893 sunt.
803 2862 909 2896 Culev,

383 2911 398 2940 5
424 2904 557 2933 Animos
577 2906 755 2942 terrebant]
788 2906 949 2935 'I'enebant
970 2914 1009 2934 cx

1097 2437 1116 2469 6
1143 2440 1204 2471 Ter
1235 2449 1255 2468 a
1293 2437 1507 2470 stlat-edanum
1542 2435 1725 2474 phalam-oe]

1056 2481 1110 2511 Ita
1136 2479 1321 2510 emendavit
1348 2478 1532 2509 Gronovius
1559 2487 1616 2516 pro
1642 2476 1727 2516 vulg.

1054 2525 1167 2554 territa
1180 2523 1393 2553 Alacedonum
1404 2522 1578 2562 plzalanye.
1595 2519 1634 2549 cf.
1642 2529 1728 2558 supr.

1053 2565 1155 2598 xxxii.
1176 2572 1222 2603 17.

1101 2616 1116 2647 7
1152 2610 1237 2644 Quos
1270 2608 1426 2646 peltastas
1462 2605 1646 2644 appellant]
1687 2603 1727 2637 cf,

1056 2650 1150 2689 Supr.
1168 2649 1276 2681 xxviii.
1295 2658 1322 2687 5.

1098 2694 1116 2724 S
1143 2693 1364 2731 Thracumque
1376 2695 1405 2721 el
1418 2692 1602 2729 Illyriorum
1618 2712 1624 2720 .
1643 2712 1649 2721 .
1664 2699 1729 2727 par

1055 2745 1208 2765 numerus
1231 2735 1305 2763 bina
1328 2734 1444 2770 millia]
1477 2733 1630 2768 Thraces,
1648 2731 1727 2770 Illy-

1055 2777 1156 2816 riique
1183 2776 1297 2811 Tralli,
1323 2776 1390 2817 pari
1415 2775 1498 2805 iuter
1524 2785 1556 2805 sc
1582 2783 1728 2810 numero,

1055 2820 1119 2849 duo
1142 2829 1261 2859 nempe
1285 2818 1389 2851 millia
1415 2818 1569 2861 cuiusque
1593 2814 1727 2857 generis,

1055 2862 1161 2895 Cussv.
